2002 3372
886 217 970 260 133

116 343 184 384 est
223 338 443 383 lenissima
483 338 738 382 emendatiO.
784 337 840 381 Et
882 339 1057 382 videtur
1100 340 1313 384 eiusmodi
1353 340 1564 383 librorum
1601 340 1728 384 Αἷτια

115 409 371 468 legitimum
401 409 718 467 quodammodo
750 423 840 452 esse
872 424 1041 463 nomen,
1074 412 1187 468 quod
1219 412 1322 468 quid
1355 412 1438 455 sibi
1471 411 1580 456 velit
1611 414 1728 469 ipsae

29 517 34 548 t
115 481 196 526 hae
227 481 485 536 Quaestionee
512 482 718 524 Romanae
744 480 986 525 luculenter
1013 482 1180 526 docent.
1214 482 1278 526 De
1305 483 1373 526 his
1401 484 1516 526 enim
1534 484 1727 540 primum

18 565 30 617 ,ξ
106 552 351 610 ··separatim
382 552 603 610 agendum
634 551 821 595 videtur.

174 624 224 668 In
265 624 385 676 Vitis,
428 638 515 668 non
555 638 681 681 saepe
724 623 898 680 quidem
943 624 1016 668 sed
1060 629 1203 668 tamen
1236 626 1314 677 bis,
1353 625 1612 679 Quaestionem
1643 627 1726 668 Bo-

115 710 257 738 manae
287 697 488 739 citantur.
518 694 634 752 Ergo
667 696 717 747 si,
752 695 796 737 id
826 695 939 751 quod
973 697 1065 738 veri
1095 695 1372 738 simillimum
1405 701 1483 748 est,
1512 696 1647 754 usque
1673 697 1723 740 ad

111 770 280 810 certum
304 765 536 824 rquoddam
580 764 734 809 aetatis
773 779 876 809 suae
908 770 1082 822 tempus
1116 766 1378 810 Plutarchus
1413 767 1724 824 disputationes

109 835 211 881 illas
238 839 423 895 scripsit,
452 851 559 895 quas
586 839 808 880 communi
836 837 1060 879 Moralium
1088 840 1262 881 nomine
1288 837 1502 895 appellare
1518 839 1722 891 solemus,

111 909 264 953 deinde
307 923 353 953 se
395 909 448 952 ad
491 909 607 952 Vitas
638 908 880 952 scribendas
913 908 1098 952 contulit
1132 935 1188 941 —-
1223 924 1292 953 eas
1324 914 1471 953 autem
1503 916 1569 954 sat
1601 911 1723 954 brevi

111 983 304 1038 tempore
335 981 388 1024 ab
423 994 472 1023 eo
504 994 595 1024 esse
626 980 834 1037 perfectas
866 979 962 1024 luce
996 980 1153 1024 clarius
1185 987 1362 1038 apparet
1384 982 1415 1035 ¹)
1449 1007 1505 1014 —
1540 982 1722 1025 Moralia

108 1057 209 1096 ante
251 1052 366 1095 Vitae
395 1053 653 1109 composuit.
687 1051 808 1105 Quod
839 1054 901 1095 ita
933 1066 1024 1095 esse
1057 1053 1207 1109 quidni
1239 1052 1439 1096 lubenter
1469 1052 1722 1096 credamus?

29 1131 32 1134 ’
110 1122 224 1176 Quid
255 1122 367 1166 Vitis
399 1121 501 1175 illis,
546 1123 659 1180 quod
692 1123 868 1179 quidem
902 1123 954 1166 ad
986 1123 1197 1167 scribendi
1229 1128 1365 1167 artem
1399 1126 1599 1181 pertinet,
1633 1139 1722 1181 per-

108 1192 292 1238 fectius?
315 1193 559 1252 Egregium
586 1195 656 1238 hic
681 1196 896 1237 cernimus
923 1194 1130 1238 artificem
1157 1196 1231 1251 qui
1258 1209 1366 1252 quae
1393 1194 1497 1238 olim
1524 1210 1717 1238 sermone

109 1266 330 1322 incompto
361 1264 616 1322 plerumque
649 1266 798 1317 docuit,
831 1279 943 1308 nunc
970 1267 1015 1308 in
1042 1265 1270 1322 praeclaris
1296 1267 1516 1320 spectanda
1543 1266 1717 1310 exhibet

112 1336 284 1381 tabulis.
317 1336 399 1380 Sed
431 1336 537 1380 haec
569 1337 797 1390 hactenus;
831 1351 932 1380 nam
965 1337 1078 1393 quod
1110 1350 1218 1394 quae
1250 1336 1301 1380 de
1320 1337 1539 1394 fure-{fero
1565 1336 1716 1394 legun-

109 1413 184 1452 tur
214 1409 264 1462 Q.
293 1408 344 1452 R.
373 1407 512 1452 280E
544 1410 675 1451 etiam
704 1408 932 1451 traduntur
957 1407 1111 1452 Coriol.
1140 1408 1213 1460 24,
1241 1407 1415 1451 nullum
1444 1408 1528 1451 duo
1556 1408 1604 1451 hi
1630 1408 1715 1452 loci

25 1493 26 1496 ’
105 1480 312 1536 praebent
341 1480 552 1524 indicium
584 1480 697 1523 unde
729 1483 827 1523 uter
857 1481 976 1537 prius
1009 1481 1194 1536 scriptus
1226 1481 1283 1522 sit
1314 1483 1529 1536 appareat.

165 1550 326 1595 'l'amen
356 1551 428 1595 hic
458 1565 627 1608 quoque
659 1550 848 1602 libellus,
881 1555 932 1594 ut
963 1550 1155 1608 plerique
1188 1565 1337 1594 eorum
1369 1552 1444 1608 qui
1475 1550 1712 1594 Moralium

105 1621 527 1680 comprehenduntur
557 1621 867 1673 voluminibus,
901 1636 925 1664 a
956 1621 1111 1665 seniore
1139 1623 1228 1665 iam
1261 1621 1493 1665 Plutarcho
1525 1623 1711 1678 scriptus

21 1726 26 1741 2
105 1698 170 1737 est
200 1693 439 1751 editusque.
478 1691 660 1750 Aliquot
690 1695 779 1736 iam
811 1707 943 1736 annos
975 1696 1071 1750 post
1102 1692 1344 1736 Domitiani
1374 1697 1562 1736 mortem
1596 1707 1712 1750 prae-

22 1807 25 1808 .
104 1766 272 1809 teriisse
304 1765 476 1818 diserte,
509 1766 547 1808 si
579 1765 683 1822 quid
715 1764 854 1816 video,
887 1765 958 1808 hic
991 1768 1176 1808 testatur
1206 1764 1327 1808 locus
1359 1764 1556 1819 (276E):

162 1837 244 1880 οὐδ’
291 1837 627 1889 ἀποπέμψασθαι
672 1837 763 1890 (τὴν
805 1841 1008 1889 γυναῖκα)
1051 1837 1239 1889 πρότερον
1283 1835 1376 1886 ἐξῆν
1423 1841 1501 1890 (sc.
1544 1836 1711 1880 flamini

104 1906 252 1962 Diali),
287 1908 376 1951 οὐδὲ
409 1910 476 1950 νῦν
507 1908 565 1954 ὥς
595 1905 768 1950 ’ἔοικεν
803 1906 975 1959 ἔξεστιν,
1009 1909 1110 1951 ἀλλ’
1143 1909 1214 1960 ἐφ’
1249 1909 1361 1959 ἡμῶν
1396 1907 1620 1960 ἐπέτρεψεν
1655 1911 1711 1950 ἐν·

103 1979 294 2033 τευχθεὶς
331 1978 603 2030 Δομετιανός.

101 2052 133 2095 i.
150 2065 187 2095 e.
232 2051 413 2095 memini
454 2050 535 2094 hoc
579 2049 714 2094 semel
755 2050 922 2094 flamini
963 2051 1127 2108 petenti
1161 2051 1406 2107 permisisse
1432 2050 1610 2105 priorem
1641 2051 1711 2093 im-

101 2127 323 2178 peratorem
363 2122 679 2173 Domitianum,
725 2136 836 2166 nunc
879 2136 963 2179 quo
1006 2121 1133 2165 modo
1177 2136 1225 2165 ea
1267 2135 1332 2165 res
1365 2136 1409 2164 se
1440 2121 1608 2174 habeat,
1640 2122 1712 2179 qui

102 2193 176 2238 diu
208 2194 356 2237 Romae
386 2208 466 2236 non
489 2193 664 2250 fuerim,
696 2207 772 2250 pro
804 2197 918 2236 certo
951 2193 1163 2237 affirmare
1196 2207 1279 2236 non
1311 2207 1501 2250 possum.

162 2264 222 2308 Et
246 2266 433 2322 scriptus
459 2268 524 2308 est
552 2263 916 2309 Ghaeronensium
942 2268 1266 2321 ceterorumque
1293 2265 1531 2307 Graecorum
1559 2279 1710 2308 causa:

165 2334 305 2380 2671)
342 2335 400 2379 διὸ
433 2336 501 2378 καὶ
537 2337 634 2389 παρ’
668 2337 765 2386 ἡμῖν
804 2336 843 2377 ἐν
877 2337 1101 2390 Χαιρωνεία
1134 2335 1208 2388 πρὸ
1242 2339 1312 2378 τοῦ
1346 2339 1469 2385 σηκοῦ
1503 2341 1575 2384 τῆς
1609 2344 1713 2380 Λευ-

109 2406 254 2455 κοθέας
295 2407 314 2450 ὃ
357 2406 541 2459 νεωκόρος
584 2406 729 2458 λαβὼν
770 2407 969 2458 μάστιγα
1013 2406 1204 2460 κηρύσσει
1252 2407 1339 2458 „5⁴³1
1374 2405 1512 2449 δοῦλον
1545 2407 1712 2450 εἰσιέναι

108 2479 169 2530 μὴ
202 2477 398 2522 &enam

170 2548 311 2595 271D
342 2550 413 2592 καὶ
447 2549 532 2602 γὰρ
567 2550 664 2600 παρ’
699 2549 796 2598 ἡμῖν
829 2549 868 2590 ἐν
902 2549 1073 2604 Βοιωτία
1108 2548 1250 2591 κοὶουσι
1284 2550 1358 2600 πρὸ
1391 2552 1464 2596 τῆς
1495 2548 1616 2601 θύρας
1645 2550 1714 2593 τὸν

109 2619 238 2671 ἄξονα
270 2624 343 2669 τῆς
375 2620 545 2672 ἁμάξης
576 2623 745 2673 (currus
771 2633 855 2676 quo
882 2623 1004 2663 vecta
1033 2624 1097 2663 est
1123 2633 1279 2676 sponsa
1305 2619 1358 2662 ad
1386 2621 1531 2662 mariti
1558 2619 1713 2673 aedes),

111 2692 384 2744 ἐμφαίνοντες
413 2691 494 2734 δεῖν
523 2693 595 2739 τὴν
626 2691 792 2743 νύμφην
821 2690 1011 2742 ἐμμένειν
1039 2693 1090 2738 ὡς
1110 2690 1358 2745 ἀνῃρημένου
1377 2693 1447 2732 τοῦ
1465 2691 1713 2743 ἀπάξοντος.

173 2763 351 2815 Parum,
392 2766 443 2806 ut
469 2764 649 2819 (opinor,
682 2762 866 2806 Romani
897 2766 1102 2806 curarunt
1133 2762 1431 2806 Boeoticarum
1462 2764 1714 2819 nuptiarum

111 2835 385 2887 ceremonias,
412 2833 571 2878 nedum
600 2833 964 2879 Chaeronensium
992 2835 1183 2878 curarint
1208 2831 1416 2876 formulas
1437 2834 1483 2876 in
1499 2834 1715 2878 recondita

116 2988 118 2990 ¹
134 2987 198 3044 21)
219 2999 280 3032 Sed
299 2999 445 3043 quamvis
464 2999 507 3032 eit
526 2998 595 3032 luce
615 2998 743 3038 clarius,
755 2997 813 3031 sub
825 2999 920 3031 finem
933 2998 1065 3031 huiusce
1077 2997 1210 3042 capituli
1223 2997 1442 3030 demonstrare
1455 2997 1592 3030 conabor
1603 2998 1714 3033 etiam.
