2002 3372
1114 198 1172 242 40

357 321 584 372 παρασίτου
616 322 699 374 γὰρ
732 322 748 362 ὁ
781 324 955 367 τοιοῦτος
987 320 1207 369 εἰκονισμός
1242 321 1325 362 ἐστι

656 395 731 432 τῶν
764 391 850 442 περὶ
884 391 1061 441 τάγηνον
1097 390 1163 432 καὶ
1197 393 1291 441 μετ’
1324 390 1484 441 ἄριστον
1515 389 1649 441 Φίλων

357 462 406 508 ὥς
440 460 619 508 Εὔπολίς
655 466 792 512 φησιν.

418 530 627 587 Corrupta
670 532 815 582 verba,
857 530 928 573 sed
971 530 1040 574 vel
1080 532 1139 574 sic
1184 530 1403 574 Plutarchi
1435 533 1611 586 apparet
1639 503 1928 573 ratiocinatio:

360 606 527 652 „errant
568 604 641 657 qui
679 615 829 644 versus
870 601 967 643 illos
998 601 1047 644 de
1079 615 1225 644 cancro
1257 601 1310 643 ad
1341 601 1588 642 adulatorem
1617 599 1928 659 designandum
1977 651 1979 653 ι

358 672 579 724 adhibent;
629 671 891 714 confundunt
934 673 1048 714 enim
1093 670 1204 714 inter
1245 685 1288 714 se
1329 671 1573 713 adulatorem
1612 675 1656 714 et
1688 669 1929 725 patmum,

358 756 536 798 quorum
569 742 638 784 hic
669 742 779 784 solas
810 741 955 798 epulas
985 747 1139 804 captat,
1172 741 1246 784 ille
1280 741 1418 784 multo
1450 743 1589 798 magis
1620 745 1685 784 est
1714 742 1858 785 varius
1889 746 1933 784 et

358 812 631 867 multiplex''.
675 813 777 864 Quis
819 817 961 855 autem
1010 827 1120 854 error
1158 815 1202 855 in
1241 812 1380 855 verbis
1422 811 1609 863 Graecis,
1651 825 1756 869 quae
1787 813 1931 864 citavi,

359 881 595 926 refellitur?
634 883 790 926 Nullus
821 887 870 925 111
901 885 1063 939 opinor,
1097 897 1193 925 nam
1228 882 1271 926 et
1302 885 1376 939 qui
1406 883 1483 926 hos
1514 897 1662 926 versus
1693 881 1842 927 attulit
1872 881 1937 925 di-

359 956 470 997 citur
494 954 739 996 adulatorem
766 958 906 996 totum
933 967 1021 996 esse
1045 958 1240 996 *ventrem
1266 967 1443 1010 negasse
1459 957 1502 996 et
1517 958 1646 1010 negat
1663 952 1934 1004 Plutia-ohne,
2000 972 2002 979 ,

360 1027 432 1080 qui
458 1040 539 1067 non
566 1027 609 1067 in
637 1024 900 1067 adulatorem
925 1025 996 1066 sed
1020 1026 1063 1066 in
1091 1026 1324 1080 parasitum
1350 1028 1393 1066 et
1419 1038 1501 1075 eos,
1531 1023 1660 1080 „qui”
1684 1023 1934 1077 (seeundum

361 1095 579 1150 Eupolim)
607 1100 735 1145 „sunt
761 1097 887 1138 amici
914 1094 1079 1150 prandii
1105 1099 1147 1137 et
1174 1094 1426 1151 sartaginis’'
1454 1093 1578 1138 illam
1604 1094 1808 1150 quadrare
1833 1107 1932 1137 cum

361 1179 506 1208 cancro
548 1165 762 1208 contendit
804 1167 1173 1221 comparationem.
1217 1164 1299 1207 Sed
1341 1166 1498 1208 erravit
1529 1166 1603 1221 qui
1633 1164 1743 1208 dixit
1771 1165 1935 1208 iambos

360 1235 459 1278 illos
486 1237 538 1286 τῷ
570 1236 713 1277 κόλακι
741 1239 903 1285 μᾶλλον
931 1237 952 1285 ἢ
972 1238 1026 1285 τῷ
1045 1236 1212 1286 καρκίνῳ
1231 1236 1457 1286 προσήκειν,
1476 1239 1602 1291 atque
1618 1236 1678 1278 sio
1693 1233 1934 1292 legendum.

362 1307 472 1349 Nam
505 1308 564 1348 sic
595 1321 694 1348 eum
726 1307 883 1349 refutat
914 1305 1193 1348 Plutarchus:
1231 1321 1340 1357 „nou
1371 1307 1416 1348 in
1447 1306 1691 1348 adulatorem
1721 1303 1937 1358 (adulandi

363 1376 584 1430 artificem)
625 1377 697 1419 sed
737 1379 780 1419 111
823 1376 990 1419 edacem
1025 1377 1265 1430 parasitum,
1307 1377 1538 1429 hominem,
1574 1379 1722 1432 utpote
1752 1373 1936 1419 stultum

364 1447 662 1503 stolidumque,
706 1447 843 1489 multo
875 1449 1016 1490 minus
1050 1447 1325 1490 metuendum
1358 1461 1505 1489 versus
1535 1448 1610 1489 isti
1639 1445 1936 1491 conveniunt'’.

365 1518 478 1571 Quae
500 1532 596 1560 cum
621 1532 713 1574 ego,
737 1532 780 1560 re
803 1518 876 1560 diu
891 1519 1114 1573 pensitam,
1133 1519 1296 1573 primus
1314 1517 1422 1559 mihi
1437 1522 1662 1573 exputasse
1678 1516 1863 1560 viderer.
1878 1547 1888 1560 .
1903 1547 1913 1559 .
1928 1547 1938 1560 .

365 1591 424 1631 sic
466 1592 508 1630 et
550 1602 573 1630 a
616 1587 942 1644 Wyttenbachio
983 1592 1024 1630 et
1066 1589 1109 1629 in
1154 1587 1378 1630 Didotiana
1418 1587 1507 1644 legi
1548 1587 1650 1630 vidi.
1683 1586 1806 1631 Nunc
1835 1600 1937 1643 ergo

365 1662 454 1701 tota
487 1672 581 1701 mea
611 1658 842 1714 disputatio
875 1659 1092 1714 antiquam
1123 1657 1349 1701 lectionem
1380 1658 1492 1700 haud
1518 1659 1675 1713 inepte,
1704 1660 1750 1700 ut
1776 1658 1936 1714 opinor,

366 1729 564 1771 defendit.

427 1798 483 1840 54
508 1799 544 1841 D
592 1798 660 1840 Sic
706 1802 902 1841 versutus
941 1798 1014 1841 ille
1047 1799 1208 1855 Regem
1251 1802 1412 1854 captat:
1454 1798 1609 1850 εὐφυής
1650 1798 1732 1847 εἰμι
1770 1799 1939 1847 ποιητὴς

366 1870 433 1910 καὶ
470 1870 613 1921 στίχον
645 1870 687 1910 οὐ
721 1870 986 1920 φαυλότατον
1018 1869 1183 1919 γράφω,
1219 1873 1262 1911 at
1293 1873 1341 1910 tu
1374 1868 1612 1925 praeclarus
1642 1881 1686 1911 os
1716 1872 1848 1912 vates.

426 1939 472 1983 L.
508 1941 549 1981 οὐ
581 1940 666 1980 τὸν
700 1944 748 1990 Φ.
782 1955 826 1989 7.
861 1943 909 1981 ut
939 1940 1017 1982 hoc
1044 1940 1221 1982 habeas:
1258 1954 1434 1990 „versus
1460 1940 1547 1982 mei
1573 1941 1676 1982 satis
1702 1943 1802 1983 suut
1826 1939 1938 1990 boni,

365 2015 460 2053 tuos
493 2025 592 2053 vero
625 2010 823 2053 caelestes
855 2009 1064 2066 appello''.

428 2081 483 2123 55
501 2081 535 2123 B
576 2081 768 2124 Medicus
796 2081 918 2124 modo
946 2081 1140 2124 dulcibus
1166 2081 1444 2137 iucundisque
1471 2083 1609 2125 utitur
1623 2080 1943 2124 medicamentis

367 2149 491 2194 mo⁰do
535 2153 690 2207 asperis
732 2158 773 2194 et
815 2153 969 2194 amaris
1006 2152 1089 2194 οὔτ’
1125 2153 1297 2194 ἐνταῦθα
1332 2152 1377 2192 τὸ
1410 2152 1526 2200 ἀηδὲς
1562 2150 1644 2194 οὔτ’
1680 2151 1763 2192 ἐκεῖ
1791 2150 1836 2192 τὸ
1870 2150 1940 2200 ἡδὺ

368 2222 597 2270 ποιούμενος
641 2222 771 2272 τέλος,
815 2224 912 2264 ἀλλ’
955 2223 1022 2273 ἐφ’
1056 2216 1103 2268 ,ἓν
1147 2223 1196 2264 δι’
1239 2222 1479 2274 ἀμφοτέρων
1519 2222 1604 2276 [ἐπὶ
1639 2221 1684 2264 τὸ
1716 2221 1940 2276 συμφέρον]

368 2293 479 2343 ἄγων
513 2295 578 2334 τὸν
611 2293 935 2343 θεραπευόμενον.

427 2363 589 2419 Ecquid
635 2363 820 2405 dubit-ari
861 2367 999 2419 potest
1039 2365 1142 2419 quin
1182 2362 1344 2406 inclusa
1385 2377 1408 2406 e
1450 2364 1642 2420 margine
1683 2364 1728 2405 in
1770 2366 1938 2405 textum

366 2431 639 2489 irrepserint?
671 2433 778 2485 Quid
812 2433 922 2488 quod
953 2448 1003 2475 ne
1035 2437 1273 2476 accuratam
1305 2433 1477 2489 quidem
1508 2433 1593 2476 loci
1623 2434 1840 2476 continent
1870 2447 1940 2475 ex-

368 2504 654 2560 plicationem.
708 2503 947 2560 Utrumque
1007 2505 1410 2547 medicamentorum
1468 2518 1604 2561 genus
1650 2507 1938 2560 aeg-rotantem

369 2575 515 2616 ducit
546 2575 601 2616 ad
629 2574 852 2626 semitatem,
889 2575 959 2618 sed
993 2577 1036 2617 τὸ
1069 2576 1274 2626 συμφέρον
1307 2589 1452 2618 secum
1484 2575 1690 2632 affert.
1732 2572 1797 2618 Of.
1829 2573 1942 2630 quod

369 2646 515 2687 statim
547 2646 738 2700 sequitur
770 2643 827 2694 οἳ)
833 2661 865 2686 ει
902 2646 994 2697 πρὸς
1029 2647 1073 2687 τὸ
1108 2646 1245 2688 καλόν.

428 2716 485 2758 ib.
535 2715 604 2758 Sic
645 2721 688 2758 et
729 2717 890 2758 amicus
925 2715 1010 2757 ἔστι
1043 2717 1116 2765 μὲν
1151 2733 1216 2758 ors
1249 2716 1320 2758 σὺν
1355 2717 1502 2766 ἐπαίνῳ
1534 2731 1602 2757 και
1635 2715 1775 2766 χάριτι
1806 2729 1943 2765 μεγα-

370 2786 495 2826 λύνων
528 2786 594 2826 καὶ
628 2786 848 2836 εὐφραίνων
881 2786 976 2836 ἄγει
1012 2787 1104 2838 πρὸς
1140 2787 1184 2827 τὸ
1217 2787 1356 2838 καλόν,
1389 2790 1432 2829 at
1463 2785 1544 2828 alio
1576 2789 1766 2841 tempore
1792 2783 1964 2835 eodem¹

370 2855 486 2896 ducit
516 2856 806 2911 vituperando.

430 2925 689 2967 Adverbium
732 2926 811 2975 ἀεί,
856 2926 966 2981 quod
1007 2930 1103 2982 post
1136 2927 1380 2976 μεγαλύνων
1410 2926 1646 2983 legebatur,
1679 2924 1735 2968 Η.
1767 2923 1940 2968 delevit.
