2002 3372
1099 230 1183 274 108

407 351 490 396 147
511 352 544 394 Β
575 351 918 395 Oommemorato
951 353 1003 395 ab
1035 352 1250 409 Aegyptio
1283 353 1395 396 dicto
1426 351 1503 395 illo
1536 351 1587 394 de
1619 354 1802 408 tyranno
1831 360 1929 395 sene

343 426 563 479 tamquam
605 421 794 465 Thaletis
837 423 981 473 „ciana
1026 426 1143 466 τοῦτο
1175 423 1279 473 μέν”
1313 421 1423 466 εἶπεν
1457 422 1475 464 ὁ
1510 427 1654 471 Θαλῆς
1691 424 1927 472 »Πιττακοῦ

346 494 453 535 ἐστιν
485 492 686 546 εἰρημένον
722 494 759 534 ἐν
792 493 936 547 παιδιᾷ
972 509 1069 536 ποτε
1100 494 1191 546 πρὸς
1222 496 1453 546 Μυρσίλον·
1490 493 1570 543 ἐγὼ
1598 492 1638 535 δὲ
1667 491 1929 543 θαυμάσαιμ’

343 564 420 606 ἂν”
455 564 534 616 ἔφη
570 566 640 615 „oc
674 563 860 616 τύραννον
893 564 1009 606 οὶλλόο
1045 564 1291 616 κυβερνήτην
1324 565 1494 617 γέροντα
1529 561 1826 613 θεασάμενος”.

403 635 597 678 Absurda
637 636 721 677 ista
762 636 934 691 egregie
976 635 1034 677 sic
1077 634 1141 678 W.
1185 637 1397 678 restituit:
1444 636 1524 686 ἐγὼ
1560 634 1600 677 δὲ
1635 632 1848 684 θαυμάσαι
1881 634 1928 685 μζ

345 705 394 748 ἂν
438 705 554 758 ἔφην,
600 707 641 748 οὐ
683 705 869 758 τύραννον
903 706 989 748 κτὲ.
1022 705 1145 748 Nunc
1177 705 1437 762 lepidissime
1468 706 1570 749 haec
1601 703 1756 748 Thales
1787 703 1928 748 addit:

343 776 415 819 sed
455 791 607 832 parum
650 776 790 827 refert,
834 790 979 819 meum
1021 778 1134 819 enim
1169 777 1312 820 *facere
1353 791 1528 833 possum
1559 775 1678 819 istud
1707 774 1796 819 οὐδὲ
1820 772 1927 818 οὕτω

344 851 491 898 κακῶς,
526 849 562 890 si
593 847 765 903 quidem
794 847 907 890 idem
940 861 1023 891 non
1054 836 1197 890 minus
1229 850 1273 890 in
1305 851 1538 906 tyrannum
1569 847 1769 893 convenit
1797 859 1928 903 quam

343 919 386 960 in
419 919 762 975 gubernatorem.

407 987 490 1032 147
511 989 547 1031 D
597 989 753 1040 „Recte
790 989 911 1045 agit'?
951 989 1011 1032 sic
1045 988 1199 1032 Thales
1232 990 1374 1046 pergit
1406 988 1662 1041 „Periander
1693 1001 1792 1033 cum
1825 987 1931 1031 viris

342 1061 601 1116 sapientibus
641 1059 936 1111 confabulans,
982 1054 1032 1108 ἃς
1069 1060 1109 1102 δὲ
1145 1060 1436 1113 Θρασύβουλος
1470 1061 1578 1112 αὐτῷ
1614 1059 1820 1107 κολούσεις
1852 1062 1929 1101 τῶν

342 1130 469 1183 ἄκρων
504 1132 623 1181 οὑμὸς
658 1133 828 1180 πολίτης
862 1131 1090 1184 ὑφηγεῖται
1123 1132 1180 1180 μὴ
1215 1130 1516 1182 προσιέμενος”.

402 1202 496 1258 Ipse
527 1201 644 1244 locus
676 1203 820 1258 arguit
852 1216 1007 1245 nomen
1039 1201 1299 1259 Thrasybuli
1330 1215 1354 1244 a
1387 1200 1517 1244 sciolo
1551 1200 1758 1245 additum.

406 1272 543 1315 148ss
591 1273 745 1315 ἐπιὼν
779 1272 819 1315 δὲ
853 1274 942 1320 τούς
977 1289 1021 1314 τε
1056 1272 1222 1324 δρόμους
1256 1273 1395 1315 ε’θεᾶτο
1430 1272 1516 1315 κτὲ.

403 1342 518 1399 Lege
551 1345 705 1395 περιιών
738 1330 819 1396 (οἳ).

408 1413 493 1455 149
511 1413 546 1455 Ε
588 1413 717 1456 Recte
744 1415 812 1457 hic
839 1414 1063 1471 procedent
1091 1415 1235 1457 omnia
1263 1415 1298 1456 si
1325 1428 1423 1457 cum
1442 1412 1508 1456 W.
1535 1412 1753 1470 legemus:
1784 1409 1925 1463 »οἶμαι

347 1483 418 1525 δ’”
452 1482 565 1526 εἶπεν
600 1483 655 1536 ,,ὦ
693 1492 892 1538 Διοκλεῖς,
925 1486 994 1528 καὶ
1030 1487 1153 1538 πέρας
1188 1486 1336 1538 ἔχειν
1370 1485 1414 1528 τὸ
1448 1485 1640 1535 σημεῖον”
1673 1498 1749 1541 pro
1780 1481 1885 1537 εἶχε.

410 1554 546 1596 15οΒ
595 1555 683 1605 ἡδ’
715 1556 900 1606 Εὔμητις
937 1556 1095 1598 ἐκάθισε
1130 1558 1273 1609 παρὰ
1308 1559 1363 1598 τὸ
1396 1555 1624 1598 δεῖνι-νον.

404 1625 598 1668 Absurda
629 1626 751 1679 haec;
784 1631 909 1679 recte,
944 1642 985 1669 u.
1005 1642 1058 1678 o.,
1094 1627 1158 1670 W.
1192 1627 1305 1679 παρὰ
1340 1626 1406 1668 τὸν
1438 1625 1707 1677 Κλεόβουλον.

406 1695 543 1737 151ss
594 1697 611 1739 ὃ
654 1697 687 1738 δ’
730 1698 852 1740 αὐτὸν
896 1698 1084 1740 ἐκέλευσε
1128 1698 1318 1741 λύσαντα
1362 1697 1502 1740 πάντα
1548 1700 1673 1740 πᾶσιν
1697 1697 1761 1749 ,ἐς
1803 1695 1926 1748 μέσον

342 1767 589 1817 ἀναγνῶναι.
1724 1755 1731 1771 μ’

401 1837 530 1880 Recte
563 1837 718 1889 πάντα,
753 1839 823 1881 cui
853 1838 1000 1882 nullus
1032 1839 1102 1882 hic
1131 1839 1264 1891 locus,
1297 1838 1409 1882 delet
1441 1839 1492 1882 R.

405 1907 490 1950 152
508 1906 548 1950 A
592 1907 743 1959 „Falsa
774 1908 941 1952 multa'’
975 1909 1209 1953 Niloxenus
1241 1911 1314 1961 ait,
1347 1910 1397 1952 de
1430 1910 1534 1953 viris
1566 1909 1828 1965 sapientibus
1851 1909 1927 1952 cir-

341 1979 638 2022 cumferuntur
669 1975 732 2020 οἷοι
766 1980 834 2021 καὶ
869 1981 962 2032 πρὸς
998 1982 1110 2030 ἡμᾶς
1141 1981 1196 2027 εἷς
1231 1979 1445 2032 Αἴγυπτον
1476 1979 1705 2031 ἀπηγγέλη
1739 1980 1827 2032 περὶ
1858 1979 1926 2027 Χί-

266 2057 276 2066 '
341 2060 476 2102 λωνος,
508 2051 557 2095 ὡς
590 2047 670 2101 ἄρα
698 2049 938 2093 διαλύσαιτο
967 2053 1038 2099 την
1066 2050 1160 2102 πρὸς
1190 2051 1355 2093 Σόλωνα
1383 2052 1546 2104 φιλίαν,
1574 2049 1634 2093 ὅτι
1661 2049 1751 2099 τοὺς
1781 2050 1922 2101 νόμους

343 2119 359 2161 ὂ
396 2119 533 2162 Σόλων
577 2118 655 2173 ἔφη
699 2123 992 2171 μετακινήτους
1032 2122 1148 2175 (δεῖν)
1189 2119 1304 2164 εἶναι.
1346 2121 1477 2174 (Illud
1505 2121 1585 2164 δεῖν
1618 2135 1700 2178 ego
1729 2122 1924 2173 inserui.)

343 2190 455 2233 Tum
485 2190 559 2233 ille
591 2193 665 2247 qui
697 2191 747 2234 de
779 2193 976 2236 convivio
1006 2181 1156 2236 refert:

402 2267 561 2312 γελοῖος
607 2262 623 2304 ὂ
667 2261 811 2314 λόγος·
856 2262 955 2306 οὕτω
998 2264 1082 2316 γὰρ
1115 2263 1176 2305 δεῖ
1215 2268 1366 2316 πρῶτον
1409 2264 1690 2306 ἀποποιεῖσθαι
1731 2262 1799 2304 τὸν
1843 2269 1924 2305 Λυ-

343 2335 508 2385 κοῦργον
562 2334 699 2380 αὐτοῖς
750 2333 876 2383 νόμοις
930 2332 1025 2383 ὅλην
1080 2334 1416 2385 μετακινήσαντα
1468 2335 1540 2382 την
1591 2333 1923 2384 Λακεδαιμονίων

344 2403 570 2446 πολιτείαν.
1847 2450 1849 2452 .

404 2473 575 2530 Optime
607 2475 709 2517 haec
741 2474 991 2518 decurrunt:
1026 2475 1177 2520 Chilon
1210 2475 1442 2532 Spartanus
1469 2475 1572 2519 falso
1600 2474 1756 2518 dicitur
1780 2473 1925 2519 Soloni

341 2547 604 2588 renuntiasse
649 2547 896 2598 amicitiam,
940 2547 1040 2602 quia
1082 2546 1211 2590 Solon
1243 2547 1360 2604 leges
1392 2545 1622 2589 mutabiles
1653 2554 1744 2590 esse
1775 2545 1924 2588 debere

341 2615 517 2666 dixerit;
546 2615 664 2667 falso,
694 2630 791 2659 nam
820 2618 857 2659 si
882 2617 1114 2673 Spartanus
1139 2617 1215 2660 ille
1241 2616 1534 2660 immutabiles
1560 2630 1629 2660 eas
1655 2619 1743 2660 esse
1767 2614 1925 2660 voluis-

341 2689 418 2737 set,
452 2686 554 2742 quid
587 2688 625 2729 ei
656 2687 933 2730 iudicandum
965 2688 1116 2731 fnisset
1147 2688 1197 2731 de
1231 2688 1430 2745 Lycurge
1461 2685 1583 2744 ipso?

402 2757 589 2812 Apparet
621 2757 997 2814 Wyttenbachium
1041 2759 1182 2801 omnia
1223 2759 1489 2814 perturbasse
1529 2759 1588 2808 μὴ
1628 2757 1922 2807 μετακινήτους

341 2827 532 2883 legendo.
1643 2827 1645 2829 ¹

404 2898 460 2939 ib.
510 2897 662 2940 Biante
704 2901 873 2942 auctore
914 2901 1103 2956 optimus
1145 2900 1201 2942 sit
1244 2913 1316 2942 rex
1350 2900 1412 2951 ,,ει’
1445 2903 1643 2952 πρῶτος
1675 2901 1810 2953 χρῷτο
1842 2905 1923 2949 τοῖς

343 2966 469 3016 νόμοις
508 2973 578 3015 τῆς
614 2968 849 3020 πατρίδος”.
