2002 3372
1097 187 1174 229 86*

334 311 526 350 nostrum
574 308 716 351 locum
762 308 872 350 illud
914 323 997 351 non
1045 310 1253 351 convenit.
1273 309 1550 365 'Legendum
1599 312 1662 352 est
1708 308 1918 357 ἐνδίδωσιν.
1988 306 1989 309 ’

337 380 462 422 Mens
495 394 538 423 se
572 382 662 436 ipsa
685 380 886 434 permittit
918 378 1225 436 voluptatibus.

397 451 454 492 ib.
498 451 580 493 Per
612 465 812 493 somnum
843 464 961 492 mens
993 463 1122 507 prava
1150 465 1226 493 sua
1251 453 1460 507 pravitate
1489 451 1648 493 fruitur
1673 452 1725 500 ὥς
1751 450 1923 495 ἀνυστόν

340 520 446 562 ἐστιν
478 519 652 568 εἰδώλοις
686 521 751 562 καὶ
785 521 1023 572 φάσμασιν,
1057 534 1163 576 quae
1197 524 1339 564 tamen
1373 535 1454 564 non
1486 522 1642 564 satiant
1672 521 1925 579 cupiditates

341 590 413 633 sed
447 590 560 633 ultro
590 592 781 634 incitant.

403 660 513 704 Cum
545 660 759 716 Stephano
789 661 1059 704 inserendum
1092 661 1232 703 fuerat
1263 662 1301 704 ἐν
1336 665 1450 718 (post
1482 663 1622 716 ἐστιν).

407 731 540 773 101D
583 731 835 783 ἀπράγμονα
878 732 967 782 βίον
1013 732 1080 772 καὶ
1125 731 1280 780 ἰδιώτην
1322 733 1430 775 οὐδὲν
1475 731 1591 783 ἦττον
1633 732 1926 785 daramium&
2000 736 2002 738 ’

344 802 411 843 τὸν
445 803 531 843 ἐπὶ
567 803 840 854 στρατηγίαις
874 803 940 844 καὶ
976 802 1227 853 ἡγεμονίαις.

404 872 518 928 Lege
552 873 602 922 ἐν,
637 872 997 928 quemadmodum
1028 876 1139 916 recte
1171 875 1301 917 vertit
1333 873 1608 917 Didotianus:
1639 889 1795 931 „quam
1820 889 1929 932 quae

344 942 387 983 in
427 943 618 998 imperiis
651 947 692 985 et
723 943 1043 1000 magistratibus
1077 943 1263 1000 agitur.'’
1307 943 1476 987 Dixeris
1507 945 1628 988 illius
1658 944 1835 990 alterius
1865 947 1927 990 vi-

345 1017 411 1054 tae
459 1013 740 1055 conditionem
789 1015 1097 1069 esseimperia
1144 1019 1186 1056 et
1226 1016 1519 1071 magistratus.
1566 1016 1630 1060 Ne
1670 1016 1714 1059 id
1755 1016 1928 1073 quidem

346 1083 474 1125 huius
519 1082 600 1126 loci
647 1088 731 1126 est:
773 1099 964 1139 prae-sens
1007 1085 1165 1127 bonum
1202 1099 1300 1127 cum
1344 1085 1427 1128 alio
1470 1087 1578 1130 bono
1611 1087 1821 1142 praesenti
1860 1088 1930 1130 hic

345 1157 628 1209 comparatur.

810 1448 1065 1480 CONSOLA'I'IO
1099 1449 1153 1479 AD
1185 1448 1469 1481 APOLLONIUM.

408 1581 647 1624 Praestaret
678 1582 854 1625 fortasse
886 1583 936 1625 de
969 1587 1057 1626 toto
1082 1584 1160 1627 hoc
1186 1584 1293 1627 libro
1321 1588 1456 1628 tacere
1481 1588 1576 1641 post
1598 1585 1928 1639 Volkmannum‚

349 1654 424 1707 qui
451 1657 539 1695 tam
565 1653 724 1696 idoneis
752 1657 1016 1710 argumentis
1044 1659 1215 1711 tamque
1231 1655 1431 1711 prudenti
1449 1660 1492 1699 et
1508 1656 1630 1700 docta
1645 1657 1930 1714 disputatione

348 1737 446 1764 eum
476 1723 707 1781 ‘Plutarcho
739 1725 1046 1768 abiudicaverit
1078 1731 1127 1768 ut
1158 1726 1435 1769 metuendum
1467 1741 1550 1770 non
1582 1729 1639 1770 sit
1663 1741 1715 1771 ne
1743 1742 1931 1784 uuquam

349 1794 575 1848 quisquam
607 1796 695 1836 iam
727 1796 882 1838 existat
913 1795 1048 1838 editor
1079 1798 1152 1851 qui
1182 1798 1293 1839 inter
1317 1799 1505 1854 genuina
1531 1797 1774 1855 philosophi
1799 1800 1934 1843 nostri

348 1865 503 1919 scripta
529 1866 718 1920 recipiat.
752 1865 817 1907 Ex
845 1869 935 1908 tota
960 1866 1035 1909 illa
1064 1866 1394 1922 Wyttenbachii,
1421 1870 1496 1923 qui
1521 1870 1707 1925 egregiis
1733 1868 1931 1912 laudibus

348 1934 455 1992 hanc
494 1934 828 1979 consolationem
870 1939 1054 1988 ornavit,
1096 1937 1199 1980 nihil
1243 1942 1375 1981 restat
1415 1939 1528 1994 quod
1569 1954 1652 1982 non
1683 1939 1806 1996 plane
1839 1954 1931 1997 per-

349 2007 526 2049 verterit
572 2009 932 2064 prostraveritque
975 2007 1280 2060 Volkmannus‚
1327 2014 1493 2064 praeter
1542 2025 1674 2053 unum
1722 2009 1836 2067 quod
1880 2024 1932 2055 ne

349 2076 640 2119 Volkmannus
689 2078 860 2134 quidem
902 2083 1044 2134 posset
1102 2080 1406 2136 reprehendere
1595 2082 1643 2124 ab
1690 2081 1934 2124 adolescente

349 2149 565 2203 scriptam,
608 2147 775 2204 Ubique
817 2149 937 2192 vides
979 2151 1215 2193 rhetoricae
1247 2153 1350 2194 artis
1383 2151 1658 2208 discipulum,
1690 2166 1818 2209 quem
1848 2167 1931 2197 non

350 2222 500 2274 tangat
530 2220 658 2260 amici
690 2218 871 2262 alicuius
900 2219 1043 2262 luctus
1075 2226 1116 2264 et
1149 2223 1324 2264 tristitia
1353 2248 1407 2254 -
1434 2224 1550 2266 vitae
1577 2224 1691 2266 enim
1717 2226 1832 2267 totus
1858 2222 1931 2267 ille

348 2289 457 2331 liber
497 2288 606 2330 nihil
648 2289 796 2332 habet:
838 2293 1065 2347 exsanguis
1110 2292 1261 2334 umbra
1304 2296 1369 2335 est
1409 2307 1492 2335 non
1534 2292 1676 2336 solum
1706 2293 1929 2338 defunctus

349 2358 421 2401 sed
463 2360 592 2401 etiam
633 2363 765 2415 pater,
808 2373 935 2415 quem
969 2361 1202 2417 alloquitur
1234 2364 1424 2418 scriptor,
1459 2365 1535 2419 qui
1565 2377 1616 2407 ne
1648 2363 1726 2407 hoc
1755 2363 1928 2420 quidem

348 2431 479 2472 sentit
509 2431 639 2472 etiam
659 2430 771 2484 finqi
802 2431 981 2474 absurde
1009 2434 1153 2474 virum
1188 2437 1422 2485 maturum,
1454 2435 1662 2491 gravique
1693 2433 1836 2479 dolore
1865 2448 1935 2491 op-

346 2514 552 2556 pressum,
586 2515 712 2557 quem
744 2502 835 2556 ipse
868 2502 944 2544 hac
976 2502 1187 2546 doctrinae
1219 2506 1498 2547 ostentatione
1529 2503 1657 2548 solari
1683 2508 1929 2548 conetur—-

348 2571 419 2614 sed
461 2571 563 2613 haec
595 2571 683 2613 sola
715 2575 830 2614 tenet
863 2586 961 2615 cura
993 2572 1310 2630 sollicitumque
1342 2575 1479 2617 reddit
1509 2589 1561 2617 ne
1593 2589 1676 2618 non
1707 2577 1810 2618 satis
1836 2575 1931 2619 doc-

347 2646 416 2684 tus
447 2641 642 2684 videatur
672 2645 714 2684 et
744 2656 896 2698 parum
927 2645 970 2685 in
1003 2646 1120 2686 omni
1153 2646 1407 2701 scriptorum
1442 2649 1746 2702 poetarumque
1774 2659 1927 2702 genere

346 2716 551 2755 versatus.
583 2712 709 2755 Iuvat
739 2713 809 2755 hic
842 2728 926 2756 uno
958 2718 1186 2770 conspectu
1219 2729 1365 2758 omnes
1397 2730 1625 2772 proponere
1657 2715 1927 2760 sententiolas

345 2798 367 2825 e
400 2783 554 2838 quibus
586 2782 661 2825 illa
693 2797 811 2825 mens
842 2786 1057 2840 scriptoris
1089 2784 1265 2828 eluceat.
1300 2786 1503 2838 Quamvis
1531 2788 1643 2829 enim
1675 2788 1730 2828 sit
1755 2788 1929 2843 egregia

345 2852 600 2895 Volkmanni
645 2853 890 2908 disputatio,
924 2856 1120 2910 quamvis
1153 2856 1350 2898 omnibus
1381 2857 1571 2899 numeris
1601 2856 1806 2908 absoluta,
1837 2856 1928 2899 fieri

344 2926 482 2980 potest
524 2927 571 2964 ut
615 2923 755 2965 brevis
794 2925 1010 2967 eiusmodo
1042 2928 1303 2969 enumeratio
1336 2929 1540 2970 maiorem
1574 2927 1725 2970 habeat
1756 2929 1925 2972 convin-
