2002 3372
1119 287 1207 331 500

372 410 551 463 „unedel
583 410 669 453 und
699 410 852 466 frostig
883 409 1162 466 angewandt”
1197 409 1312 453 dicit.
1352 410 1596 454 Admodum
1627 420 1947 468 spmcmznem

370 495 457 524 esse
489 480 612 537 plane
644 480 838 531 concedo,
872 484 914 522 et
946 479 1106 523 accedit
1137 479 1299 537 aliquid
1331 482 1473 524 minus
1504 483 1638 527 etiam
1661 481 1946 538 probefflum:

370 551 548 594 distorta
590 551 772 600 videtur,
814 563 913 592 nam
956 563 1055 593 cum
1096 549 1270 594 vulture
1313 551 1493 594 creditor
1533 565 1617 595 non
1657 551 1949 597 debitorlierat

369 621 686 678 comparandus.
729 620 810 663 Sed
852 621 979 664 habet
1019 620 1181 677 aliquid
1211 621 1323 678 quod
1354 621 1404 665 de
1436 621 1556 679 plebe
1586 622 1948 680 auditui-myga-

369 694 480 734 viter
511 696 776 735 commoveat
808 696 850 734 et
880 692 980 735 huic
1007 693 1070 735 rei
1095 694 1346 748 praesertim
1371 692 1443 736 dat
1469 706 1640 749 operam
1668 692 1947 738 Plutus-hus:

369 762 497 806 saluti
537 764 774 806 amicorum
816 765 1040 820 prospicit,
1082 763 1294 807 iudicium
1340 778 1487 807 eorum
1527 763 1948 810 literariumminus

369 837 501 876 curat.
1707 870 1711 873 e

432 904 580 955 „Unde
625 918 726 961 ergo
775 906 919 948 vivam
931 903 977 947 ?’'
1025 906 1086 948 sic
1132 905 1377 948 auditorum
1423 919 1533 948 unus
1577 905 1949 963 rogawfingitur

369 974 603 1027 (830AB).
637 975 876 1032 Respondet
907 979 1068 1019 orator:
1105 979 1235 1027 „tune
1261 976 1340 1019 hoc
1367 989 1491 1033 rogas
1516 977 1593 1033 qui
1617 977 1947 1021 manuaahmboas

368 1045 590 1102 pedesque,
633 1048 706 1102 qui
747 1046 871 1089 homo
911 1048 969 1089 sis
1001 1060 1185 1103 erg-oque
1217 1051 1258 1089 te
1288 1047 1473 1090 amicum
1503 1047 1710 1103 praebere
1730 1046 1948 1104 aliumque

368 1117 449 1159 tibi
474 1118 661 1159 amicum
688 1117 822 1160 facere
847 1107 992 1174 possis,
1020 1117 1166 1160 officiis
1193 1117 1330 1174 fungi,
1358 1122 1532 1174 gratum
1559 1119 1706 1161 testari
1729 1116 1947 1164 animum?

369 1186 531 1229 Literas
572 1186 691 1239 doce,
739 1202 890 1244 pueros
931 1189 1152 1239 comitare,
1194 1188 1223 1231 fi
1263 1189 1418 1231 ianitor
1458 1189 1711 1232 ministerve
1732 1187 1779 1242 ²),
1801 1187 1947 1232 z-Nihil

369 1258 522 1300 horum
564 1260 732 1315 turpius
775 1263 838 1302 est
880 1273 1009 1315 quam
1050 1273 1215 1315 semper
1257 1259 1401 1302 audire
1433 1258 1595 1303 solve-.'’
1630 1259 1790 1310 „Hieti’
1808 1258 1947 1303 ..Velit⁶

369 1343 550 1372 mannus
577 1331 676 1381 ait,
676 1331 866 1381 ,verrath
897 1330 986 1373 sich
1013 1330 1086 1373 der
1111 1329 1285 1386 plumpe
1301 1329 1632 1373 fibertreibende
1637 1328 1946 1374 Declemtor'’.

369 1399 506 1443 Immo
538 1414 635 1443 vero
668 1401 852 1457 prudens
884 1401 952 1443 hic
981 1403 1166 1443 monitor
1199 1400 1428 1457 prudenter
1456 1399 1701 1456 loquitur

429 1470 506 1513 VII
549 1471 678 1514 Porro
704 1473 1049 1529 ingratissimum
1075 1470 1341 1514 Volkmanno
1367 1471 1538 1515 videtur
1563 1470 1674 1528 quod
1698 1424 1806 1515 illud
1820 1439 1946 1515 modo

370 1542 551 1583 citatum
586 1541 756 1592 „solve”
784 1544 962 1585 recurrit
989 1557 1030 1599 p.
1058 1541 1210 1585 8311).
1242 1541 1376 1585 Totus
1402 1541 1520 1585 locus
1544 1540 1852 1585 huiuscemodi·
1858 1544 1943 1585 est:

373 1610 584 1668 „Calypso
626 1611 827 1669 Ulyssem
868 1612 1007 1655 induit
1049 1614 1305 1656 vestimento
1346 1612 1505 1664 divino,
1549 1612 1707 1656 divinis
1732 1611 1945 1656 odoribus

370 1681 536 1725 imbuto
579 1687 628 1725 ut
670 1685 736 1726 sui
777 1685 931 1727 amoris
973 1683 1144 1726 haberet
1174 1687 1516 1726 monumentum.
1549 1681 1632 1726 Sed
1660 1696 1769 1727 nave
1789 1691 1945 1727 eversa

368 1767 467 1795 cum
500 1755 569 1796 vix
602 1768 798 1810 superare
830 1754 984 1797 fluctus
1016 1757 1155 1810 posset
1185 1767 1294 1810 aqua
1318 1753 1585 1810 illudgrave
1610 1753 1804 1806 faciente,
1819 1754 1946 1796 exuit

368 1824 602 1880 abiecitque
636 1829 678 1867 et
708 1839 808 1867 zona
840 1826 1078 1868 succinctus
1109 1824 1221 1868 nudo
1252 1828 1422 1880 pectore
1741 1840 1743 1843 ⁴
1908 1835 1911 1841 “

547 1896 592 1937 111
625 1898 782 1939 terram
814 1909 980 1952 semper
1010 1899 1259 1939 convertens
1290 1909 1362 1939 ora
1392 1894 1576 1938 natabat.

369 1964 437 2007 Sic
462 1964 608 2008 salvus
633 1968 769 2010 evasit
796 1969 838 2009 et
865 1970 1010 2022 postea
1036 1966 1172 2010 denuo
1193 1969 1331 2009 vestes
1346 1967 1512 2009 invenit
1527 1965 1767 2021 cibumque.
1793 1964 1944 2009 Nonne

368 2036 513 2078 eadem
562 2040 626 2079 est
671 2037 912 2080 debitorum
958 2035 1171 2080 conditio?
1217 2036 1365 2079 Nonne
1411 2040 1455 2079 et
1498 2034 1574 2078 illir
1609 2037 1944 2092 intempestate

369 2110 595 2150 versantur
636 2122 734 2151 cum
777 2114 870 2164 post
910 2107 1082 2164 aliquod
1123 2110 1294 2163 tempus
1335 2107 1549 2150 feneratur
1581 2105 1849 2170 >adestcum'r
1867 2116 1944 2148 suo

373 2176 571 2227 „solve'’:

488 2247 570 2290 His
602 2247 724 2291 dictis
756 2250 870 2306 cogit
902 2248 1078 2292 nebulas
1109 2252 1153 2292 et
1183 2247 1348 2291 caerula
1379 2250 1571 2304 torquet,

488 2319 644 2361 Incidit
674 2319 743 2362 hic
773 2319 1077 2377 Zephyrusque
1107 2318 1252 2371 simul,
1283 2317 1414 2361 simul
1445 2317 1584 2360 Eurus
1615 2319 1658 2360 et
1684 2275 1857 2361 Auster.
1892 2335 1897 2351 ν

367 2388 436 2431 Sic
479 2389 598 2432 fenus
630 2404 757 2445 supra
789 2391 909 2433 fenus
941 2389 1134 2434 volvitur
1163 2393 1206 2432 et
1236 2392 1378 2440 nauta,
1411 2388 1853 2444 (1118111ν18’,ο1)ι·118ὓ111·
1882 2399 1944 2430 re

369 2461 476 2502 tinet
507 2460 551 2502 id
582 2475 665 2516 quo
693 2465 898 2517 gravatur
923 2462 1117 2517 quamvis
1142 2459 1323 2503 natando
1349 2458 1494 2502 salvus
1521 2458 1713 2502 evadere
1723 2458 1943 2514 potuisset.

371 2530 429 2572 At
469 2545 579 2573 nunc
622 2533 824 2587 voragine
865 2532 1073 2587 abripitur
1115 2532 1307 2587 peritque
1347 2544 1447 2572 cum
1487 2530 1636 2573 amicis
1676 2530 1778 2585 qui
1789 2542 1870 2585 pro
1895 2541 1944 2571 eo

369 2614 491 2642 suam
522 2603 868 2657 interposuerunt
899 2600 1070 2645 fidem.''

430 2671 543 2713 Mihi
572 2672 616 2713 in
648 2672 725 2715 hoc
756 2671 847 2716 loco
872 2671 1127 2728 disponendo
1154 2670 1492 2726 enuntiendoque
1517 2638 1806 2713 felicissimus
1805 2668 1944 2712 fuisse

370 2741 623 2784 Plutarchus
655 2742 838 2786 videtur.
872 2742 991 2795 Quod
1021 2740 1247 2785 intervallo
1274 2744 1455 2797 quatuor
1480 2741 1733 2797 paginarum
1757 2738 1944 2782 Teubne-

368 2813 584 2854 rianarum
626 2813 688 2855 bis
722 2813 975 2857 vocabulum
1010 2812 1182 2864 „solve”
1213 2810 1376 2868 legitur
1406 2812 1566 2854 nemini
1594 2809 1823 2854 molestum
1855 2821 1943 2852 esse

416 2985 451 3026 1)
484 2986 638 3016 Audacem
668 2986 720 3016 sed
751 2985 887 3027 lepidam
918 2984 970 3016 hic
1002 2994 1115 3026 sequor
1145 2983 1264 3016 Naberi
1294 2983 1505 3016 coniecturam
1534 2979 1666 3024 ἐγχέων
1685 2980 1862 3023 παραχέων
1884 2991 1942 3024 pro

370 3038 477 3070 πλέων
495 3038 701 3079 παραπλέων.
726 3039 811 3081 Quid
832 3039 948 3071 attinet
967 3039 1099 3071 rusticos
1120 3039 1363 3071 mediterraneos
1382 3047 1511 3070 monere
1530 3038 1564 3069 ut
1584 3046 1694 3069 navem
1711 3036 1943 3069 conscendent?
