1930 3354
1022 249 1108 293 646

279 374 429 427 φεύγει
462 373 529 415 καὶ
564 373 704 425 διώκει,
739 371 782 414 τΙ
811 373 980 415 ἀπειλεῖ
1008 372 1075 414 καὶ
1103 372 1289 424 ἱκετεύει,
1317 373 1360 415 τί
1383 374 1581 424 βούλεται
1610 372 1849 418 numum

280 444 349 487 καὶ
383 445 425 486 οὗ
456 443 668 494 βούλεται,
696 443 737 484 τί
767 442 904 494 χαίρει
937 442 991 494 τῷ
1026 444 1136 496 αὐτῷ
1164 442 1357 494 μάλιστα
1384 444 1452 486 καὶ
1481 445 1665 496 ἀνιᾶται,
1690 447 1851 488 τοῦτο

281 518 442 557 λῦσαι
476 530 565 556 και
599 513 948 564 ospaemee'oeae.

340 585 516 627 Ultimis
548 583 762 626 vocabulis
793 583 894 640 quid
926 584 1077 627 faciam
1108 598 1191 627 non
1224 584 1360 634 video,
1393 588 1449 637 et,
1481 589 1532 628 ut
1560 589 1675 629 recte
1695 550 1755 630 Β.
1785 586 1854 629 ob-

281 660 431 706 servat,
465 655 580 697 deest
610 654 770 710 aliquid
802 653 913 696 unde
943 654 988 696 hi
1019 654 1222 697 infinitivi
1252 655 1473 711 pendeant.

339 817 380 857 p.
420 799 516 850 134,
535 799 562 842 9
594 800 648 842 τὰ
684 799 725 842 δὲ
756 804 834 842 τῶν
866 786 1034 852 ἐρώιιτων
1067 800 1176 849 πάθη
1209 800 1334 843 πάντ’
1365 803 1508 852 ἀληθῆ.
1534 815 1535 818 ’

340 871 466 914 Recte
497 871 612 913 istud
645 870 767 914 πάντ’
799 871 1005 914 addidisse
1036 871 1204 915 Picolos
1236 872 1417 916 videtur.

340 1030 382 1071 p.
413 1015 511 1068 135,
532 1015 557 1058 3
592 1015 641 1059 ἂν
669 1015 710 1058 δὲ
744 1016 812 1058 καὶ
845 1016 946 1070 λήξῃ
978 1018 1013 1071 (ὃ
1042 1017 1151 1071 ἔρως)
1178 1034 1244 1060 και
1273 1018 1455 1072 διαλυθῇ,
1481 1011 1622 1073 χρὸνῲ
1635 1018 1855 1073 μαρἂθὲὶς

281 1086 303 1138 ἢ
332 1086 442 1140 λόγῳ
467 1103 542 1130 τινι
571 1087 885 1140 κατασβεσθείς,
913 1088 1021 1131 οὔπω
1048 1089 1315 1132 παντάπασιν
1342 1090 1659 1144 ἐξαπῆλλακται
1685 1095 1766 1166 ,τῆς
1780 1095 1856 1144 ψυ·

281 1164 378 1212 χῆς,
411 1159 514 1201 ἀλλ’
547 1159 804 1202 ἐναπολείπει
832 1161 1071 1213 περίκκυτον
1100 1158 1198 1211 ὅλην
1225 1161 1292 1204 και)
1318 1177 1473 1212 σημεια
1501 1150 1644 1215 θερμᾶ,
1671 1142 1853 1215 καθαπερ

282 1229 314 1272 οἱ
347 1230 523 1281 κεραυνοὶ
557 1230 792 1282 τυφόμεναι.

341 1299 556 1343 Ultimum
597 1300 851 1343 vocabulum
892 1304 1041 1358 aptum
1082 1316 1163 1345 non
1196 1303 1367 1389 praebet
1395 1317 1580 1348 sensum.
1585 1287 1746 1348 ΡΠίΞΠ
1743 1288 1856 1347 Ρ1Π·

283 1371 475 1413 tarchum
509 1373 722 1428 scripsisse
755 1371 937 1426 καθάπερ
969 1389 1000 1416 οι
1035 1372 1216 1426 κεραυνοί
1245 1373 1461 1426 τυφόμενα
1493 1377 1536 1418 et
1566 1373 1619 1446 ad
1643 1353 1854 1418 ullumum

282 1441 538 1484 vocabulum
569 1444 614 1484 in
645 1444 837 1500 margine
869 1443 997 1496 θερμά
1029 1457 1118 1486 6886
1147 1443 1421 1502 adscriptum.
1643 1428 1677 1463 ¹

342 1714 486 1756 XXVI
517 1715 595 1756 Pro
615 1715 923 1769 pulchritudine
947 1715 1236 1772 fragmentum
1261 1713 1545 1772 lepidissimae
1561 1695 1858 1773 disputationis

284 1799 366 1842 qua
391 1785 665 1841 pulchritudo
692 1787 876 1842 corporis
902 1784 1140 1828 defenditur
1156 1789 1316 1834 (contra
1340 1784 1592 1838 Stoicorum,
1618 1789 1669 1829 ut
1693 1787 1856 1845 opinor,

283 1857 411 1898 nimis
452 1855 636 1912 rigidam
678 1857 958 1912 sapientiam).
1007 1854 1260 1900 Conceditur
1301 1860 1442 1900 tamen
1484 1869 1536 1899 ex
1576 1868 1638 1910 ea,
1655 1852 1765 1939 ῙΠΠΠ
1804 1868 1857 1900 ex

284 1927 415 1968 animi
447 1926 777 1982 pulchritudine,
808 1925 995 1982 pericula
1027 1916 1666 1970 11118111.Ι
1806 1939 1807 1942 ’

345 1997 438 2039 (1.1
483 1996 590 2039 nihil
632 1996 760 2048 deest,
802 1998 837 2039 si
879 2010 1029 2040 verum
1062 1999 1126 2039 est
1157 1996 1269 2053 quod
1302 1995 1406 2040 dicit
1436 1994 1485 2040 B.
1516 1993 1649 2051 semp·
1675 1992 1746 2040 ibi
1759 1995 1857 2040 &sse

285 2072 492 2123 tamquam,
537 2067 682 2124 Belga:
727 2066 816 2119 „als
857 2068 929 2110 het
963 2066 1098 2110 ware’'
1104 2068 1298 2124 .Neque
1331 2082 1480 2112 verum
1513 2078 1613 2112 6886
1623 2065 1755 2126 nego,¹
1761 2064 1857 2112 'sed

284 2137 441 2182 vellem
473 2138 522 2180 B.
556 2138 761 2182 diser-tum
793 2138 976 2182 dedisset
1006 2138 1266 2196 exemplum.

345 2298 379 2327 c.
414 2284 439 2327 3
482 2285 538 2326 τὰ
570 2285 644 2335 μὲν
675 2286 758 2338 γὰρ
785 2291 857 2335 τῆς
884 2288 1025 2338 ψυχῆς
1054 2284 1190 2335 κάλλη
1217 2285 1323 2339 (καὶ)
1350 2286 1548 2346 σωτηρίας
1577 2276 1740 2354 ἐλπίδες
1763 2264 1854 2349 (1111,

285 2354 474 2408 φρόνησις
505 2356 589 2398 κτὲ.

346 2425 545 2469 Deleatur
575 2441 657 2470 vox
687 2425 864 2469 inclusa.

346 2561 526 2605 XXVII·
549 2563 612 2604 De
652 2562 729 2604 ira.
777 2562 1083 2619 Fragmentum
1123 2562 1252 2605 huius
1294 2561 1394 2605 libri
1436 2561 1566 2618 (apud
1596 2561 1678 2615 St.)
1717 2560 1855 2605 multo

286 2633 456 2689 quidem
498 2635 640 2675 minus
681 2637 744 2676 est
783 2633 975 2689 lepidum
1019 2647 1145 2688 quam
1188 2632 1298 2675 illud
1338 2646 1360 2675 e
1401 2632 1510 2676 libro
1541 2633 1589 2675 de
1619 2643 1760 2686 amore,
1793 2637 1856 2676 est

286 2709 427 2746 tamen
470 2705 509 2746 ei
549 2704 770 2746 subsimile
810 2709 852 2746 et
891 2708 1134 2761 cognatum.
1165 2702 1353 2760 Uterque
1383 2705 1528 2746 autem
1557 2702 1677 2756 liber,
1708 2716 1855 2760 quam-

287 2788 413 2829 quam
443 2774 495 2816 ad
521 2789 658 2817 mores
685 2788 781 2817 suos
808 2774 1086 2817 emendandos
1111 2774 1207 2817 inde
1233 2775 1426 2818 homines
1452 2774 1642 2818 fructum
1668 2773 1854 2830 aliquem

288 2850 462 2900 possunt
492 2847 715 2902 percipere,
747 2859 827 2888 non
861 2850 948 2888 tam
981 2846 1118 2888 contio
1145 2845 1275 2888 fuisse
1301 2844 1473 2889 videtur
1498 2858 1626 2900 quam
1652 2845 1854 2901 praefatio

288 2916 339 2957 ad
371 2916 536 2958 doctam
568 2930 666 2958 cum
693 2916 824 2958 doctis
851 2916 1178 2972 disputationem
1206 2916 1256 2958 de
1283 2917 1523 2972 quaestione
1548 2914 1853 2972 philosophica.

288 2985 396 3038 Quid
438 2986 549 3041 quod
579 2987 624 3028 in
653 2986 732 3029 hoc
763 3000 890 3042 quam
922 2988 1108 3029 maxime
1140 2986 1428 3043 philosophico
1458 2989 1711 3043 argumento
1738 2986 1856 3029 Peri-
