1930 3354
870 255 956 300 629

115 384 168 430 a}
191 379 391 437 winter.
411 381 456 426 in
487 379 598 424 libro
627 379 678 422 de
708 378 869 422 musica.
912 378 1136 422 Postremo
1167 379 1204 421 si
1236 378 1306 422 hic
1336 376 1448 422 liber
1478 381 1622 421 tamen
1653 400 1710 409 —-

113 450 161 498 ss
182 450 319 509 ¹wind
351 450 603 502 incredibile
636 474 695 483 —
726 464 751 494 a
780 449 1010 493 Plutarcho
1043 451 1234 507 scriptus·
1260 453 1339 502 est,
1372 453 1436 493 est
1468 450 1653 506 scriptus
1687 463 1713 492 a

114 521 347 571 Plutarcho
382 521 719 571 adolescentulo:
759 522 802 565 in
838 521 1167 575 Quaestionibus
1198 519 1505 566 Convivalibus
1538 534 1587 564 eo
1619 519 1711 564 loco

57 585 60 614 3
114 593 210 642 nbi
231 593 350 640 idem
387 593 463 638 ille
507 592 771 638 Onesicrates
812 594 975 650 primas
1017 594 1110 650 agit
1152 597 1308 650 partes,
1351 591 1453 636 libri
1482 592 1532 634 de
1562 591 1712 634 musica

58 698 60 701 ψ
113 662 235 709 nulla
266 663 319 714 fit
346 666 525 717 mentio,
556 664 659 709 licet
683 663 909 721 utrobique
936 663 1200 708 Onesicrates
1225 665 1284 707 sit
1309 677 1460 707 coenae
1488 662 1709 706 dominus:

115 749 366 794 unquamne
389 737 599 781 maiorem
631 736 906 792 „argumenti
938 749 961 779 e
992 734 1192 779 silentio''
1225 736 1318 778 vim
1350 731 1529 779 vidisti?

120 834 147 855 η.
173 805 261 854 Sed
283 820 389 865 >prae
418 809 571 852 ceteris
599 807 670 851 hio
701 821 783 850 usu
815 807 935 850 venit
964 806 1009 850 id
1041 806 1153 863 quod
1185 807 1355 863 saepius
1387 806 1475 848 iam
1509 804 1560 848 de
1586 804 1710 848 hiatu

55 908 57 911 -
114 879 258 933 ‚vitato
283 878 359 924 vel
386 892 471 923 non
502 880 638 922 vitato
671 878 784 921 dixi:
828 879 866 921 si
897 879 994 934 quis
1027 877 1138 921 liber
1170 881 1386 934 praeterea
1416 875 1527 920 nihil
1557 876 1712 919 habeat

114 949 228 1008 quod
267 948 500 993 Plutarcho
543 949 775 1006 indignum
819 948 1065 992 alienumve
1097 962 1121 992 a
1150 949 1342 992 moribus
1374 949 1467 991 eius
1499 947 1710 999 videatur,

114 1019 229 1066 male
263 1034 364 1065 eum
395 1025 578 1078 propter*
599 1022 798 1078 quamvis
833 1019 992 1064 multos
1023 1019 1169 1064 hiatus
1199 1018 1432 1062 Plutarcho
1463 1018 1709 1069 abiudicari,

114 1093 183 1141 sin
220 1095 402 1150 ,propter
444 1095 767 1150 argumentum,
817 1104 1070 1142 sermonem,
1118 1090 1298 1148 denique
1347 1094 1482 1133 totam
1522 1088 1710 1133 indolem

113 1162 341 1219 Eiet-mhi!
380 1176 464 1210 non
512 1176 602 1207 esse
642 1162 839 1206 videatur
878 1161 988 1206 liber
1027 1163 1102 1219 qui
1144 1163 1196 1205 ab
1237 1175 1287 1205 eo
1330 1162 1515 1218 scriptus
1561 1161 1709 1213 fertur,

111 1233 223 1279 illud
263 1237 574 1292 argumentum
617 1235 779 1277 mirum
822 1237 1034 1290 quantum
1072 1234 1288 1289 acquirere
1319 1233 1495 1285 roboris,
1527 1233 1565 1275 si
1595 1245 1710 1288 prae-

113 1309 230 1355 terea
253 1304 398 1353 hiatus
422 1319 508 1350 non
535 1307 694 1350 vitatos
719 1303 1032 1362 intelligamus.
1066 1304 1124 1348 Et
1151 1306 1246 1361 quis
1269 1303 1337 1347 vel
1363 1305 1546 1360 cogitari
1572 1307 1710 1360 potest

50 1418 51 1422 ,
113 1375 224 1421 liber
265 1375 494 1420 Plutarcho
533 1376 752 1434 indignior
794 1390 923 1433 quam
966 1376 1035 1418 hic
1076 1377 1126 1417 de
1167 1372 1343 1418 musica?
1381 1374 1478 1418 Non
1509 1374 1621 1431 quod
1653 1375 1710 1418 sit

113 1447 256 1493 aridae
297 1447 514 1492 doctrinae
544 1449 776 1505 congeries,
809 1461 862 1491 ex
892 1449 1170 1504 antiquorum
1202 1446 1325 1490 libris
1356 1445 1569 1490 sublatae:
1603 1447 1710 1489 eius-

115 1518 233 1564 modi
273 1517 544 1563 collectiones
582 1522 625 1563 et
657 1522 907 1576 conspectus
938 1518 1053 1562 haud
1085 1518 1213 1562 dubie
1244 1518 1345 1562 fecit
1376 1517 1634 1561 Plutarchus
1667 1520 1710 1560 et

113 1591 249 1635 facere
290 1589 445 1641 debuit,
479 1594 574 1634 tam
611 1604 688 1634 sua
726 1604 857 1647 quam
889 1589 1197 1647 discipulorum
1230 1603 1369 1642 causa,
1400 1593 1444 1633 et
1475 1589 1582 1632 bona
1613 1602 1710 1647 pars

112 1660 588 1714 &asmodilibrorum
629 1663 829 1719 quamvis
872 1662 1072 1706 omnibus
1106 1661 1244 1705 modis
1274 1663 1623 1713 immutatorum‚
1657 1659 1710 1704 ad

112 1747 191 1779 nos
229 1723 439 1792 pervenit.
482 1732 567 1777 Sed
609 1733 712 1777 haec
754 1737 819 1776 est
860 1733 1074 1777 doctrinae
1117 1732 1343 1785 ostentatio,
1377 1746 1485 1790 quae
1517 1733 1709 1789 primum

111 1804 399 1858 nihil-shabet,
431 1804 544 1863 quod
585 1819 724 1849 mores
765 1804 960 1849 emendet
992 1808 1196 1861 sanetque
1231 1829 1288 1837 —
1319 1804 1365 1847 id
1397 1803 1512 1861 quod
1543 1817 1710 1860 semper

51 1895 53 1897 ·
112 1877 352 1935 ets-ubique
376 1890 479 1935 prae
507 1878 661 1921 ceteris
690 1877 890 1920 omnibus
921 1877 1048 1930 rebus
1080 1875 1340 1920 Plutarchus
1371 1874 1592 1919 scribendo
1625 1874 1709 1918 effi-

113 1962 207 1994 cere
251 1947 395 1992 studet
438 1973 496 1981 —
539 1948 691 1993 deinde
734 1948 1095 1992 absurdissimum
1135 1950 1181 1991 in
1222 1947 1402 1991 modum
1443 1951 1578 1990 semet
1616 1948 1710 2004 ipsa

112 2024 293 2071 exornat
321 2021 590 2078 speciemque
619 2021 753 2064 sumit
784 2019 987 2077 colloquii
1019 2034 1043 2063 a
1073 2020 1270 2064 convivis
1303 2020 1453 2063 habiti.
1484 2018 1709 2062 Festivum

110 2090 266 2142 barole
285 2091 545 2137 etviocosum
570 2093 823 2140 convivium
847 2093 892 2134 in
919 2106 1003 2149 quo
1029 2090 1250 2149 loquentes
1274 2090 1532 2134 inducantur
1557 2089 1708 2148 Lysias

46 2211 47 2214 ,
111 2164 202 2213 iste
224 2165 271 2211 ot
296 2161 543 2213 Soteriohus
576 2166 898 2216 „comissatores
929 2162 1044 2206 haud
1071 2177 1170 2206 sane
1195 2160 1462 2206 commodi'’l
1494 2161 1709 2205 Ferendus

112 2234 236 2283 etim
253 2237 405 2280 neuter
428 2237 493 2278 est
518 2247 655 2291 neque
680 2234 834 2292 Lysias
863 2234 914 2278 de
937 2235 1101 2278 musica
1118 2234 1359 2291 „practica”
1378 2247 1508 2291 agens
1525 2237 1708 2286 (exercet

109 2306 236 2356 .θῦἱῶ
258 2318 353 2355 Qun
386 2309 525 2352 artem
556 2310 599 2349 et
631 2301 688 2353 εἷς
716 2322 777 2354 τις
806 2310 883 2349 τῶν
910 2305 1104 2358 σύνταξιν
1133 2307 1231 2359 παρ’
1255 2305 1571 2358 ’Λνησικρατσυς
1599 2314 1709 2356 λαμ-

106 2377 325 2431 βανόντων
361 2380 428 2422 est
439 2389 453 2422 ι,
491 2376 721 2422 conductos
764 2391 866 2435 ergo
909 2377 1173 2422 Onesicrates
1205 2378 1332 2421 habet
1363 2377 1706 2435 symphoniacos,

107 2448 169 2498 de
196 2449 352 2507 quibus
382 2452 426 2493 et
455 2449 562 2506 ipsis
591 2450 638 2492 in
674 2449 980 2504 Quaestionibus
1009 2449 1290 2492 Convivalibus
1322 2447 1461 2492 altum
1493 2452 1558 2492 est
1583 2447 1709 2491 silen-

41 2567 43 2570 Α
113 2521 425 2578 tium)·neque
443 2519 667 2564 Soterichue
698 2522 768 2564 cui
798 2525 939 2577 partes
969 2520 1261 2578 philosophice
1288 2520 1338 2564 de
1366 2522 1528 2564 musica
1554 2519 1708 2578 agendi

108 2591 388 2641 mandantur.
418 2591 568 2648 Neque
599 2593 744 2635 minus
774 2592 946 2648 ineptus
979 2593 1070 2648 ipse
1097 2606 1247 2636 coenae
1274 2591 1472 2635 dominus
1498 2593 1573 2648 qui
1597 2595 1706 2648 post,

106 2665 220 2713 satis
257 2661 401 2707 hercle
439 2662 603 2720 longas,
646 2664 872 2720 utriusque
904 2664 1116 2707 orationes
1147 2664 1290 2707 subito
1323 2663 1407 2706 duo
1438 2676 1549 2707 nova
1579 2676 1706 2719 argu-

107 2738 261 2786 ,menta
298 2733 467 2779 afferat:
514 2734 536 2778 1
581 2734 633 2778 de
674 2736 839 2778 musica
882 2748 1058 2779 coenam
1100 2740 1329 2779 exornante
1377 2734 1404 2778 2
1447 2735 1498 2778 de
1542 2735 1706 2778 musica

104 2806 403 2866 Pythagorica
442 2806 678 2851 secundum
709 2819 839 2863 quam
870 2809 1013 2850 totum
1046 2810 1241 2850 vertatur
1276 2806 1459 2858 coelum,
1493 2804 1705 2863 allataque

114 2878 256 2922 subito
281 2876 496 2935 relinquat
518 2879 802 2935 convivasque
829 2877 1033 2932 dimittat.
1067 2878 1225 2922 Audite
1242 2879 1352 2922 mihi
1368 2878 1492 2922 hasce
1506 2876 1706 2935 loquendi

39 2944 43 2985 ἶ
114 2948 324 2994 formulas
354 2954 408 3002 (c.
442 2947 467 2994 7
499 2950 604 3003 in.):
638 2950 726 2992 ἐπεὶ
761 2949 802 2992 δὲ
836 2949 927 2998 ’τοὺς
962 2949 1208 3003 αὐλῳδικοὺς
1239 2949 1382 3002 νόμους
1411 2950 1480 2993 καὶ
1508 2948 1707 3003 κιθαρῳδι-

115 3020 207 3071 κοὺς
241 3021 341 3074 δμοῦ
368 3019 459 3069 τοὺς
488 3020 685 3074 ἀρχαίους
714 3020 1079 3074 ἐμπεφανίκαμεν,
1106 3021 1437 3074 μεταβησόμεθα
1465 3021 1531 3064 ἐπὶ
1560 3019 1702 3071 μόνους
