<?xml version="1.0" encoding="UTF-8"?>
<!DOCTYPE html PUBLIC "-//W3C//DTD XHTML 1.0 Transitional//EN"
    "http://www.w3.org/TR/xhtml1/DTD/xhtml1-transitional.dtd">
<html xmlns="http://www.w3.org/1999/xhtml" xml:lang="en" lang="en">
 <head>
  <title>
</title>
<meta http-equiv="Content-Type" content="text/html;charset=utf-8" />
  <meta name='ocr-system' content='tesseract 3.04.00' />
  <meta name='ocr-capabilities' content='ocr_page ocr_carea ocr_par ocr_line ocrx_word'/>
</head>
<body>
  <div class='ocr_page' id='page_1' title='image "./deplutarchoscrip00hartuoft_0403.png"; bbox 0 0 2002 3372; ppageno 0'>
   <div class='ocr_carea' id='block_1_1' title="bbox 873 304 959 347">
    <p class='ocr_par' dir='ltr' id='par_1_1' title="bbox 873 304 959 347">
     <span class='ocr_line' id='line_1_1' title="bbox 873 304 959 347; baseline 0.012 -1"><span class='ocrx_word' id='word_1_1' title='bbox 873 304 959 347; x_wconf 82' lang='lat'><strong>387</strong></span> 
     </span>
    </p>
   </div>
   <div class='ocr_carea' id='block_1_2' title="bbox 0 425 1729 3134">
    <p class='ocr_par' dir='ltr' id='par_1_2' title="bbox 0 425 1729 3134">
     <span class='ocr_line' id='line_1_2' title="bbox 111 425 1716 485; baseline -0.004 -10"><span class='ocrx_word' id='word_1_2' title='bbox 111 428 227 475; x_wconf 66' lang='lat' dir='ltr'><strong>utto</strong></span> <span class='ocrx_word' id='word_1_3' title='bbox 248 427 546 475; x_wconf 60' lang='grc' dir='ltr'><strong>ἰιΡΙιιΐωοΙιο</strong></span> <span class='ocrx_word' id='word_1_4' title='bbox 575 426 793 485; x_wconf 83' lang='lat' dir='ltr'><strong>prolatum</strong></span> <span class='ocrx_word' id='word_1_5' title='bbox 824 441 915 470; x_wconf 81' lang='lat' dir='ltr'><strong>esse</strong></span> <span class='ocrx_word' id='word_1_6' title='bbox 947 427 1133 480; x_wconf 87' lang='lat' dir='ltr'><strong>videtur,</strong></span> <span class='ocrx_word' id='word_1_7' title='bbox 1165 426 1294 484; x_wconf 85' lang='lat' dir='ltr'><strong>idque</strong></span> <span class='ocrx_word' id='word_1_8' title='bbox 1325 441 1351 470; x_wconf 86' lang='lat' dir='ltr'><strong>a</strong></span> <span class='ocrx_word' id='word_1_9' title='bbox 1372 431 1478 470; x_wconf 84' lang='lat' dir='ltr'><strong>&#39;sene</strong></span> <span class='ocrx_word' id='word_1_10' title='bbox 1503 427 1592 469; x_wconf 89' lang='lat' dir='ltr'><strong>iam</strong></span> <span class='ocrx_word' id='word_1_11' title='bbox 1619 425 1716 469; x_wconf 92' lang='lat' dir='ltr'><strong>Plu-</strong></span> 
     </span>
     <span class='ocr_line' id='line_1_3' title="bbox 112 497 1719 559; baseline -0.004 -12"><span class='ocrx_word' id='word_1_12' title='bbox 112 500 450 559; x_wconf 39' lang='lat' dir='ltr'><strong>mehnafflssam&gt;</strong></span> <span class='ocrx_word' id='word_1_13' title='bbox 468 499 662 544; x_wconf 83' lang='lat' dir='ltr'><strong>Sossium</strong></span> <span class='ocrx_word' id='word_1_14' title='bbox 693 498 821 542; x_wconf 89' lang='lat' dir='ltr'><strong>illum</strong></span> <span class='ocrx_word' id='word_1_15' title='bbox 852 499 1143 550; x_wconf 84' lang='lat' dir='ltr'><strong>Senecionem,</strong></span> <span class='ocrx_word' id='word_1_16' title='bbox 1175 499 1228 542; x_wconf 89' lang='lat' dir='ltr'><strong>ad</strong></span> <span class='ocrx_word' id='word_1_17' title='bbox 1258 513 1386 556; x_wconf 85' lang='lat' dir='ltr'><strong>quem</strong></span> <span class='ocrx_word' id='word_1_18' title='bbox 1418 497 1591 556; x_wconf 76' lang='lat' dir='ltr'><strong>sing-ula</strong></span> <span class='ocrx_word' id='word_1_19' title='bbox 1619 499 1719 540; x_wconf 86' lang='lat' dir='ltr'><strong>mit-</strong></span> 
     </span>
     <span class='ocr_line' id='line_1_4' title="bbox 112 569 1717 629; baseline -0.003 -11"><span class='ocrx_word' id='word_1_20' title='bbox 112 575 274 619; x_wconf 19' lang='lat' dir='ltr'><strong>,mutar</strong></span> <span class='ocrx_word' id='word_1_21' title='bbox 309 571 549 629; x_wconf 64' lang='lat' dir='ltr'><strong>colloquia,</strong></span> <span class='ocrx_word' id='word_1_22' title='bbox 591 569 853 627; x_wconf 89' lang='lat' dir='ltr'><strong>discipulum</strong></span> <span class='ocrx_word' id='word_1_23' title='bbox 896 572 988 614; x_wconf 89' lang='lat' dir='ltr'><strong>eius</strong></span> <span class='ocrx_word' id='word_1_24' title='bbox 1031 572 1077 614; x_wconf 89' lang='lat' dir='ltr'><strong>in</strong></span> <span class='ocrx_word' id='word_1_25' title='bbox 1121 569 1299 614; x_wconf 77' lang='lat' dir='ltr'><strong>Graecia</strong></span> <span class='ocrx_word' id='word_1_26' title='bbox 1340 571 1473 614; x_wconf 83' lang='lat' dir='ltr'><strong>fuisse</strong></span> <span class='ocrx_word' id='word_1_27' title='bbox 1515 571 1717 626; x_wconf 85' lang='lat' dir='ltr'><strong>suspicor,</strong></span> 
     </span>
     <span class='ocr_line' id='line_1_5' title="bbox 0 641 1717 699; baseline -0.003 -12"><span class='ocrx_word' id='word_1_28' title='bbox 0 696 2 699; x_wconf 62' lang='lat'><em>„</em></span> <span class='ocrx_word' id='word_1_29' title='bbox 119 641 304 699; x_wconf 45' lang='lat' dir='ltr'><strong>viduam</strong></span> <span class='ocrx_word' id='word_1_30' title='bbox 338 642 361 685; x_wconf 92' lang='lat' dir='ltr'><strong>l</strong></span> <span class='ocrx_word' id='word_1_31' title='bbox 394 644 478 696; x_wconf 51' lang='lat' dir='ltr'><strong>inm</strong></span> <span class='ocrx_word' id='word_1_32' title='bbox 509 642 695 694; x_wconf 69' lang='grc' dir='ltr'><strong>ὅγένοντο</strong></span> <span class='ocrx_word' id='word_1_33' title='bbox 724 642 843 693; x_wconf 70' lang='grc' dir='ltr'><strong><em>λόγοι</em></strong></span> <span class='ocrx_word' id='word_1_34' title='bbox 876 642 947 684; x_wconf 70' lang='grc' dir='ltr'><strong>καὶ</strong></span> <span class='ocrx_word' id='word_1_35' title='bbox 979 644 1051 685; x_wconf 83' lang='grc' dir='ltr'><strong>σοῦ</strong></span> <span class='ocrx_word' id='word_1_36' title='bbox 1083 641 1283 695; x_wconf 74' lang='grc' dir='ltr'><strong>παρόντος</strong></span> <span class='ocrx_word' id='word_1_37' title='bbox 1316 642 1356 685; x_wconf 84' lang='grc' dir='ltr'><strong>ἒν</strong></span> <span class='ocrx_word' id='word_1_38' title='bbox 1386 642 1578 691; x_wconf 56' lang='lat' dir='ltr'><strong>’Abdum‘</strong></span> <span class='ocrx_word' id='word_1_39' title='bbox 1605 642 1717 692; x_wconf 67' lang='grc' dir='ltr'><strong><em>ἡμῖν,</em></strong></span> 
     </span>
     <span class='ocr_line' id='line_1_6' title="bbox 0 712 1717 772; baseline -0.002 -13"><span class='ocrx_word' id='word_1_40' title='bbox 0 712 6 772; x_wconf 57' lang='lat'><em>1</em></span> <span class='ocrx_word' id='word_1_41' title='bbox 111 713 428 772; x_wconf 54' lang='lat' dir='ltr'><strong>Plautumque</strong></span> <span class='ocrx_word' id='word_1_42' title='bbox 469 713 551 759; x_wconf 73' lang='lat' dir='ltr'><strong>filii</strong></span> <span class='ocrx_word' id='word_1_43' title='bbox 589 715 684 757; x_wconf 81' lang='lat' dir='ltr'><strong>eius</strong></span> <span class='ocrx_word' id='word_1_44' title='bbox 722 714 899 757; x_wconf 88' lang='lat' dir='ltr'><strong>fuerunt</strong></span> <span class='ocrx_word' id='word_1_45' title='bbox 942 713 1236 771; x_wconf 85' lang='lat' dir='ltr'><strong>condiscipuli,</strong></span> <span class='ocrx_word' id='word_1_46' title='bbox 1277 728 1320 757; x_wconf 85' lang='lat' dir='ltr'><strong>v.</strong></span> <span class='ocrx_word' id='word_1_47' title='bbox 1352 727 1394 771; x_wconf 88' lang='lat' dir='ltr'><strong>p.</strong></span> <span class='ocrx_word' id='word_1_48' title='bbox 1429 712 1590 757; x_wconf 78' lang='lat' dir='ltr'><strong>¹734E:</strong></span> <span class='ocrx_word' id='word_1_49' title='bbox 1633 717 1717 760; x_wconf 80' lang='grc' dir='ltr'><strong>τοῖς</strong></span> 
     </span>
     <span class='ocr_line' id='line_1_7' title="bbox 0 774 1719 842; baseline -0.002 -12"><span class='ocrx_word' id='word_1_50' title='bbox 0 774 9 824; x_wconf 61' lang='grc' dir='ltr'><em>ἶ</em></span> <span class='ocrx_word' id='word_1_51' title='bbox 111 782 303 838; x_wconf 52' lang='lat' dir='ltr'><strong>ammoth</strong></span> <span class='ocrx_word' id='word_1_52' title='bbox 342 790 431 834; x_wconf 71' lang='grc' dir='ltr'><strong>σοῖς</strong></span> <span class='ocrx_word' id='word_1_53' title='bbox 475 785 650 838; x_wconf 73' lang='grc' dir='ltr'><strong>ἑταίροις</strong></span> <span class='ocrx_word' id='word_1_54' title='bbox 692 784 808 836; x_wconf 81' lang='grc' dir='ltr'><em>ἐμοῖς</em></span> <span class='ocrx_word' id='word_1_55' title='bbox 851 783 886 827; x_wconf 73' lang='grc' dir='ltr'><strong>δ’</strong></span> <span class='ocrx_word' id='word_1_56' title='bbox 919 785 1020 833; x_wconf 82' lang='grc' dir='ltr'><em>υἱοῖς</em></span> <span class='ocrx_word' id='word_1_57' title='bbox 1053 785 1194 829; x_wconf 80' lang='grc' dir='ltr'><strong>ἐδόκει.</strong></span> <span class='ocrx_word' id='word_1_58' title='bbox 1228 785 1344 838; x_wconf 81' lang='lat' dir='ltr'><strong>Quae</strong></span> <span class='ocrx_word' id='word_1_59' title='bbox 1375 786 1562 842; x_wconf 90' lang='lat' dir='ltr'><strong>suspicio</strong></span> <span class='ocrx_word' id='word_1_60' title='bbox 1596 787 1639 827; x_wconf 90' lang='lat' dir='ltr'><strong>et</strong></span> <span class='ocrx_word' id='word_1_61' title='bbox 1670 797 1719 826; x_wconf 90' lang='lat' dir='ltr'><strong>eo</strong></span> 
     </span>
     <span class='ocr_line' id='line_1_8' title="bbox 118 855 1719 914; baseline -0.004 -8"><span class='ocrx_word' id='word_1_62' title='bbox 118 855 400 906; x_wconf 67' lang='lat' dir='ltr'><strong>oonfimatur</strong></span> <span class='ocrx_word' id='word_1_63' title='bbox 430 856 544 914; x_wconf 89' lang='lat' dir='ltr'><strong>quod</strong></span> <span class='ocrx_word' id='word_1_64' title='bbox 573 858 663 901; x_wconf 89' lang='lat' dir='ltr'><strong>iam</strong></span> <span class='ocrx_word' id='word_1_65' title='bbox 693 856 826 900; x_wconf 90' lang='lat' dir='ltr'><strong>multi</strong></span> <span class='ocrx_word' id='word_1_66' title='bbox 859 861 960 900; x_wconf 88' lang='lat' dir='ltr'><strong>sunt</strong></span> <span class='ocrx_word' id='word_1_67' title='bbox 993 855 1127 914; x_wconf 89' lang='lat' dir='ltr'><strong>elapsi</strong></span> <span class='ocrx_word' id='word_1_68' title='bbox 1158 858 1258 900; x_wconf 88' lang='lat' dir='ltr'><strong>anni</strong></span> <span class='ocrx_word' id='word_1_69' title='bbox 1289 871 1311 900; x_wconf 88' lang='lat' dir='ltr'><strong>e</strong></span> <span class='ocrx_word' id='word_1_70' title='bbox 1343 871 1426 914; x_wconf 92' lang='lat' dir='ltr'><strong>quo</strong></span> <span class='ocrx_word' id='word_1_71' title='bbox 1460 855 1719 899; x_wconf 76' lang='lat' dir='ltr'><strong>Plutarchus</strong></span> 
     </span>
     <span class='ocr_line' id='line_1_9' title="bbox 110 927 1719 986; baseline -0.002 -11"><span class='ocrx_word' id='word_1_72' title='bbox 110 927 372 986; x_wconf 63' lang='lat' dir='ltr'><strong>&amp;uniusque</strong></span> <span class='ocrx_word' id='word_1_73' title='bbox 411 927 623 972; x_wconf 88' lang='lat' dir='ltr'><strong>ultimum</strong></span> <span class='ocrx_word' id='word_1_74' title='bbox 665 932 767 972; x_wconf 84' lang='lat' dir='ltr'><strong>sunt</strong></span> <span class='ocrx_word' id='word_1_75' title='bbox 807 929 1023 986; x_wconf 79' lang='lat' dir='ltr'><strong>congressi</strong></span> <span class='ocrx_word' id='word_1_76' title='bbox 1064 943 1105 972; x_wconf 82' lang='lat' dir='ltr'><strong>v.</strong></span> <span class='ocrx_word' id='word_1_77' title='bbox 1139 928 1187 972; x_wconf 89' lang='lat' dir='ltr'><strong>L.</strong></span> <span class='ocrx_word' id='word_1_78' title='bbox 1220 927 1256 972; x_wconf 86' lang='lat' dir='ltr'><strong>V</strong></span> <span class='ocrx_word' id='word_1_79' title='bbox 1287 929 1346 972; x_wconf 88' lang='lat' dir='ltr'><strong>in.</strong></span> <span class='ocrx_word' id='word_1_80' title='bbox 1389 928 1535 971; x_wconf 80' lang='lat' dir='ltr'><strong>Mittit</strong></span> <span class='ocrx_word' id='word_1_81' title='bbox 1574 931 1719 971; x_wconf 88' lang='lat' dir='ltr'><strong>autem</strong></span> 
     </span>
     <span class='ocr_line' id='line_1_10' title="bbox 110 998 1721 1057; baseline -0.003 -10"><span class='ocrx_word' id='word_1_82' title='bbox 110 998 435 1057; x_wconf 66' lang='lat' dir='ltr'><strong>oolb&#39;quiorum</strong></span> <span class='ocrx_word' id='word_1_83' title='bbox 464 998 609 1051; x_wconf 83' lang='lat' dir='ltr'><strong>libros,</strong></span> <span class='ocrx_word' id='word_1_84' title='bbox 641 1002 833 1057; x_wconf 89' lang='lat' dir='ltr'><strong>primum</strong></span> <span class='ocrx_word' id='word_1_85' title='bbox 866 1003 953 1043; x_wconf 86' lang='lat' dir='ltr'><strong>tres</strong></span> <span class='ocrx_word' id='word_1_86' title='bbox 981 999 1126 1052; x_wconf 90' lang='lat' dir='ltr'><strong>simul,</strong></span> <span class='ocrx_word' id='word_1_87' title='bbox 1155 999 1307 1043; x_wconf 87' lang='lat' dir='ltr'><strong>deinde</strong></span> <span class='ocrx_word' id='word_1_88' title='bbox 1333 1014 1501 1056; x_wconf 87' lang='lat' dir='ltr'><strong>semper</strong></span> <span class='ocrx_word' id='word_1_89' title='bbox 1525 998 1721 1056; x_wconf 82' lang='lat' dir='ltr'><strong>singulos</strong></span> 
     </span>
     <span class='ocr_line' id='line_1_11' title="bbox 112 1070 1720 1129; baseline -0.002 -12"><span class='ocrx_word' id='word_1_90' title='bbox 112 1071 387 1129; x_wconf 73' lang='lat' dir='ltr'><strong>-simuhtque</strong></span> <span class='ocrx_word' id='word_1_91' title='bbox 429 1075 530 1115; x_wconf 87' lang='lat' dir='ltr'><strong>sunt</strong></span> <span class='ocrx_word' id='word_1_92' title='bbox 575 1072 772 1128; x_wconf 85' lang='lat' dir='ltr'><strong>perfecti,</strong></span> <span class='ocrx_word' id='word_1_93' title='bbox 820 1071 1069 1129; x_wconf 79' lang='lat' dir='ltr'><strong>clauditque</strong></span> <span class='ocrx_word' id='word_1_94' title='bbox 1107 1070 1317 1115; x_wconf 90' lang='lat' dir='ltr'><strong>ultimum</strong></span> <span class='ocrx_word' id='word_1_95' title='bbox 1359 1070 1617 1115; x_wconf 82' lang='lat' dir='ltr'><strong>allocutione</strong></span> <span class='ocrx_word' id='word_1_96' title='bbox 1667 1070 1720 1114; x_wconf 88' lang='lat' dir='ltr'><strong>ad</strong></span> 
     </span>
     <span class='ocr_line' id='line_1_12' title="bbox 112 1142 1721 1201; baseline -0.002 -13"><span class='ocrx_word' id='word_1_97' title='bbox 112 1142 306 1189; x_wconf 23' lang='lat' dir='ltr'><strong>&#39;eundem</strong></span> <span class='ocrx_word' id='word_1_98' title='bbox 337 1142 528 1189; x_wconf 79' lang='lat' dir='ltr'><strong>Sossium</strong></span> <span class='ocrx_word' id='word_1_99' title='bbox 555 1142 846 1188; x_wconf 84' lang='lat' dir='ltr'><strong>Senecionem.</strong></span> <span class='ocrx_word' id='word_1_100' title='bbox 879 1143 990 1187; x_wconf 84' lang='lat' dir='ltr'><strong>Sunt</strong></span> <span class='ocrx_word' id='word_1_101' title='bbox 1017 1157 1120 1201; x_wconf 82' lang='lat' dir='ltr'><strong>ergo</strong></span> <span class='ocrx_word' id='word_1_102' title='bbox 1147 1142 1250 1186; x_wconf 87' lang='lat' dir='ltr'><strong>libri</strong></span> <span class='ocrx_word' id='word_1_103' title='bbox 1273 1142 1343 1186; x_wconf 88' lang='lat' dir='ltr'><strong>illi</strong></span> <span class='ocrx_word' id='word_1_104' title='bbox 1368 1142 1588 1200; x_wconf 85' lang='lat' dir='ltr'><strong>epistolae,</strong></span> <span class='ocrx_word' id='word_1_105' title='bbox 1617 1155 1721 1199; x_wconf 85' lang='lat' dir='ltr'><strong>quas</strong></span> 
     </span>
     <span class='ocr_line' id='line_1_13' title="bbox 113 1204 1720 1272; baseline -0.003 -11"><span class='ocrx_word' id='word_1_106' title='bbox 113 1204 440 1272; x_wconf 66' lang='lat' dir='ltr'><strong>semper-brevi</strong></span> <span class='ocrx_word' id='word_1_107' title='bbox 469 1214 697 1259; x_wconf 83' lang='lat' dir='ltr'><strong>intervallo</strong></span> <span class='ocrx_word' id='word_1_108' title='bbox 729 1228 819 1259; x_wconf 85' lang='lat' dir='ltr'><strong>esse</strong></span> <span class='ocrx_word' id='word_1_109' title='bbox 851 1217 1030 1272; x_wconf 82' lang='lat' dir='ltr'><strong>scriptas</strong></span> <span class='ocrx_word' id='word_1_110' title='bbox 1061 1218 1391 1258; x_wconf 88' lang='lat' dir='ltr'><strong>consentaneum</strong></span> <span class='ocrx_word' id='word_1_111' title='bbox 1425 1217 1502 1258; x_wconf 88' lang='lat' dir='ltr'><strong>est.</strong></span> <span class='ocrx_word' id='word_1_112' title='bbox 1535 1213 1586 1257; x_wconf 91' lang='lat' dir='ltr'><strong>In</strong></span> <span class='ocrx_word' id='word_1_113' title='bbox 1614 1214 1720 1270; x_wconf 87' lang='lat' dir='ltr'><strong>ipsis</strong></span> 
     </span>
     <span class='ocr_line' id='line_1_14' title="bbox 111 1284 1721 1343; baseline -0.003 -10"><span class='ocrx_word' id='word_1_114' title='bbox 111 1291 267 1333; x_wconf 52' lang='lat' dir='ltr'><strong>autom</strong></span> <span class='ocrx_word' id='word_1_115' title='bbox 299 1284 533 1343; x_wconf 80' lang='lat' dir='ltr'><strong>-oolloquiis</strong></span> <span class='ocrx_word' id='word_1_116' title='bbox 571 1285 742 1330; x_wconf 89' lang='lat' dir='ltr'><strong>nullum</strong></span> <span class='ocrx_word' id='word_1_117' title='bbox 784 1290 950 1330; x_wconf 88' lang='lat' dir='ltr'><strong>certum</strong></span> <span class='ocrx_word' id='word_1_118' title='bbox 982 1287 1188 1342; x_wconf 86' lang='lat' dir='ltr'><strong>temporis</strong></span> <span class='ocrx_word' id='word_1_119' title='bbox 1221 1285 1414 1329; x_wconf 85' lang='lat' dir='ltr'><strong>ordinem</strong></span> <span class='ocrx_word' id='word_1_120' title='bbox 1445 1285 1721 1342; x_wconf 88' lang='lat' dir='ltr'><strong>deprehendi-</strong></span> 
     </span>
     <span class='ocr_line' id='line_1_15' title="bbox 121 1356 1720 1416; baseline -0.004 -10"><span class='ocrx_word' id='word_1_121' title='bbox 121 1371 246 1416; x_wconf 58' lang='grc'><strong>1131593</strong></span> <span class='ocrx_word' id='word_1_122' title='bbox 291 1359 349 1405; x_wconf 73' lang='lat' dir='ltr'><strong>in·</strong></span> <span class='ocrx_word' id='word_1_123' title='bbox 383 1357 595 1415; x_wconf 84' lang='lat' dir='ltr'><strong>colloquio</strong></span> <span class='ocrx_word' id='word_1_124' title='bbox 636 1358 670 1410; x_wconf 87' lang='lat'><strong>1,</strong></span> <span class='ocrx_word' id='word_1_125' title='bbox 715 1357 757 1410; x_wconf 85' lang='lat'><strong>5,</strong></span> <span class='ocrx_word' id='word_1_126' title='bbox 805 1359 1004 1415; x_wconf 87' lang='lat' dir='ltr'><strong>quamvis</strong></span> <span class='ocrx_word' id='word_1_127' title='bbox 1051 1357 1178 1402; x_wconf 88' lang='lat' dir='ltr'><strong>aliter</strong></span> <span class='ocrx_word' id='word_1_128' title='bbox 1221 1358 1378 1401; x_wconf 85' lang='lat' dir='ltr'><strong>sentiat</strong></span> <span class='ocrx_word' id='word_1_129' title='bbox 1409 1356 1720 1408; x_wconf 86' lang='lat' dir='ltr'><strong>Volkmannus,</strong></span> 
     </span>
     <span class='ocr_line' id='line_1_16' title="bbox 115 1428 1722 1487; baseline -0.001 -14"><span class='ocrx_word' id='word_1_130' title='bbox 115 1428 319 1487; x_wconf 52' lang='lat' dir='ltr'><strong>»quim</strong></span> <span class='ocrx_word' id='word_1_131' title='bbox 364 1431 454 1475; x_wconf 71' lang='lat' dir='ltr'><strong>iam</strong></span> <span class='ocrx_word' id='word_1_132' title='bbox 499 1434 692 1473; x_wconf 74' lang='lat' dir='ltr'><strong>mortuum</strong></span> <span class='ocrx_word' id='word_1_133' title='bbox 733 1443 824 1472; x_wconf 89' lang='lat' dir='ltr'><strong>esse</strong></span> <span class='ocrx_word' id='word_1_134' title='bbox 854 1429 1102 1486; x_wconf 83' lang='lat' dir='ltr'><strong>Lampriam</strong></span> <span class='ocrx_word' id='word_1_135' title='bbox 1134 1443 1264 1473; x_wconf 86' lang='lat' dir='ltr'><strong>avum</strong></span> <span class='ocrx_word' id='word_1_136' title='bbox 1297 1429 1501 1481; x_wconf 80' lang='lat' dir='ltr'><strong>dixerim;</strong></span> <span class='ocrx_word' id='word_1_137' title='bbox 1533 1428 1722 1486; x_wconf 82' lang='lat' dir='ltr'><strong>legimus</strong></span> 
     </span>
     <span class='ocr_line' id='line_1_17' title="bbox 120 1497 1722 1554; baseline -0.004 -7"><span class='ocrx_word' id='word_1_138' title='bbox 120 1500 401 1547; x_wconf 41' lang='lat' dir='ltr'><strong>animvm&amp;</strong></span> <span class='ocrx_word' id='word_1_139' title='bbox 444 1497 497 1549; x_wconf 75' lang='grc' dir='ltr'><strong>ἦν</strong></span> <span class='ocrx_word' id='word_1_140' title='bbox 537 1500 582 1544; x_wconf 80' lang='grc' dir='ltr'><strong>δὲ</strong></span> <span class='ocrx_word' id='word_1_141' title='bbox 622 1502 856 1553; x_wconf 72' lang='grc' dir='ltr'><strong>Λαμπρίας</strong></span> <span class='ocrx_word' id='word_1_142' title='bbox 899 1501 918 1543; x_wconf 82' lang='grc' dir='ltr'><em>ὃ</em></span> <span class='ocrx_word' id='word_1_143' title='bbox 961 1500 1152 1554; x_wconf 69' lang='grc' dir='ltr'><strong><em>ἡμέτερος</em></strong></span> <span class='ocrx_word' id='word_1_144' title='bbox 1197 1500 1372 1548; x_wconf 69' lang='grc' dir='ltr'><strong><em>πάππος</em></strong></span> <span class='ocrx_word' id='word_1_145' title='bbox 1420 1501 1458 1542; x_wconf 82' lang='grc' dir='ltr'><strong>ἐν</strong></span> <span class='ocrx_word' id='word_1_146' title='bbox 1504 1501 1559 1551; x_wconf 75' lang='grc' dir='ltr'><strong>τῷ</strong></span> <span class='ocrx_word' id='word_1_147' title='bbox 1593 1501 1722 1543; x_wconf 84' lang='grc' dir='ltr'><strong><em>πίνειν</em></strong></span> 
     </span>
     <span class='ocr_line' id='line_1_18' title="bbox 115 1570 1721 1626; baseline -0.004 -7"><span class='ocrx_word' id='word_1_148' title='bbox 115 1572 454 1626; x_wconf 20' lang='grc' dir='ltr'><strong>Ᾰεῦρετικῶτκτος.</strong></span> <span class='ocrx_word' id='word_1_149' title='bbox 497 1572 609 1617; x_wconf 77' lang='lat' dir='ltr'><strong>Item</strong></span> <span class='ocrx_word' id='word_1_150' title='bbox 648 1572 720 1625; x_wconf 89' lang='lat' dir='ltr'><strong>IV,</strong></span> <span class='ocrx_word' id='word_1_151' title='bbox 754 1572 782 1615; x_wconf 91' lang='lat'>4</span> <span class='ocrx_word' id='word_1_152' title='bbox 815 1571 921 1626; x_wconf 88' lang='grc'>(669</span> <span class='ocrx_word' id='word_1_153' title='bbox 935 1571 1011 1626; x_wconf 85' lang='lat' dir='ltr'><strong>C):</strong></span> <span class='ocrx_word' id='word_1_154' title='bbox 1045 1571 1063 1614; x_wconf 82' lang='grc' dir='ltr'>ὅ</span> <span class='ocrx_word' id='word_1_155' title='bbox 1097 1571 1182 1626; x_wconf 69' lang='grc' dir='ltr'><strong>γὰρ</strong></span> <span class='ocrx_word' id='word_1_156' title='bbox 1214 1573 1313 1623; x_wconf 77' lang='grc' dir='ltr'><strong>ἐμὸς</strong></span> <span class='ocrx_word' id='word_1_157' title='bbox 1343 1570 1517 1618; x_wconf 68' lang='grc' dir='ltr'><strong><em>πάππος</em></strong></span> <span class='ocrx_word' id='word_1_158' title='bbox 1549 1571 1721 1615; x_wconf 72' lang='grc' dir='ltr'><strong><em>εἰώθει</em></strong></span> 
     </span>
     <span class='ocr_line' id='line_1_19' title="bbox 120 1643 1724 1701; baseline -0.002 -12"><span class='ocrx_word' id='word_1_159' title='bbox 120 1644 265 1699; x_wconf 57' lang='lat' dir='ltr'><strong>Amen</strong></span> <span class='ocrx_word' id='word_1_160' title='bbox 290 1644 523 1689; x_wconf 10' lang='lat' dir='ltr'><strong>taxatum.</strong></span> <span class='ocrx_word' id='word_1_161' title='bbox 563 1645 624 1688; x_wconf 83' lang='lat' dir='ltr'><strong>At</strong></span> <span class='ocrx_word' id='word_1_162' title='bbox 663 1643 714 1696; x_wconf 90' lang='lat' dir='ltr'><strong>V,</strong></span> <span class='ocrx_word' id='word_1_163' title='bbox 748 1644 774 1688; x_wconf 90' lang='lat'>5</span> <span class='ocrx_word' id='word_1_164' title='bbox 817 1645 932 1688; x_wconf 84' lang='lat' dir='ltr'><strong>vivit</strong></span> <span class='ocrx_word' id='word_1_165' title='bbox 973 1645 1105 1689; x_wconf 85' lang='lat' dir='ltr'><strong>etiam</strong></span> <span class='ocrx_word' id='word_1_166' title='bbox 1149 1647 1192 1687; x_wconf 90' lang='lat' dir='ltr'><strong>et</strong></span> <span class='ocrx_word' id='word_1_167' title='bbox 1229 1643 1475 1701; x_wconf 88' lang='lat' dir='ltr'><strong>colloquens</strong></span> <span class='ocrx_word' id='word_1_168' title='bbox 1504 1643 1724 1687; x_wconf 86' lang='lat' dir='ltr'><strong>inducitur</strong></span> 
     </span>
     <span class='ocr_line' id='line_1_20' title="bbox 115 1714 1721 1777; baseline -0.002 -15"><span class='ocrx_word' id='word_1_169' title='bbox 115 1714 407 1777; x_wconf 56' lang='lat' dir='ltr'><strong>(Oflssfflrek</strong></span> <span class='ocrx_word' id='word_1_170' title='bbox 430 1716 555 1768; x_wconf 66' lang='grc' dir='ltr'><strong><em>μέσον</em></strong></span> <span class='ocrx_word' id='word_1_171' title='bbox 579 1715 652 1767; x_wconf 75' lang='grc' dir='ltr'><strong>ἤδη</strong></span> <span class='ocrx_word' id='word_1_172' title='bbox 679 1715 973 1770; x_wconf 68' lang='grc' dir='ltr'><strong><em>Φθεγὲοὲμενος</em></strong></span> <span class='ocrx_word' id='word_1_173' title='bbox 999 1716 1018 1759; x_wconf 81' lang='grc' dir='ltr'><em>ὃ</em></span> <span class='ocrx_word' id='word_1_174' title='bbox 1047 1716 1224 1764; x_wconf 72' lang='grc' dir='ltr'><strong><em>πάππος</em></strong></span> <span class='ocrx_word' id='word_1_175' title='bbox 1251 1716 1363 1767; x_wconf 70' lang='grc' dir='ltr'><strong><em>ἡμῶν</em></strong></span> <span class='ocrx_word' id='word_1_176' title='bbox 1389 1715 1622 1769; x_wconf 75' lang='grc' dir='ltr'><strong><em>Λαμπρίας</em></strong></span> <span class='ocrx_word' id='word_1_177' title='bbox 1649 1747 1660 1760; x_wconf 91' lang='grc'><strong>.</strong></span> <span class='ocrx_word' id='word_1_178' title='bbox 1681 1746 1691 1758; x_wconf 94' lang='grc'><strong>.</strong></span> <span class='ocrx_word' id='word_1_179' title='bbox 1712 1746 1721 1758; x_wconf 90' lang='grc'><strong>.</strong></span> 
     </span>
     <span class='ocr_line' id='line_1_21' title="bbox 121 1785 282 1834; baseline -0.019 -1"><span class='ocrx_word' id='word_1_180' title='bbox 121 1785 282 1834; x_wconf 65' lang='grc' dir='ltr'><strong>εἶπεν..Ε</strong></span> 
     </span>
     <span class='ocr_line' id='line_1_22' title="bbox 113 1858 1724 1917; baseline -0.002 -11"><span class='ocrx_word' id='word_1_181' title='bbox 113 1892 123 1895; x_wconf 93' lang='grc'>-</span> <span class='ocrx_word' id='word_1_182' title='bbox 183 1858 327 1906; x_wconf 66' lang='grc' dir='ltr'><strong>Ιιὶῦσο,</strong></span> <span class='ocrx_word' id='word_1_183' title='bbox 343 1859 411 1903; x_wconf 82' lang='lat' dir='ltr'><strong>IX</strong></span> <span class='ocrx_word' id='word_1_184' title='bbox 438 1860 527 1903; x_wconf 80' lang='lat' dir='ltr'><strong>iam</strong></span> <span class='ocrx_word' id='word_1_185' title='bbox 558 1862 783 1904; x_wconf 86' lang='lat' dir='ltr'><strong>mortuum</strong></span> <span class='ocrx_word' id='word_1_186' title='bbox 811 1873 911 1903; x_wconf 87' lang='lat' dir='ltr'><strong>eum</strong></span> <span class='ocrx_word' id='word_1_187' title='bbox 939 1873 1029 1903; x_wconf 87' lang='lat' dir='ltr'><strong>esse</strong></span> <span class='ocrx_word' id='word_1_188' title='bbox 1057 1861 1246 1917; x_wconf 88' lang='lat' dir='ltr'><strong>apparet.</strong></span> <span class='ocrx_word' id='word_1_189' title='bbox 1277 1859 1398 1902; x_wconf 89' lang='lat' dir='ltr'><strong>Libri</strong></span> <span class='ocrx_word' id='word_1_190' title='bbox 1424 1858 1487 1903; x_wconf 93' lang='lat' dir='ltr'><strong>III</strong></span> <span class='ocrx_word' id='word_1_191' title='bbox 1514 1858 1724 1915; x_wconf 84' lang='lat' dir='ltr'><strong>colloquia</strong></span> 
     </span>
     <span class='ocr_line' id='line_1_23' title="bbox 116 1930 1724 1988; baseline -0.002 -11"><span class='ocrx_word' id='word_1_192' title='bbox 116 1931 253 1977; x_wconf 60' lang='lat' dir='ltr'><strong>:dumi</strong></span> <span class='ocrx_word' id='word_1_193' title='bbox 276 1931 502 1983; x_wconf 72' lang='lat' dir='ltr'><strong>habentur,</strong></span> <span class='ocrx_word' id='word_1_194' title='bbox 547 1932 639 1988; x_wconf 88' lang='lat' dir='ltr'><strong>ipse</strong></span> <span class='ocrx_word' id='word_1_195' title='bbox 684 1930 944 1975; x_wconf 80' lang='lat' dir='ltr'><strong>Plutarchus</strong></span> <span class='ocrx_word' id='word_1_196' title='bbox 991 1931 1117 1975; x_wconf 90' lang='lat' dir='ltr'><strong>modo</strong></span> <span class='ocrx_word' id='word_1_197' title='bbox 1166 1935 1230 1975; x_wconf 89' lang='lat' dir='ltr'><strong>est</strong></span> <span class='ocrx_word' id='word_1_198' title='bbox 1270 1931 1455 1983; x_wconf 85' lang='lat' dir='ltr'><strong>iuvenis,</strong></span> <span class='ocrx_word' id='word_1_199' title='bbox 1498 1946 1541 1975; x_wconf 86' lang='lat' dir='ltr'><strong>v.</strong></span> <span class='ocrx_word' id='word_1_200' title='bbox 1586 1930 1724 1974; x_wconf 88' lang='lat' dir='ltr'>649A</span> 
     </span>
     <span class='ocr_line' id='line_1_24' title="bbox 119 2001 1725 2062; baseline -0.001 -16"><span class='ocrx_word' id='word_1_201' title='bbox 119 2001 452 2062; x_wconf 38' lang='lat' dir='ltr'><strong>innova-infir</strong></span> <span class='ocrx_word' id='word_1_202' title='bbox 492 2006 571 2046; x_wconf 79' lang='grc' dir='ltr'><strong>τῶν</strong></span> <span class='ocrx_word' id='word_1_203' title='bbox 602 2002 709 2054; x_wconf 72' lang='grc' dir='ltr'><strong><em>νέων,</em></strong></span> <span class='ocrx_word' id='word_1_204' title='bbox 741 2016 842 2046; x_wconf 88' lang='lat' dir='ltr'><strong>cum</strong></span> <span class='ocrx_word' id='word_1_205' title='bbox 874 2004 1005 2047; x_wconf 86' lang='lat' dir='ltr'><strong>ceteri</strong></span> <span class='ocrx_word' id='word_1_206' title='bbox 1036 2004 1242 2047; x_wconf 86' lang='lat' dir='ltr'><strong>convivae</strong></span> <span class='ocrx_word' id='word_1_207' title='bbox 1273 2007 1475 2060; x_wconf 86' lang='lat' dir='ltr'><strong>provecta</strong></span> <span class='ocrx_word' id='word_1_208' title='bbox 1504 2004 1591 2046; x_wconf 86' lang='lat' dir='ltr'><strong>iam</strong></span> <span class='ocrx_word' id='word_1_209' title='bbox 1624 2006 1725 2046; x_wconf 89' lang='lat' dir='ltr'><strong>sunt</strong></span> 
     </span>
     <span class='ocr_line' id='line_1_25' title="bbox 117 2073 1725 2132; baseline -0.003 -11"><span class='ocrx_word' id='word_1_210' title='bbox 117 2077 278 2127; x_wconf 60' lang='lat' dir='ltr'><strong>mitto,</strong></span> <span class='ocrx_word' id='word_1_211' title='bbox 320 2074 448 2119; x_wconf 78' lang='lat' dir='ltr'><strong>modo</strong></span> <span class='ocrx_word' id='word_1_212' title='bbox 488 2078 601 2118; x_wconf 85' lang='lat' dir='ltr'><strong>certe</strong></span> <span class='ocrx_word' id='word_1_213' title='bbox 639 2075 728 2118; x_wconf 88' lang='lat' dir='ltr'><strong>iam</strong></span> <span class='ocrx_word' id='word_1_214' title='bbox 769 2076 838 2118; x_wconf 81' lang='lat' dir='ltr'><strong>vir</strong></span> <span class='ocrx_word' id='word_1_215' title='bbox 879 2078 1091 2128; x_wconf 88' lang='lat' dir='ltr'><strong>maturus,</strong></span> <span class='ocrx_word' id='word_1_216' title='bbox 1135 2075 1350 2132; x_wconf 88' lang='lat' dir='ltr'><strong>siquidem</strong></span> <span class='ocrx_word' id='word_1_217' title='bbox 1392 2074 1498 2128; x_wconf 77' lang='lat'>(652</span> <span class='ocrx_word' id='word_1_218' title='bbox 1511 2075 1568 2128; x_wconf 92' lang='lat' dir='ltr'><strong>A)</strong></span> <span class='ocrx_word' id='word_1_219' title='bbox 1609 2073 1725 2118; x_wconf 89' lang='lat' dir='ltr'><strong>haud</strong></span> 
     </span>
     <span class='ocr_line' id='line_1_26' title="bbox 125 2144 1723 2204; baseline -0.001 -14"><span class='ocrx_word' id='word_1_220' title='bbox 125 2146 254 2190; x_wconf 82' lang='lat' dir='ltr'><strong>breve</strong></span> <span class='ocrx_word' id='word_1_221' title='bbox 292 2151 365 2192; x_wconf 75' lang='lat' dir='ltr'><strong>‚est</strong></span> <span class='ocrx_word' id='word_1_222' title='bbox 408 2144 604 2202; x_wconf 80' lang='lat' dir='ltr'><strong>elapsum</strong></span> <span class='ocrx_word' id='word_1_223' title='bbox 650 2150 823 2203; x_wconf 88' lang='lat' dir='ltr'><strong>tempus</strong></span> <span class='ocrx_word' id='word_1_224' title='bbox 870 2161 922 2190; x_wconf 89' lang='lat' dir='ltr'><strong>ex</strong></span> <span class='ocrx_word' id='word_1_225' title='bbox 970 2161 1054 2204; x_wconf 90' lang='lat' dir='ltr'><strong>quo</strong></span> <span class='ocrx_word' id='word_1_226' title='bbox 1101 2146 1328 2191; x_wconf 87' lang='lat' dir='ltr'><strong>Aristoteli</strong></span> <span class='ocrx_word' id='word_1_227' title='bbox 1373 2146 1492 2190; x_wconf 84' lang='lat' dir='ltr'><strong>dedit</strong></span> <span class='ocrx_word' id='word_1_228' title='bbox 1536 2160 1723 2203; x_wconf 85' lang='lat' dir='ltr'><strong>operam.</strong></span> 
     </span>
     <span class='ocr_line' id='line_1_27' title="bbox 126 2216 1726 2276; baseline -0.003 -12"><span class='ocrx_word' id='word_1_229' title='bbox 126 2217 262 2264; x_wconf 66' lang='lat' dir='ltr'><strong>Bibra</strong></span> <span class='ocrx_word' id='word_1_230' title='bbox 284 2217 329 2263; x_wconf 84' lang='grc' dir='ltr'><strong>ΙΙ</strong></span> <span class='ocrx_word' id='word_1_231' title='bbox 361 2217 477 2271; x_wconf 87' lang='lat'><strong>10,1-</strong></span> <span class='ocrx_word' id='word_1_232' title='bbox 509 2217 626 2261; x_wconf 90' lang='lat' dir='ltr'><strong>domi</strong></span> <span class='ocrx_word' id='word_1_233' title='bbox 650 2219 738 2262; x_wconf 89' lang='lat' dir='ltr'><strong>iam</strong></span> <span class='ocrx_word' id='word_1_234' title='bbox 766 2216 1034 2275; x_wconf 85' lang='lat' dir='ltr'><strong>amplissimo</strong></span> <span class='ocrx_word' id='word_1_235' title='bbox 1061 2219 1259 2276; x_wconf 80' lang='lat' dir='ltr'><strong>fungitur</strong></span> <span class='ocrx_word' id='word_1_236' title='bbox 1284 2219 1457 2271; x_wconf 90' lang='lat' dir='ltr'><strong>honore,</strong></span> <span class='ocrx_word' id='word_1_237' title='bbox 1485 2218 1726 2262; x_wconf 79' lang='lat' dir='ltr'><strong>conferatur</strong></span> 
     </span>
     <span class='ocr_line' id='line_1_28' title="bbox 116 2287 1724 2346; baseline -0.001 -12"><span class='ocrx_word' id='word_1_238' title='bbox 116 2288 327 2346; x_wconf 45' lang='lat' dir='ltr'><strong>mequod</strong></span> <span class='ocrx_word' id='word_1_239' title='bbox 356 2287 432 2340; x_wconf 77' lang='lat' dir='ltr'><strong>Ill,</strong></span> <span class='ocrx_word' id='word_1_240' title='bbox 467 2288 508 2342; x_wconf 86' lang='lat'><strong>6,</strong></span> <span class='ocrx_word' id='word_1_241' title='bbox 526 2289 555 2332; x_wconf 87' lang='lat'>4</span> <span class='ocrx_word' id='word_1_242' title='bbox 587 2287 798 2341; x_wconf 88' lang='lat' dir='ltr'><strong>Soclarus,</strong></span> <span class='ocrx_word' id='word_1_243' title='bbox 831 2288 1056 2333; x_wconf 85' lang='lat' dir='ltr'><strong>Plutarchi</strong></span> <span class='ocrx_word' id='word_1_244' title='bbox 1089 2291 1254 2333; x_wconf 88' lang='lat' dir='ltr'><strong>amicus</strong></span> <span class='ocrx_word' id='word_1_245' title='bbox 1287 2294 1330 2333; x_wconf 89' lang='lat' dir='ltr'><strong>et</strong></span> <span class='ocrx_word' id='word_1_246' title='bbox 1361 2289 1566 2346; x_wconf 87' lang='lat' dir='ltr'><strong>aequalis,</strong></span> <span class='ocrx_word' id='word_1_247' title='bbox 1599 2289 1724 2333; x_wconf 87' lang='lat' dir='ltr'><strong>dicit:</strong></span> 
     </span>
     <span class='ocr_line' id='line_1_29' title="bbox 129 2359 1725 2415; baseline 0 -12"><span class='ocrx_word' id='word_1_248' title='bbox 129 2360 196 2404; x_wconf 76' lang='grc' dir='ltr'><strong>και)</strong></span> <span class='ocrx_word' id='word_1_249' title='bbox 233 2361 348 2411; x_wconf 69' lang='grc' dir='ltr'><strong>ἡμᾶς</strong></span> <span class='ocrx_word' id='word_1_250' title='bbox 378 2359 487 2404; x_wconf 77' lang='grc' dir='ltr'><strong><em>οὔπω</em></strong></span> <span class='ocrx_word' id='word_1_251' title='bbox 521 2360 794 2403; x_wconf 68' lang='grc' dir='ltr'><strong><em>παντάπασιν</em></strong></span> <span class='ocrx_word' id='word_1_252' title='bbox 822 2361 844 2410; x_wconf 80' lang='grc' dir='ltr'><em>ἦ</em></span> <span class='ocrx_word' id='word_1_253' title='bbox 870 2360 1093 2413; x_wconf 74' lang='grc' dir='ltr'><strong>Ἀφροδίτη</strong></span> <span class='ocrx_word' id='word_1_254' title='bbox 1121 2361 1348 2415; x_wconf 72' lang='grc' dir='ltr'><strong><em>πέφευγεν,</em></strong></span> <span class='ocrx_word' id='word_1_255' title='bbox 1374 2361 1445 2412; x_wconf 88' lang='lat' dir='ltr'><strong>VI,</strong></span> <span class='ocrx_word' id='word_1_256' title='bbox 1475 2361 1517 2413; x_wconf 83' lang='lat'><strong>8,</strong></span> <span class='ocrx_word' id='word_1_257' title='bbox 1536 2360 1562 2404; x_wconf 89' lang='lat'><strong>3</strong></span> <span class='ocrx_word' id='word_1_258' title='bbox 1591 2364 1725 2405; x_wconf 85' lang='lat' dir='ltr'><strong>semet</strong></span> 
     </span>
     <span class='ocr_line' id='line_1_30' title="bbox 118 2429 1725 2490; baseline -0.003 -10"><span class='ocrx_word' id='word_1_259' title='bbox 118 2433 287 2489; x_wconf 56' lang='lat' dir='ltr'><strong>ipsum*</strong></span> <span class='ocrx_word' id='word_1_260' title='bbox 305 2429 564 2476; x_wconf 78' lang='lat' dir='ltr'><strong>Plutarchus</strong></span> <span class='ocrx_word' id='word_1_261' title='bbox 596 2436 675 2475; x_wconf 77' lang='grc' dir='ltr'><strong>τῶν</strong></span> <span class='ocrx_word' id='word_1_262' title='bbox 706 2432 990 2486; x_wconf 79' lang='grc' dir='ltr'><strong><em>πρεσβυτέρων</em></strong></span> <span class='ocrx_word' id='word_1_263' title='bbox 1021 2447 1158 2477; x_wconf 89' lang='lat' dir='ltr'><strong>unum</strong></span> <span class='ocrx_word' id='word_1_264' title='bbox 1185 2447 1275 2477; x_wconf 85' lang='lat' dir='ltr'><strong>esse</strong></span> <span class='ocrx_word' id='word_1_265' title='bbox 1299 2434 1460 2476; x_wconf 86' lang='lat' dir='ltr'><strong>fatetur</strong></span> <span class='ocrx_word' id='word_1_266' title='bbox 1476 2439 1534 2490; x_wconf 90' lang='lat' dir='ltr'><strong>(p.</strong></span> <span class='ocrx_word' id='word_1_267' title='bbox 1555 2431 1643 2476; x_wconf 82' lang='lat'><strong>694</strong></span> <span class='ocrx_word' id='word_1_268' title='bbox 1655 2432 1725 2486; x_wconf 94' lang='lat' dir='ltr'><strong>D),</strong></span> 
     </span>
     <span class='ocr_line' id='line_1_31' title="bbox 119 2502 1725 2557; baseline -0.003 -6"><span class='ocrx_word' id='word_1_269' title='bbox 119 2503 185 2551; x_wconf 64' lang='grc' dir='ltr'><strong>,οἱ</strong></span> <span class='ocrx_word' id='word_1_270' title='bbox 208 2502 288 2555; x_wconf 83' lang='lat' dir='ltr'><strong>III,</strong></span> <span class='ocrx_word' id='word_1_271' title='bbox 305 2502 333 2546; x_wconf 83' lang='lat'>4</span> <span class='ocrx_word' id='word_1_272' title='bbox 361 2503 443 2547; x_wconf 78' lang='lat' dir='ltr'><strong>sub</strong></span> <span class='ocrx_word' id='word_1_273' title='bbox 466 2503 621 2548; x_wconf 81' lang='lat' dir='ltr'><strong>finem:</strong></span> <span class='ocrx_word' id='word_1_274' title='bbox 649 2505 774 2547; x_wconf 81' lang='grc' dir='ltr'><strong><em>πυθοῦ</em></strong></span> <span class='ocrx_word' id='word_1_275' title='bbox 798 2505 914 2557; x_wconf 71' lang='grc' dir='ltr'><strong><em>παρὰ</em></strong></span> <span class='ocrx_word' id='word_1_276' title='bbox 932 2506 1010 2549; x_wconf 76' lang='grc' dir='ltr'><strong>τῶν</strong></span> <span class='ocrx_word' id='word_1_277' title='bbox 1026 2504 1086 2548; x_wconf 77' lang='grc' dir='ltr'><strong>ἔτι</strong></span> <span class='ocrx_word' id='word_1_278' title='bbox 1105 2505 1506 2557; x_wconf 68' lang='grc' dir='ltr'><strong><em>συναναπαυομένων</em></strong></span> <span class='ocrx_word' id='word_1_279' title='bbox 1523 2503 1725 2556; x_wconf 69' lang='grc' dir='ltr'><strong><em>γυναιξίν.</em></strong></span> 
     </span>
     <span class='ocr_line' id='line_1_32' title="bbox 119 2574 1726 2635; baseline -0.001 -14"><span class='ocrx_word' id='word_1_280' title='bbox 119 2574 268 2622; x_wconf 68' lang='lat' dir='ltr'><strong>Yflrba</strong></span> <span class='ocrx_word' id='word_1_281' title='bbox 308 2575 412 2620; x_wconf 69' lang='lat' dir='ltr'><strong>haec</strong></span> <span class='ocrx_word' id='word_1_282' title='bbox 452 2580 554 2619; x_wconf 81' lang='lat' dir='ltr'><strong>sunt</strong></span> <span class='ocrx_word' id='word_1_283' title='bbox 592 2575 764 2620; x_wconf 85' lang='lat' dir='ltr'><strong>Mestrii</strong></span> <span class='ocrx_word' id='word_1_284' title='bbox 804 2576 932 2628; x_wconf 87' lang='lat' dir='ltr'><strong>Flori,</strong></span> <span class='ocrx_word' id='word_1_285' title='bbox 976 2591 1104 2634; x_wconf 89' lang='lat' dir='ltr'><strong>quem</strong></span> <span class='ocrx_word' id='word_1_286' title='bbox 1141 2579 1322 2635; x_wconf 81' lang='lat' dir='ltr'><strong>triginta</strong></span> <span class='ocrx_word' id='word_1_287' title='bbox 1352 2577 1439 2620; x_wconf 89' lang='lat' dir='ltr'><strong>fere</strong></span> <span class='ocrx_word' id='word_1_288' title='bbox 1469 2579 1591 2620; x_wconf 89' lang='lat' dir='ltr'><strong>anuis</strong></span> <span class='ocrx_word' id='word_1_289' title='bbox 1622 2580 1726 2619; x_wconf 90' lang='lat' dir='ltr'><strong>natu</strong></span> 
     </span>
     <span class='ocr_line' id='line_1_33' title="bbox 128 2646 1728 2706; baseline -0.001 -13"><span class='ocrx_word' id='word_1_290' title='bbox 128 2648 334 2693; x_wconf 58' lang='lat' dir='ltr'><strong>maiorem</strong></span> <span class='ocrx_word' id='word_1_291' title='bbox 362 2660 494 2703; x_wconf 76' lang='lat' dir='ltr'><strong>quam</strong></span> <span class='ocrx_word' id='word_1_292' title='bbox 519 2646 803 2692; x_wconf 73' lang='lat' dir='ltr'><strong>Plutarchum</strong></span> <span class='ocrx_word' id='word_1_293' title='bbox 829 2649 962 2692; x_wconf 86' lang='lat' dir='ltr'><strong>fuisse</strong></span> <span class='ocrx_word' id='word_1_294' title='bbox 982 2649 1081 2692; x_wconf 91' lang='lat' dir='ltr'><strong>inde</strong></span> <span class='ocrx_word' id='word_1_295' title='bbox 1103 2649 1312 2693; x_wconf 88' lang='lat' dir='ltr'><strong>efficimus</strong></span> <span class='ocrx_word' id='word_1_296' title='bbox 1329 2649 1439 2706; x_wconf 90' lang='lat' dir='ltr'><strong>quod</strong></span> <span class='ocrx_word' id='word_1_297' title='bbox 1458 2648 1728 2692; x_wconf 84' lang='lat' dir='ltr'><strong>familiariter</strong></span> 
     </span>
     <span class='ocr_line' id='line_1_34' title="bbox 120 2718 1726 2778; baseline -0.002 -13"><span class='ocrx_word' id='word_1_298' title='bbox 120 2732 183 2765; x_wconf 67' lang='lat'><strong>100</strong></span> <span class='ocrx_word' id='word_1_299' title='bbox 204 2732 317 2763; x_wconf 73' lang='lat' dir='ltr'><strong>usus</strong></span> <span class='ocrx_word' id='word_1_300' title='bbox 348 2722 414 2763; x_wconf 87' lang='lat' dir='ltr'><strong>est</strong></span> <span class='ocrx_word' id='word_1_301' title='bbox 447 2718 752 2776; x_wconf 82' lang='lat' dir='ltr'><strong>Vespasianus:</strong></span> <span class='ocrx_word' id='word_1_302' title='bbox 785 2722 822 2764; x_wconf 91' lang='lat' dir='ltr'><strong>is</strong></span> <span class='ocrx_word' id='word_1_303' title='bbox 849 2722 965 2764; x_wconf 88' lang='lat' dir='ltr'><strong>enim</strong></span> <span class='ocrx_word' id='word_1_304' title='bbox 992 2720 1135 2778; x_wconf 88' lang='lat' dir='ltr'><strong>lepido</strong></span> <span class='ocrx_word' id='word_1_305' title='bbox 1161 2722 1252 2765; x_wconf 92' lang='lat' dir='ltr'><strong>ioco</strong></span> <span class='ocrx_word' id='word_1_306' title='bbox 1279 2735 1378 2764; x_wconf 90' lang='lat' dir='ltr'><strong>eum</strong></span> <span class='ocrx_word' id='word_1_307' title='bbox 1405 2722 1562 2776; x_wconf 87' lang='lat' dir='ltr'><strong>petivit</strong></span> <span class='ocrx_word' id='word_1_308' title='bbox 1585 2724 1726 2774; x_wconf 73' lang='grc' dir='ltr'><strong><em>(χαῖρε</em></strong></span> 
     </span>
     <span class='ocr_line' id='line_1_35' title="bbox 132 2790 1729 2849; baseline 0 -15"><span class='ocrx_word' id='word_1_309' title='bbox 132 2793 329 2843; x_wconf 73' lang='grc' dir='ltr'><strong>Φλαῦρε).</strong></span> <span class='ocrx_word' id='word_1_310' title='bbox 376 2791 518 2847; x_wconf 84' lang='lat' dir='ltr'><strong>Atque</strong></span> <span class='ocrx_word' id='word_1_311' title='bbox 561 2805 603 2847; x_wconf 89' lang='lat' dir='ltr'><strong>p.</strong></span> <span class='ocrx_word' id='word_1_312' title='bbox 639 2790 773 2834; x_wconf 80' lang='lat' dir='ltr'><strong>732ss</strong></span> <span class='ocrx_word' id='word_1_313' title='bbox 810 2791 953 2843; x_wconf 92' lang='lat' dir='ltr'><strong>Philo,</strong></span> <span class='ocrx_word' id='word_1_314' title='bbox 989 2794 1076 2849; x_wconf 89' lang='lat' dir='ltr'><strong>qui,</strong></span> <span class='ocrx_word' id='word_1_315' title='bbox 1108 2792 1211 2835; x_wconf 89' lang='lat' dir='ltr'><strong>licet</strong></span> <span class='ocrx_word' id='word_1_316' title='bbox 1244 2792 1467 2835; x_wconf 87' lang='lat' dir='ltr'><strong>Plutarchi</strong></span> <span class='ocrx_word' id='word_1_317' title='bbox 1500 2792 1631 2834; x_wconf 85' lang='lat' dir='ltr'><strong>fuerit</strong></span> <span class='ocrx_word' id='word_1_318' title='bbox 1663 2791 1729 2834; x_wconf 90' lang='lat' dir='ltr'><strong>de-</strong></span> 
     </span>
     <span class='ocr_line' id='line_1_36' title="bbox 122 2861 1727 2920; baseline -0.001 -13"><span class='ocrx_word' id='word_1_319' title='bbox 122 2876 270 2907; x_wconf 64' lang='lat' dir='ltr'><strong>cessor</strong></span> <span class='ocrx_word' id='word_1_320' title='bbox 300 2863 347 2906; x_wconf 84' lang='lat' dir='ltr'><strong>in</strong></span> <span class='ocrx_word' id='word_1_321' title='bbox 372 2862 608 2907; x_wconf 85' lang='lat' dir='ltr'><strong>sacerdotio</strong></span> <span class='ocrx_word' id='word_1_322' title='bbox 637 2861 856 2919; x_wconf 86' lang='lat' dir='ltr'><strong>Delphico,</strong></span> <span class='ocrx_word' id='word_1_323' title='bbox 883 2867 1025 2907; x_wconf 88' lang='lat' dir='ltr'><strong>tamen</strong></span> <span class='ocrx_word' id='word_1_324' title='bbox 1052 2863 1167 2906; x_wconf 89' lang='lat' dir='ltr'><strong>haud</strong></span> <span class='ocrx_word' id='word_1_325' title='bbox 1194 2864 1317 2906; x_wconf 81' lang='lat' dir='ltr'><strong>multo</strong></span> <span class='ocrx_word' id='word_1_326' title='bbox 1343 2867 1408 2907; x_wconf 84' lang='lat' dir='ltr'><strong>est</strong></span> <span class='ocrx_word' id='word_1_327' title='bbox 1434 2865 1572 2906; x_wconf 86' lang='lat' dir='ltr'><strong>maior</strong></span> <span class='ocrx_word' id='word_1_328' title='bbox 1598 2877 1727 2920; x_wconf 88' lang='lat' dir='ltr'><strong>quam</strong></span> 
     </span>
     <span class='ocr_line' id='line_1_37' title="bbox 130 2933 1727 2985; baseline 0.001 -8"><span class='ocrx_word' id='word_1_329' title='bbox 130 2933 221 2985; x_wconf 81' lang='lat' dir='ltr'><strong>ille,</strong></span> <span class='ocrx_word' id='word_1_330' title='bbox 264 2937 435 2978; x_wconf 80' lang='lat' dir='ltr'><strong>vetusto</strong></span> <span class='ocrx_word' id='word_1_331' title='bbox 478 2947 596 2976; x_wconf 89' lang='lat' dir='ltr'><strong>more</strong></span> <span class='ocrx_word' id='word_1_332' title='bbox 638 2938 802 2978; x_wconf 85' lang='lat' dir='ltr'><strong>veteres</strong></span> <span class='ocrx_word' id='word_1_333' title='bbox 844 2934 1032 2977; x_wconf 87' lang='lat' dir='ltr'><strong>defendit</strong></span> <span class='ocrx_word' id='word_1_334' title='bbox 1063 2934 1263 2985; x_wconf 89' lang='lat' dir='ltr'><strong>medicos,</strong></span> <span class='ocrx_word' id='word_1_335' title='bbox 1297 2938 1340 2978; x_wconf 90' lang='lat' dir='ltr'><strong>et</strong></span> <span class='ocrx_word' id='word_1_336' title='bbox 1372 2933 1504 2978; x_wconf 83' lang='lat' dir='ltr'><strong>733F</strong></span> <span class='ocrx_word' id='word_1_337' title='bbox 1538 2933 1727 2985; x_wconf 84' lang='lat' dir='ltr'><strong>„multos</strong></span> 
     </span>
     <span class='ocr_line' id='line_1_38' title="bbox 121 3004 1726 3062; baseline -0.002 -10"><span class='ocrx_word' id='word_1_338' title='bbox 121 3005 302 3052; x_wconf 66' lang='lat' dir='ltr'><strong>‚vidimus</strong></span> <span class='ocrx_word' id='word_1_339' title='bbox 334 3005 543 3049; x_wconf 82' lang='lat' dir='ltr'><strong>seniores&#39;’</strong></span> <span class='ocrx_word' id='word_1_340' title='bbox 577 3006 638 3048; x_wconf 86' lang='lat' dir='ltr'><strong>ait</strong></span> <span class='ocrx_word' id='word_1_341' title='bbox 648 3019 659 3058; x_wconf 91' lang='lat'>;</span> <span class='ocrx_word' id='word_1_342' title='bbox 692 3005 886 3048; x_wconf 70' lang='lat' dir='ltr'><strong>vidimus:</strong></span> <span class='ocrx_word' id='word_1_343' title='bbox 921 3019 1015 3062; x_wconf 82' lang='lat' dir='ltr'><strong>ego,</strong></span> <span class='ocrx_word' id='word_1_344' title='bbox 1049 3004 1306 3049; x_wconf 84' lang='lat' dir='ltr'><strong>Plutarchus</strong></span> <span class='ocrx_word' id='word_1_345' title='bbox 1332 3005 1491 3062; x_wconf 85' lang='lat' dir='ltr'><strong>aliique</strong></span> <span class='ocrx_word' id='word_1_346' title='bbox 1518 3004 1726 3062; x_wconf 86' lang='lat' dir='ltr'><strong>aequales.</strong></span> 
     </span>
     <span class='ocr_line' id='line_1_39' title="bbox 130 3076 1728 3134; baseline -0.001 -12"><span class='ocrx_word' id='word_1_347' title='bbox 130 3076 223 3122; x_wconf 83' lang='lat' dir='ltr'><strong>Sub</strong></span> <span class='ocrx_word' id='word_1_348' title='bbox 251 3076 379 3121; x_wconf 88' lang='lat' dir='ltr'><strong>finem</strong></span> <span class='ocrx_word' id='word_1_349' title='bbox 411 3076 688 3134; x_wconf 86' lang='lat' dir='ltr'><strong>problematis</strong></span> <span class='ocrx_word' id='word_1_350' title='bbox 719 3077 747 3120; x_wconf 83' lang='lat'>2</span> <span class='ocrx_word' id='word_1_351' title='bbox 780 3076 881 3120; x_wconf 85' lang='lat' dir='ltr'><strong>libri</strong></span> <span class='ocrx_word' id='word_1_352' title='bbox 913 3077 948 3120; x_wconf 93' lang='lat' dir='ltr'>V</span> <span class='ocrx_word' id='word_1_353' title='bbox 980 3091 1062 3120; x_wconf 91' lang='lat' dir='ltr'><strong>non</strong></span> <span class='ocrx_word' id='word_1_354' title='bbox 1096 3076 1351 3121; x_wconf 87' lang='lat' dir='ltr'><strong>dissimulat.</strong></span> <span class='ocrx_word' id='word_1_355' title='bbox 1393 3076 1653 3120; x_wconf 83' lang='lat' dir='ltr'><strong>Plutarchus</strong></span> <span class='ocrx_word' id='word_1_356' title='bbox 1684 3091 1728 3120; x_wconf 88' lang='lat' dir='ltr'><strong>se</strong></span> 
     </span>
    </p>
   </div>
  </div>
 </body>
</html>
