2002 3372
1076 285 1162 337 354

330 421 596 475 cognosceret
621 415 859 467 veritatem,
882 416 926 458 in
951 419 1121 459 antrum
1138 416 1398 460 descenderit
1415 414 1646 474 Trophonii
1662 422 1791 476 atque
1804 413 1907 465 inde

330 489 500 532 redierit
540 488 663 545 plane
706 487 756 531 de
798 488 887 530 vita
929 486 1075 530 futura
1115 487 1300 531 edoctus.
1344 488 1588 531 Admodum
1620 489 1775 533 similis
1803 490 1906 534 haec

329 560 559 603 narrationi
601 558 650 601 de
694 557 922 612 Thespesio
962 559 1008 599 in
1038 557 1149 601 libro
1181 559 1244 601 De
1273 559 1367 601 Sera
1400 559 1589 601 Numinis
1627 559 1908 612 Vindictmwet

329 630 437 672 πάνυ
478 633 743 676 Πλατωνικῶς
787 629 827 670 61
859 630 1195 684 praemittuntur
1224 630 1352 673 verba
1382 628 1458 672 illa
1489 629 1594 683 (589
1605 629 1680 684 F):
1711 628 1906 675 convena

328 702 385 750 μὴ
429 701 565 750 μύθοις
608 699 815 750 ὄμοιότεροι
859 699 881 749 ἢ
924 698 1061 750 λόγοις
1094 699 1190 742 ὄντα
1223 703 1381 743 σιωπᾶν
1412 699 1590 754 ἄμεινον,
1622 714 1730 758 quae
1756 703 1800 746 oi
1831 701 1907 746 (lu-

330 772 475 813 bitatio
506 772 651 813 statim
684 771 736 813 ab
768 771 915 813 amicis
947 769 1144 813 audiendi
1161 771 1461 829 ¹cupidissimis
1493 771 1720 815 adimitur.-

385 841 551 883 Primas
582 844 724 898 partes
755 842 799 882 in
832 841 1086 897 disputando
1117 855 1244 898 agere
1275 842 1467 885 dicebam
1497 842 1741 886 Simmiam·
1781 841 1906 889 Oen-te

326 925 448 954 nemo
490 913 725 954 accuratius
766 911 1014 967 doctiusque
1059 910 1134 954 illo
1175 912 1378 968 disputat.
1412 912 1494 956 Sed
1524 927 1607 957 non
1638 915 1906 970 eum-qnam

326 983 616 1037 quaestionem
646 984 708 1024 ita
738 981 914 1043 solvisse
945 984 1094 1038 opinor
1131 987 1180 1024 ut
1210 985 1294 1039 ipsi
1327 998 1494 1040 quoque
1526 983 1756 1028 Plutarcho
1781 983 1905 1041 plene

325 1052 595 1095 satisfaceret.
639 1052 749 1105 Quid
791 1054 905 1095 enim
947 1054 1008 1095 rei
1051 1051 1145 1095 est?
1188 1053 1306 1097 Duae
1337 1057 1584 1111 praesertim
1616 1057 1730 1099 inter
1757 1069 1809 1099 se
1833 1069 1906 1113 op·

324 1127 542 1178 ponuntur
569 1125 799 1180 opiniones,
829 1123 1034 1166 Simmiae
1061 1123 1205 1177 altera,
1235 1139 1341 1181 quae
1367 1129 1410 1168 et
1435 1126 1587 1184 mytho
1614 1126 1667 1169 de
1680 1125 1905 1170 Tim-ucho

323 1193 580 1246 illustratur,
625 1194 758 1237 altera
799 1193 1030 1237 Theanoris
1073 1194 1376 1252 Pythagorici:
1419 1196 1651 1240 secundum
1682 1195 1906 1240 1116111180-

325 1266 448 1307 cratis
479 1266 632 1321 genius
665 1265 773 1307 nihil
803 1264 919 1307 aliud
946 1270 1010 1308 est
1036 1279 1164 1322 quam
1188 1281 1271 1310 vox
1299 1267 1506 1323 quaedam
1533 1282 1584 1311 ex
1610 1269 1705 1325 ipso
1730 1268 1904 1311 homine

324 1335 509 1390 profecta
549 1339 591 1377 et
635 1337 798 1392 optima
840 1349 1028 1392 quaeque
1069 1351 1243 1380 monens
1286 1342 1431 1394 (atque
1471 1338 1587 1390 adeo,
1629 1345 1678 1381 ut
1702 1351 1787 1382 .eo1
1808 1341 1906 1380 utar

324 1404 525 1460 loquendi
568 1419 721 1462 genere
765 1405 946 1456 „melior
986 1408 1094 1464 ego''
1139 1407 1352 1463 quidam);
1387 1407 1582 1452 Theanor
1610 1411 1757 1452 contra
1784 1407 1905 1452 docet

325 1490 424 1518 cum
469 1490 582 1527 vero,
623 1491 706 1519 non
745 1477 856 1528 ficto,
889 1479 1015 1533 genio
1047 1478 1116 1520 hic
1147 1480 1265 1521 nobis
1297 1493 1388 1522 rem
1420 1493 1522 1532 esse,
1554 1481 1629 1535 qui
1659 1492 1820 1523 rever-a·-
1833 1479 1905 1522 110·-

327 1547 488 1588 minem
530 1546 656 1589 ducat
687 1551 994 1603 sustentatque.
1037 1548 1147 1600 Quid
1179 1552 1322 1591 autem
1354 1547 1638 1593 Plutarchus?
1668 1549 1903 1606 Utrumque

325 1617 512 1659 defendit
546 1620 801 1660 sententiam
833 1622 877 1660 et
906 1632 1041 1674 neque
1078 1619 1321 1663 solidiorem
1351 1621 1624 1678 Pythagorae
1652 1622 1904 1664 reiicitnsen-

324 1689 502 1729 tentiam
549 1703 684 1744 neque
731 1703 755 1731 a
802 1689 1024 1732 subtiliore
1063 1689 1267 1733 Simmiae
1309 1696 1372 1734 est
1414 1691 1588 1735 alienus.
1635 1690 1757 1735 Nihil
1792 1693 1903 1735 certi

323 1762 509 1801 statuere
550 1759 690 1811 audet,
734 1761 833 1814 quia
874 1764 917 1802 et
958 1760 1230 1803 daemonium
1269 1761 1452 1805 Socratis
1483 1776 1618 1805 unum
1650 1764 1690 1805 ei
1719 1775 1809 1805 esee
1837 1763 1903 1806 vi-

323 1828 447 1870 detur
488 1843 510 1871 e
554 1831 774 1886 mysteriis
815 1829 904 1872 illis
946 1833 1237 1883 sanctissimis,
1279 1846 1385 1888 quae
1425 1832 1636 1889 explicare
1666 1837 1794 1889 atque
1824 1846 1901 1875 suo

322 1899 530 1941 arbitratu
571 1901 839 1954 interpretari
871 1898 981 1942 velle
1012 1901 1128 1944 nefas
1160 1903 1228 1945 sit.
1271 1902 1327 1945 Et
1357 1905 1528 1946 omnino
1562 1916 1653 1946 esse
1679 1905 1726 1946 in
1757 1916 1901 1946 rerum

322 1973 474 2012 natura
515 1970 739 2013 daemones
782 1971 985 2026 quosdam
1029 1972 1162 2014 credit
1193 1972 1448 2016 Plutarchus
1480 1977 1523 2017 et
1554 1972 1675 2030 saepe
1705 1973 1903 2016 lubenter

322 2039 466 2082 credit.
510 2040 682 2083 Praesto
725 2042 839 2083 enim
883 2043 922 2084 ei
954 2047 1053 2085 sunt
1085 2043 1136 2085 ad
1166 2042 1288 2086 illam
1319 2046 1607 2100 quaestionem
1639 2043 1898 2095 solvendam,

322 2124 403 2166 qua
445 2109 564 2153 nulla
605 2112 745 2167 magis
777 2115 971 2168 torquere
1005 2119 1046 2154 et
1079 2112 1307 2157 sollicitare
1338 2115 1530 2157 homines
1562 2114 1705 2158 solett-
1726 2114 1901 2156 durmale·

321 2180 483 2233 oriqine.
520 2182 585 2231 „A
616 2181 759 2224 Deone
789 2183 1025 2237 profectum
1051 2183 1215 2226 malum
1229 2182 1274 2226 ?''
1299 2187 1415 2227 anxii
1443 2198 1640 2241 quaerere
1669 2184 1900 2228 solent-ho»

320 2253 468 2303 mines,
512 2255 638 2307 atque
683 2253 844 2302 „immo
886 2253 1017 2296 vero''
1062 2253 1319 2298 Plutarchus
1362 2254 1585 2311 respondet
1629 2254 1760 2307 „mali
1789 2254 1900 2298 illud

320 2325 567 2364 creaverunt
608 2321 846 2382 daemones,
889 2325 962 2378 qui
1003 2337 1125 2380 saepe
1167 2326 1296 2367 etiam
1329 2326 1537 2369 bonorum
1567 2327 1774 2369 virtutem
1807 2338 1900 2368 eon·

319 2394 489 2434 cutiunt
518 2391 884 2450 labefactantque''
919 2394 989 2447 (cf.
1025 2394 1120 2437 Vita
1151 2395 1297 2438 Dionis
1329 2410 1364 2439 c.
1397 2396 1457 2450 2).

378 2462 459 2504 Sed
501 2462 623 2505 redeo
665 2463 716 2505 ad
757 2468 976 2506 externam
1017 2464 1117 2507 libri
1158 2468 1293 2508 nostri
1324 2469 1522 2523 speciem.
1554 2466 1896 2523 Disputationem

319 2532 369 2574 de
397 2532 581 2575 Socratis
605 2535 730 2589 genio
758 2536 918 2576 mirum
944 2536 988 2576 in
1015 2535 1191 2577 modum
1219 2550 1242 2578 a
1268 2536 1497 2580 Plutarcho
1524 2551 1612 2580 esse
1635 2542 1894 2590 exornatam,

319 2604 391 2657 qui
432 2617 516 2645 non
558 2603 698 2646 solum
740 2604 860 2647 illius
901 2619 1027 2648 causa
1068 2606 1256 2649 fabulam
1299 2610 1584 2663 composuerit
1615 2610 1666 2651 vin
1709 2622 1792 2665 qua
1829 2622 1895 2651 res

318 2674 470 2715 animis
510 2673 748 2731 legentium
790 2676 1106 2719 commovendis
1143 2691 1271 2733 quam
1303 2680 1491 2721 maxime
1522 2678 1694 2722 idoneae
1724 2692 1896 2735 perage-

317 2747 466 2785 rentur
495 2745 567 2787 sed
600 2746 728 2787 etiam
763 2760 861 2788 cum
894 2748 1096 2802 primaria
1126 2746 1203 2789 illa
1230 2747 1514 2804 disputatione
1540 2748 1645 2791 alias
1666 2747 1894 2804 elegantis-

319 2816 422 2856 sime
455 2817 734 2868 ooniunxerit‚
769 2831 904 2873 neque
934 2817 1031 2861 illas
1063 2820 1210 2875 exigui
1241 2821 1462 2871 momenti,
1493 2820 1572 2863 hoc
1603 2822 1706 2863 eatis
1734 2821 1821 2864 iam
1852 2821 1893 2863 61

318 2899 484 2940 quoque
524 2890 675 2929 notum
717 2892 780 2930 est
820 2890 894 2944 qui
937 2893 1012 2930 aut
1052 2890 1194 2945 ipsum
1234 2889 1393 2932 librum
1431 2891 1566 2934 obiter
1595 2889 1892 2934 tantummodo

318 2959 624 3007 percucurrerit
655 2962 730 2999 aut
762 2973 830 3001 me
862 2959 912 3001 de
944 2974 991 3002 eo
1024 2960 1235 3003 audiverit
1265 2961 1528 3004 referentem.
1571 2961 1719 3017 Neque
1749 2965 1891 3003 tamen

316 3025 369 3064 iis
411 3027 607 3068 omnibus
649 3041 754 3082 quae
784 3029 853 3071 hic
885 3031 1228 3073 enumeravimus
1262 3035 1482 3074 contentus
1513 3030 1780 3082 Plutarchus,
1813 3030 1892 3073 eol-
