<?xml version="1.0" encoding="UTF-8"?>
<!DOCTYPE html PUBLIC "-//W3C//DTD XHTML 1.0 Transitional//EN"
    "http://www.w3.org/TR/xhtml1/DTD/xhtml1-transitional.dtd">
<html xmlns="http://www.w3.org/1999/xhtml" xml:lang="en" lang="en">
 <head>
  <title>
</title>
<meta http-equiv="Content-Type" content="text/html;charset=utf-8" />
  <meta name='ocr-system' content='tesseract 3.04.00' />
  <meta name='ocr-capabilities' content='ocr_page ocr_carea ocr_par ocr_line ocrx_word'/>
</head>
<body>
  <div class='ocr_page' id='page_1' title='image "./deplutarchoscrip00hartuoft_0101.png"; bbox 0 0 2002 3372; ppageno 0'>
   <div class='ocr_carea' id='block_1_1' title="bbox 874 183 931 226">
    <p class='ocr_par' dir='ltr' id='par_1_1' title="bbox 874 183 931 226">
     <span class='ocr_line' id='line_1_1' title="bbox 874 183 931 226; baseline 0 0"><span class='ocrx_word' id='word_1_1' title='bbox 874 183 931 226; x_wconf 83' lang='lat'><strong>85</strong></span> 
     </span>
    </p>
   </div>
   <div class='ocr_carea' id='block_1_2' title="bbox 0 0 133 3372">
    <p class='ocr_par' dir='ltr' id='par_1_2' title="bbox 0 0 133 3372">
     <span class='ocr_line' id='line_1_2' title="bbox 0 0 133 3372; baseline 0 0"><span class='ocrx_word' id='word_1_2' title='bbox 0 0 133 3372; x_wconf 95' lang='lat' dir='ltr'><strong> </strong></span> 
     </span>
    </p>
   </div>
   <div class='ocr_carea' id='block_1_3' title="bbox 17 301 1719 3011">
    <p class='ocr_par' dir='ltr' id='par_1_3' title="bbox 15 301 1705 1077">
     <span class='ocr_line' id='line_1_3' title="bbox 64 301 1703 371; baseline -0.001 -18"><span class='ocrx_word' id='word_1_3' title='bbox 64 304 78 322; x_wconf 56' lang='lat'>⁶</span> <span class='ocrx_word' id='word_1_4' title='bbox 76 301 349 371; x_wconf 64' lang='grc' dir='ltr'><strong>ὤμῑῦοὶίοτε</strong></span> <span class='ocrx_word' id='word_1_5' title='bbox 379 309 426 351; x_wconf 89' lang='lat' dir='ltr'><strong>in</strong></span> <span class='ocrx_word' id='word_1_6' title='bbox 459 305 651 351; x_wconf 88' lang='lat' dir='ltr'><strong>crudeles</strong></span> <span class='ocrx_word' id='word_1_7' title='bbox 679 302 780 349; x_wconf 81' lang='lat' dir='ltr'><strong>illos</strong></span> <span class='ocrx_word' id='word_1_8' title='bbox 813 306 1069 349; x_wconf 77' lang='lat' dir='ltr'><strong>feneratores</strong></span> <span class='ocrx_word' id='word_1_9' title='bbox 1101 309 1175 364; x_wconf 90' lang='lat' dir='ltr'><strong>qui</strong></span> <span class='ocrx_word' id='word_1_10' title='bbox 1207 307 1362 365; x_wconf 88' lang='lat' dir='ltr'><strong>oppida</strong></span> <span class='ocrx_word' id='word_1_11' title='bbox 1393 310 1435 350; x_wconf 88' lang='lat' dir='ltr'><strong>in</strong></span> <span class='ocrx_word' id='word_1_12' title='bbox 1471 311 1703 365; x_wconf 82' lang='lat' dir='ltr'><strong>provinciis</strong></span> 
     </span>
     <span class='ocr_line' id='line_1_4' title="bbox 75 376 1704 444; baseline -0.001 -20.036"><span class='ocrx_word' id='word_1_13' title='bbox 75 378 340 444; x_wconf 67' lang='lat' dir='ltr'><strong>inplebant</strong></span> <span class='ocrx_word' id='word_1_14' title='bbox 364 379 644 424; x_wconf 86' lang='lat' dir='ltr'><strong>creditoribus</strong></span> <span class='ocrx_word' id='word_1_15' title='bbox 671 378 774 430; x_wconf 82' lang='lat' dir='ltr'><strong>suis,</strong></span> <span class='ocrx_word' id='word_1_16' title='bbox 804 376 1020 434; x_wconf 89' lang='lat' dir='ltr'><strong>simulque</strong></span> <span class='ocrx_word' id='word_1_17' title='bbox 1048 379 1121 430; x_wconf 88' lang='lat' dir='ltr'><strong>sic,</strong></span> <span class='ocrx_word' id='word_1_18' title='bbox 1150 379 1289 422; x_wconf 86' lang='lat' dir='ltr'><strong>obiter</strong></span> <span class='ocrx_word' id='word_1_19' title='bbox 1315 379 1489 436; x_wconf 88' lang='lat' dir='ltr'><strong>quidem</strong></span> <span class='ocrx_word' id='word_1_20' title='bbox 1516 383 1559 423; x_wconf 87' lang='lat' dir='ltr'><strong>et</strong></span> <span class='ocrx_word' id='word_1_21' title='bbox 1582 379 1704 423; x_wconf 88' lang='lat' dir='ltr'><strong>velut</strong></span> 
     </span>
     <span class='ocr_line' id='line_1_5' title="bbox 17 450 1704 507; baseline -0.002 -10"><span class='ocrx_word' id='word_1_22' title='bbox 17 450 21 456; x_wconf 73' lang='grc'><em>’</em></span> <span class='ocrx_word' id='word_1_23' title='bbox 69 452 148 497; x_wconf 68' lang='lat' dir='ltr'><strong>fi</strong></span> <span class='ocrx_word' id='word_1_24' title='bbox 190 452 376 496; x_wconf 82' lang='lat' dir='ltr'><strong>transitu</strong></span> <span class='ocrx_word' id='word_1_25' title='bbox 417 450 491 495; x_wconf 80' lang='lat' dir='ltr'><strong>sed</strong></span> <span class='ocrx_word' id='word_1_26' title='bbox 532 454 676 494; x_wconf 89' lang='lat' dir='ltr'><strong>tamen</strong></span> <span class='ocrx_word' id='word_1_27' title='bbox 719 463 818 492; x_wconf 89' lang='lat' dir='ltr'><strong>cum</strong></span> <span class='ocrx_word' id='word_1_28' title='bbox 863 463 1035 492; x_wconf 88' lang='lat' dir='ltr'><strong>summa</strong></span> <span class='ocrx_word' id='word_1_29' title='bbox 1078 452 1307 507; x_wconf 82' lang='lat' dir='ltr'><strong>gravitate,</strong></span> <span class='ocrx_word' id='word_1_30' title='bbox 1349 451 1564 494; x_wconf 84' lang='lat' dir='ltr'>auditores</span> <span class='ocrx_word' id='word_1_31' title='bbox 1606 465 1704 495; x_wconf 90' lang='lat' dir='ltr'><strong>suos</strong></span> 
     </span>
     <span class='ocr_line' id='line_1_6' title="bbox 46 519 1703 579; baseline -0.003 -9"><span class='ocrx_word' id='word_1_32' title='bbox 46 550 55 571; x_wconf 74' lang='grc'>;</span> <span class='ocrx_word' id='word_1_33' title='bbox 88 520 302 569; x_wconf 82' lang='lat' dir='ltr'><strong>ssmonet</strong></span> <span class='ocrx_word' id='word_1_34' title='bbox 341 535 395 566; x_wconf 90' lang='lat' dir='ltr'><strong>ne</strong></span> <span class='ocrx_word' id='word_1_35' title='bbox 433 520 559 565; x_wconf 87' lang='lat' dir='ltr'><strong>illam</strong></span> <span class='ocrx_word' id='word_1_36' title='bbox 598 523 765 578; x_wconf 88' lang='lat' dir='ltr'><strong>pestem</strong></span> <span class='ocrx_word' id='word_1_37' title='bbox 809 519 922 563; x_wconf 89' lang='lat' dir='ltr'><strong>ultro</strong></span> <span class='ocrx_word' id='word_1_38' title='bbox 963 521 1016 563; x_wconf 87' lang='lat' dir='ltr'><strong>ad</strong></span> <span class='ocrx_word' id='word_1_39' title='bbox 1049 535 1093 564; x_wconf 89' lang='lat' dir='ltr'><strong>se</strong></span> <span class='ocrx_word' id='word_1_40' title='bbox 1124 522 1337 565; x_wconf 78' lang='lat' dir='ltr'>adducant</span> <span class='ocrx_word' id='word_1_41' title='bbox 1369 536 1498 579; x_wconf 86' lang='lat' dir='ltr'><strong>supra</strong></span> <span class='ocrx_word' id='word_1_42' title='bbox 1529 537 1703 565; x_wconf 86' lang='lat' dir='ltr'><strong>censum</strong></span> 
     </span>
     <span class='ocr_line' id='line_1_7' title="bbox 101 590 1704 650; baseline -0.001 -11"><span class='ocrx_word' id='word_1_43' title='bbox 101 593 288 640; x_wconf 61' lang='lat' dir='ltr'><strong>vivendo</strong></span> <span class='ocrx_word' id='word_1_44' title='bbox 319 596 363 637; x_wconf 87' lang='lat' dir='ltr'><strong>et</strong></span> <span class='ocrx_word' id='word_1_45' title='bbox 393 591 678 637; x_wconf 88' lang='lat' dir='ltr'><strong>contrahendo</strong></span> <span class='ocrx_word' id='word_1_46' title='bbox 711 605 807 635; x_wconf 89' lang='lat' dir='ltr'><strong>aere</strong></span> <span class='ocrx_word' id='word_1_47' title='bbox 837 590 990 635; x_wconf 83' lang='lat' dir='ltr'><strong>alieno.</strong></span> <span class='ocrx_word' id='word_1_48' title='bbox 1024 591 1144 645; x_wconf 82' lang='lat' dir='ltr'><strong>Quod</strong></span> <span class='ocrx_word' id='word_1_49' title='bbox 1176 595 1398 650; x_wconf 89' lang='lat' dir='ltr'><strong>proprium</strong></span> <span class='ocrx_word' id='word_1_50' title='bbox 1431 598 1495 637; x_wconf 86' lang='lat' dir='ltr'><strong>est</strong></span> <span class='ocrx_word' id='word_1_51' title='bbox 1527 594 1704 637; x_wconf 85' lang='lat' dir='ltr'><strong>alterius</strong></span> 
     </span>
     <span class='ocr_line' id='line_1_8' title="bbox 63 663 1702 730; baseline -0.001 -20"><span class='ocrx_word' id='word_1_52' title='bbox 63 680 65 682; x_wconf 85' lang='lat'>·</span> <span class='ocrx_word' id='word_1_53' title='bbox 99 663 240 730; x_wconf 63' lang='lat' dir='ltr'><strong>iibolli</strong></span> <span class='ocrx_word' id='word_1_54' title='bbox 285 667 609 724; x_wconf 80' lang='lat' dir='ltr'><strong>argumentum.</strong></span> <span class='ocrx_word' id='word_1_55' title='bbox 658 663 752 720; x_wconf 83' lang='lat' dir='ltr'><strong>Age</strong></span> <span class='ocrx_word' id='word_1_56' title='bbox 792 664 880 706; x_wconf 88' lang='lat' dir='ltr'><strong>iam</strong></span> <span class='ocrx_word' id='word_1_57' title='bbox 924 663 1103 707; x_wconf 83' lang='lat' dir='ltr'><strong>huiusce</strong></span> <span class='ocrx_word' id='word_1_58' title='bbox 1144 678 1301 721; x_wconf 87' lang='lat' dir='ltr'><strong>paucos</strong></span> <span class='ocrx_word' id='word_1_59' title='bbox 1343 665 1549 722; x_wconf 88' lang='lat' dir='ltr'><strong>quosdam</strong></span> <span class='ocrx_word' id='word_1_60' title='bbox 1592 665 1702 709; x_wconf 86' lang='lat' dir='ltr'><strong>locos</strong></span> 
     </span>
     <span class='ocr_line' id='line_1_9' title="bbox 63 732 654 793; baseline -0.008 -11"><span class='ocrx_word' id='word_1_61' title='bbox 63 767 66 770; x_wconf 85' lang='lat'>-</span> <span class='ocrx_word' id='word_1_62' title='bbox 98 737 341 782; x_wconf 56' lang='lat' dir='ltr'><strong>meratius</strong></span> <span class='ocrx_word' id='word_1_63' title='bbox 371 732 654 793; x_wconf 79' lang='lat' dir='ltr'>aspiciamus!</span> 
     </span>
     <span class='ocr_line' id='line_1_10' title="bbox 59 800 646 864; baseline -0.007 -11"><span class='ocrx_word' id='word_1_64' title='bbox 59 800 61 805; x_wconf 47' lang='lat'><strong>¹</strong></span> <span class='ocrx_word' id='word_1_65' title='bbox 163 807 235 852; x_wconf 84' lang='lat' dir='ltr'><strong>Sic</strong></span> <span class='ocrx_word' id='word_1_66' title='bbox 265 808 418 864; x_wconf 75' lang='lat' dir='ltr'><strong>incipit</strong></span> <span class='ocrx_word' id='word_1_67' title='bbox 447 805 646 861; x_wconf 84' lang='lat'>(10013):</span> 
     </span>
     <span class='ocr_line' id='line_1_11' title="bbox 51 875 1705 942; baseline -0.002 -18"><span class='ocrx_word' id='word_1_68' title='bbox 51 900 55 910; x_wconf 54' lang='lat' dir='ltr'>f</span> <span class='ocrx_word' id='word_1_69' title='bbox 97 881 130 900; x_wconf 70' lang='lat'><strong>&#39;⁴‘</strong></span> <span class='ocrx_word' id='word_1_70' title='bbox 161 879 219 924; x_wconf 73' lang='grc' dir='ltr'><strong>τὰ</strong></span> <span class='ocrx_word' id='word_1_71' title='bbox 250 878 416 942; x_wconf 68' lang='grc' dir='ltr'><strong>Ιἱμάτια</strong></span> <span class='ocrx_word' id='word_1_72' title='bbox 458 877 568 921; x_wconf 77' lang='grc' dir='ltr'><strong><em>δοκεῖ</em></strong></span> <span class='ocrx_word' id='word_1_73' title='bbox 605 877 832 929; x_wconf 72' lang='grc' dir='ltr'><strong>θερμαίνειν</strong></span> <span class='ocrx_word' id='word_1_74' title='bbox 866 879 932 920; x_wconf 83' lang='grc' dir='ltr'><strong>τὸν</strong></span> <span class='ocrx_word' id='word_1_75' title='bbox 966 875 1184 930; x_wconf 78' lang='grc' dir='ltr'><strong><em>ἄνθρωπον,</em></strong></span> <span class='ocrx_word' id='word_1_76' title='bbox 1217 879 1289 921; x_wconf 80' lang='grc' dir='ltr'><strong><em>οὐκ</em></strong></span> <span class='ocrx_word' id='word_1_77' title='bbox 1320 879 1432 921; x_wconf 68' lang='grc' dir='ltr'><strong><em>αὐτοὶ</em></strong></span> <span class='ocrx_word' id='word_1_78' title='bbox 1465 879 1591 928; x_wconf 80' lang='grc' dir='ltr'><strong><em>δήπου</em></strong></span> <span class='ocrx_word' id='word_1_79' title='bbox 1626 879 1705 931; x_wconf 83' lang='grc' dir='ltr'><strong><em>θερ·</em></strong></span> 
     </span>
     <span class='ocr_line' id='line_1_12' title="bbox 56 948 1703 1008; baseline -0.002 -12"><span class='ocrx_word' id='word_1_80' title='bbox 56 951 62 990; x_wconf 71' lang='grc' dir='ltr'>ἶ</span> <span class='ocrx_word' id='word_1_81' title='bbox 102 950 306 1003; x_wconf 73' lang='grc' dir='ltr'><strong><em>μαίνοντα</em></strong></span> <span class='ocrx_word' id='word_1_82' title='bbox 348 949 418 992; x_wconf 80' lang='grc' dir='ltr'><strong><em>καὶ</em></strong></span> <span class='ocrx_word' id='word_1_83' title='bbox 460 948 786 1001; x_wconf 59' lang='grc' dir='ltr'><strong><em>προσβάλλοντα</em></strong></span> <span class='ocrx_word' id='word_1_84' title='bbox 832 950 901 997; x_wconf 66' lang='grc' dir='ltr'><strong><em>τὴν</em></strong></span> <span class='ocrx_word' id='word_1_85' title='bbox 937 948 1163 1001; x_wconf 75' lang='grc' dir='ltr'><strong>θερμότητα</strong></span> <span class='ocrx_word' id='word_1_86' title='bbox 1198 949 1288 1003; x_wconf 90' lang='lat' dir='ltr'><strong>(sed</strong></span> <span class='ocrx_word' id='word_1_87' title='bbox 1320 951 1420 1007; x_wconf 92' lang='lat' dir='ltr'><strong>quia</strong></span> <span class='ocrx_word' id='word_1_88' title='bbox 1453 964 1579 1008; x_wconf 89' lang='lat' dir='ltr'><strong>quem</strong></span> <span class='ocrx_word' id='word_1_89' title='bbox 1612 952 1703 1007; x_wconf 89' lang='lat' dir='ltr'><strong>ipse</strong></span> 
     </span>
     <span class='ocr_line' id='line_1_13' title="bbox 60 1019 1025 1077; baseline -0.006 -9"><span class='ocrx_word' id='word_1_90' title='bbox 60 1042 68 1060; x_wconf 60' lang='lat' dir='ltr'><strong>a</strong></span> <span class='ocrx_word' id='word_1_91' title='bbox 99 1020 192 1068; x_wconf 70' lang='lat' dir='ltr'><strong>edit</strong></span> <span class='ocrx_word' id='word_1_92' title='bbox 220 1025 474 1066; x_wconf 78' lang='lat' dir='ltr'><strong>conservant</strong></span> <span class='ocrx_word' id='word_1_93' title='bbox 503 1022 775 1077; x_wconf 81' lang='lat' dir='ltr'><strong>retinentque</strong></span> <span class='ocrx_word' id='word_1_94' title='bbox 809 1019 1025 1073; x_wconf 87' lang='lat' dir='ltr'><strong>calorem).</strong></span> 
     </span>
    </p>

    <p class='ocr_par' dir='ltr' id='par_1_4' title="bbox 101 1091 1705 1220">
     <span class='ocr_line' id='line_1_14' title="bbox 140 1091 1705 1149; baseline -0.002 -11"><span class='ocrx_word' id='word_1_95' title='bbox 140 1093 452 1138; x_wconf 60' lang='lat' dir='ltr'><strong>&gt;Dubitatume</strong></span> <span class='ocrx_word' id='word_1_96' title='bbox 501 1093 632 1136; x_wconf 88' lang='lat' dir='ltr'><strong>etiam</strong></span> <span class='ocrx_word' id='word_1_97' title='bbox 680 1093 784 1149; x_wconf 90' lang='lat' dir='ltr'><strong>quin</strong></span> <span class='ocrx_word' id='word_1_98' title='bbox 832 1093 926 1135; x_wconf 88' lang='lat' dir='ltr'><strong>iure</strong></span> <span class='ocrx_word' id='word_1_99' title='bbox 974 1091 1032 1134; x_wconf 90' lang='lat' dir='ltr'><strong>H.</strong></span> <span class='ocrx_word' id='word_1_100' title='bbox 1078 1091 1281 1135; x_wconf 86' lang='lat' dir='ltr'><strong>vocabula</strong></span> <span class='ocrx_word' id='word_1_101' title='bbox 1323 1093 1590 1143; x_wconf 74' lang='grc' dir='ltr'><strong>θερμαίνοντα</strong></span> <span class='ocrx_word' id='word_1_102' title='bbox 1634 1094 1705 1135; x_wconf 83' lang='grc' dir='ltr'><strong><em>καί</em></strong></span> 
     </span>
     <span class='ocr_line' id='line_1_15' title="bbox 101 1162 1702 1220; baseline -0.002 -10"><span class='ocrx_word' id='word_1_103' title='bbox 101 1162 336 1211; x_wconf 77' lang='lat' dir='ltr'><strong>deleverit?</strong></span> <span class='ocrx_word' id='word_1_104' title='bbox 367 1163 438 1208; x_wconf 86' lang='lat' dir='ltr'><strong>Sic</strong></span> <span class='ocrx_word' id='word_1_105' title='bbox 470 1163 647 1207; x_wconf 89' lang='lat' dir='ltr'><strong>demum</strong></span> <span class='ocrx_word' id='word_1_106' title='bbox 679 1177 731 1206; x_wconf 79' lang='lat' dir='ltr'><strong>ex</strong></span> <span class='ocrx_word' id='word_1_107' title='bbox 762 1165 1032 1220; x_wconf 84' lang='lat' dir='ltr'><strong>ineptissima</strong></span> <span class='ocrx_word' id='word_1_108' title='bbox 1062 1165 1367 1206; x_wconf 86' lang='lat' dir='ltr'><strong>venustissima</strong></span> <span class='ocrx_word' id='word_1_109' title='bbox 1399 1163 1447 1206; x_wconf 89' lang='lat' dir='ltr'><strong>fit</strong></span> <span class='ocrx_word' id='word_1_110' title='bbox 1479 1164 1702 1206; x_wconf 82' lang='lat' dir='ltr'><strong>sententia.</strong></span> 
     </span>
    </p>

    <p class='ocr_par' dir='ltr' id='par_1_5' title="bbox 18 1234 1719 3011">
     <span class='ocr_line' id='line_1_16' title="bbox 163 1234 1703 1287; baseline -0.003 -6"><span class='ocrx_word' id='word_1_111' title='bbox 163 1234 302 1281; x_wconf 88' lang='lat' dir='ltr'><strong>IOOD</strong></span> <span class='ocrx_word' id='word_1_112' title='bbox 343 1235 412 1278; x_wconf 70' lang='grc' dir='ltr'><strong>καὶ</strong></span> <span class='ocrx_word' id='word_1_113' title='bbox 447 1235 589 1278; x_wconf 74' lang='grc' dir='ltr'><strong><em>πενίαν</em></strong></span> <span class='ocrx_word' id='word_1_114' title='bbox 625 1234 692 1276; x_wconf 76' lang='grc' dir='ltr'><strong><em>καὶ</em></strong></span> <span class='ocrx_word' id='word_1_115' title='bbox 726 1237 866 1287; x_wconf 68' lang='grc' dir='ltr'><strong><em>Φυγὴν</em></strong></span> <span class='ocrx_word' id='word_1_116' title='bbox 901 1235 968 1277; x_wconf 77' lang='grc' dir='ltr'><strong><em>καὶ</em></strong></span> <span class='ocrx_word' id='word_1_117' title='bbox 1002 1240 1136 1286; x_wconf 74' lang='grc' dir='ltr'><strong><em>γῆρας</em></strong></span> <span class='ocrx_word' id='word_1_118' title='bbox 1170 1235 1361 1286; x_wconf 77' lang='grc' dir='ltr'><strong><em>ἐλαφρῶς</em></strong></span> <span class='ocrx_word' id='word_1_119' title='bbox 1395 1234 1463 1276; x_wconf 77' lang='grc' dir='ltr'><strong><em>καὶ</em></strong></span> <span class='ocrx_word' id='word_1_120' title='bbox 1501 1238 1703 1285; x_wconf 74' lang='grc' dir='ltr'><strong><em>προσηνῶς</em></strong></span> 
     </span>
     <span class='ocr_line' id='line_1_17' title="bbox 62 1305 1459 1364; baseline -0.004 -11.064"><span class='ocrx_word' id='word_1_121' title='bbox 62 1361 67 1363; x_wconf 64' lang='lat'>‚</span> <span class='ocrx_word' id='word_1_122' title='bbox 101 1308 201 1364; x_wconf 64' lang='grc' dir='ltr'><strong><em>πρὸς</em></strong></span> <span class='ocrx_word' id='word_1_123' title='bbox 232 1308 422 1352; x_wconf 73' lang='grc' dir='ltr'><strong><em>εὐκολίαν</em></strong></span> <span class='ocrx_word' id='word_1_124' title='bbox 455 1306 526 1350; x_wconf 75' lang='grc' dir='ltr'><strong><em>καὶ</em></strong></span> <span class='ocrx_word' id='word_1_125' title='bbox 562 1307 778 1362; x_wconf 76' lang='grc' dir='ltr'><strong>πρᾳότητα</strong></span> <span class='ocrx_word' id='word_1_126' title='bbox 814 1305 959 1358; x_wconf 78' lang='grc' dir='ltr'><strong><em>τρόπου</em></strong></span> <span class='ocrx_word' id='word_1_127' title='bbox 993 1307 1181 1358; x_wconf 77' lang='grc' dir='ltr'><strong><em>Φέρουσιν</em></strong></span> <span class='ocrx_word' id='word_1_128' title='bbox 1215 1305 1459 1358; x_wconf 83' lang='lat' dir='ltr'><strong>(homines).</strong></span> 
     </span>
     <span class='ocr_line' id='line_1_18' title="bbox 162 1375 1703 1436; baseline -0.004 -12"><span class='ocrx_word' id='word_1_129' title='bbox 162 1378 293 1424; x_wconf 85' lang='lat' dir='ltr'><strong>Haud</strong></span> <span class='ocrx_word' id='word_1_130' title='bbox 324 1377 438 1422; x_wconf 86' lang='lat' dir='ltr'><strong>male</strong></span> <span class='ocrx_word' id='word_1_131' title='bbox 470 1378 830 1436; x_wconf 78' lang='lat' dir='ltr'><strong>wyttenbachius</strong></span> <span class='ocrx_word' id='word_1_132' title='bbox 860 1377 971 1420; x_wconf 87' lang='lat' dir='ltr'><strong>illud</strong></span> <span class='ocrx_word' id='word_1_133' title='bbox 1003 1376 1101 1430; x_wconf 83' lang='grc' dir='ltr'><strong><em>πρός</em></strong></span> <span class='ocrx_word' id='word_1_134' title='bbox 1132 1376 1268 1420; x_wconf 87' lang='lat' dir='ltr'><strong>latino</strong></span> <span class='ocrx_word' id='word_1_135' title='bbox 1299 1377 1356 1419; x_wconf 84' lang='lat' dir='ltr'><strong>ad</strong></span> <span class='ocrx_word' id='word_1_136' title='bbox 1384 1375 1588 1419; x_wconf 83' lang='lat' dir='ltr'><strong>illust-rat.</strong></span> <span class='ocrx_word' id='word_1_137' title='bbox 1621 1375 1703 1419; x_wconf 91' lang='lat' dir='ltr'><strong>Sed</strong></span> 
     </span>
     <span class='ocr_line' id='line_1_19' title="bbox 35 1447 1703 1508; baseline -0.004 -12"><span class='ocrx_word' id='word_1_138' title='bbox 35 1503 38 1506; x_wconf 13' lang='grc' dir='ltr'><strong><em>Δ</em></strong></span> <span class='ocrx_word' id='word_1_139' title='bbox 102 1455 199 1496; x_wconf 85' lang='lat' dir='ltr'><strong>tum</strong></span> <span class='ocrx_word' id='word_1_140' title='bbox 215 1451 392 1496; x_wconf 89' lang='lat' dir='ltr'><strong>demum</strong></span> <span class='ocrx_word' id='word_1_141' title='bbox 409 1464 539 1508; x_wconf 88' lang='lat' dir='ltr'><strong>quam</strong></span> <span class='ocrx_word' id='word_1_142' title='bbox 555 1449 711 1493; x_wconf 88' lang='lat' dir='ltr'><strong>habeat</strong></span> <span class='ocrx_word' id='word_1_143' title='bbox 728 1451 818 1493; x_wconf 88' lang='lat' dir='ltr'><strong>vim</strong></span> <span class='ocrx_word' id='word_1_144' title='bbox 835 1448 962 1506; x_wconf 88' lang='lat' dir='ltr'><strong>plane</strong></span> <span class='ocrx_word' id='word_1_145' title='bbox 978 1449 1300 1506; x_wconf 76' lang='lat' dir='ltr'><strong>perspiciemuS,</strong></span> <span class='ocrx_word' id='word_1_146' title='bbox 1319 1449 1354 1490; x_wconf 87' lang='lat' dir='ltr'><strong>si</strong></span> <span class='ocrx_word' id='word_1_147' title='bbox 1372 1447 1703 1499; x_wconf 82' lang='lat' dir='ltr'><strong>recordabimur,</strong></span> 
     </span>
     <span class='ocr_line' id='line_1_20' title="bbox 45 1517 1706 1583; baseline -0.005 -14.029"><span class='ocrx_word' id='word_1_148' title='bbox 45 1562 47 1579; x_wconf 45' lang='lat'><em>2</em></span> <span class='ocrx_word' id='word_1_149' title='bbox 99 1524 147 1570; x_wconf 87' lang='lat' dir='ltr'><strong>id</strong></span> <span class='ocrx_word' id='word_1_150' title='bbox 179 1523 291 1583; x_wconf 87' lang='lat' dir='ltr'><strong>quod</strong></span> <span class='ocrx_word' id='word_1_151' title='bbox 321 1521 406 1567; x_wconf 88' lang='lat' dir='ltr'><strong>alio</strong></span> <span class='ocrx_word' id='word_1_152' title='bbox 438 1521 531 1566; x_wconf 93' lang='lat' dir='ltr'><strong>loco</strong></span> <span class='ocrx_word' id='word_1_153' title='bbox 563 1521 666 1572; x_wconf 85' lang='lat' dir='ltr'><strong>dixi,</strong></span> <span class='ocrx_word' id='word_1_154' title='bbox 699 1520 956 1578; x_wconf 87' lang='lat' dir='ltr'><strong>plerumque</strong></span> <span class='ocrx_word' id='word_1_155' title='bbox 989 1521 1214 1576; x_wconf 80' lang='lat' dir='ltr'><strong>scriptores</strong></span> <span class='ocrx_word' id='word_1_156' title='bbox 1239 1517 1412 1562; x_wconf 87' lang='lat' dir='ltr'><strong>Latinos</strong></span> <span class='ocrx_word' id='word_1_157' title='bbox 1439 1517 1706 1575; x_wconf 79' lang='lat' dir='ltr'><strong>Graecosque</strong></span> 
     </span>
     <span class='ocr_line' id='line_1_21' title="bbox 98 1590 1707 1657; baseline -0.006 -16"><span class='ocrx_word' id='word_1_158' title='bbox 98 1601 270 1657; x_wconf 63' lang='lat' dir='ltr'><strong>partem</strong></span> <span class='ocrx_word' id='word_1_159' title='bbox 299 1595 506 1653; x_wconf 79' lang='lat' dir='ltr'><strong>imaginis</strong></span> <span class='ocrx_word' id='word_1_160' title='bbox 535 1594 718 1637; x_wconf 85' lang='lat' dir='ltr'><strong>retinere</strong></span> <span class='ocrx_word' id='word_1_161' title='bbox 750 1593 880 1635; x_wconf 89' lang='lat' dir='ltr'><strong>etiam</strong></span> <span class='ocrx_word' id='word_1_162' title='bbox 913 1605 1012 1635; x_wconf 91' lang='lat' dir='ltr'><strong>cum</strong></span> <span class='ocrx_word' id='word_1_163' title='bbox 1039 1593 1128 1634; x_wconf 87' lang='lat' dir='ltr'><strong>iam</strong></span> <span class='ocrx_word' id='word_1_164' title='bbox 1154 1590 1207 1634; x_wconf 89' lang='lat' dir='ltr'><strong>ad</strong></span> <span class='ocrx_word' id='word_1_165' title='bbox 1233 1592 1373 1648; x_wconf 83' lang='lat' dir='ltr'><strong>ipsam</strong></span> <span class='ocrx_word' id='word_1_166' title='bbox 1400 1604 1505 1643; x_wconf 90' lang='lat' dir='ltr'><strong>rem,</strong></span> <span class='ocrx_word' id='word_1_167' title='bbox 1533 1594 1707 1647; x_wconf 84' lang='lat' dir='ltr'><strong>propter</strong></span> 
     </span>
     <span class='ocr_line' id='line_1_22' title="bbox 18 1662 1705 1728; baseline -0.006 -14"><span class='ocrx_word' id='word_1_168' title='bbox 18 1674 39 1686; x_wconf 58' lang='lat'>²</span> <span class='ocrx_word' id='word_1_169' title='bbox 95 1675 235 1728; x_wconf 75' lang='lat' dir='ltr'><strong>quam</strong></span> <span class='ocrx_word' id='word_1_170' title='bbox 277 1669 425 1725; x_wconf 82' lang='lat' dir='ltr'><strong>imago</strong></span> <span class='ocrx_word' id='word_1_171' title='bbox 471 1665 712 1715; x_wconf 80' lang='lat' dir='ltr'><strong>adhibetur,</strong></span> <span class='ocrx_word' id='word_1_172' title='bbox 761 1665 1037 1707; x_wconf 86' lang='lat' dir='ltr'><strong>transierunt.</strong></span> <span class='ocrx_word' id='word_1_173' title='bbox 1085 1662 1156 1706; x_wconf 88' lang='lat' dir='ltr'><strong>Sic</strong></span> <span class='ocrx_word' id='word_1_174' title='bbox 1204 1662 1287 1713; x_wconf 88' lang='lat' dir='ltr'><strong>hic,</strong></span> <span class='ocrx_word' id='word_1_175' title='bbox 1330 1665 1557 1719; x_wconf 85' lang='lat' dir='ltr'><strong>postquam</strong></span> <span class='ocrx_word' id='word_1_176' title='bbox 1589 1663 1705 1719; x_wconf 87' lang='lat' dir='ltr'><strong>ignis</strong></span> 
     </span>
     <span class='ocr_line' id='line_1_23' title="bbox 95 1733 1705 1798; baseline -0.006 -12"><span class='ocrx_word' id='word_1_177' title='bbox 95 1740 298 1798; x_wconf 45' lang='lat' dir='ltr'><strong>ducisque</strong></span> <span class='ocrx_word' id='word_1_178' title='bbox 338 1751 444 1782; x_wconf 79' lang='lat' dir='ltr'><strong>usus</strong></span> <span class='ocrx_word' id='word_1_179' title='bbox 484 1740 550 1781; x_wconf 81' lang='lat' dir='ltr'><strong>est</strong></span> <span class='ocrx_word' id='word_1_180' title='bbox 590 1737 795 1794; x_wconf 82' lang='lat' dir='ltr'><strong>imagine,</strong></span> <span class='ocrx_word' id='word_1_181' title='bbox 837 1737 926 1778; x_wconf 87' lang='lat' dir='ltr'><strong>iam</strong></span> <span class='ocrx_word' id='word_1_182' title='bbox 959 1735 1010 1778; x_wconf 89' lang='lat' dir='ltr'><strong>de</strong></span> <span class='ocrx_word' id='word_1_183' title='bbox 1039 1733 1342 1777; x_wconf 71' lang='lat' dir='ltr'><strong>mansuetudine</strong></span> <span class='ocrx_word' id='word_1_184' title='bbox 1373 1733 1551 1791; x_wconf 88' lang='lat' dir='ltr'><strong>loquens</strong></span> <span class='ocrx_word' id='word_1_185' title='bbox 1582 1733 1705 1776; x_wconf 78' lang='lat' dir='ltr'><strong>lucem</strong></span> 
     </span>
     <span class='ocr_line' id='line_1_24' title="bbox 38 1801 1536 1864; baseline -0.007 -6"><span class='ocrx_word' id='word_1_186' title='bbox 38 1801 46 1844; x_wconf 46' lang='lat'><strong>⁴·</strong></span> <span class='ocrx_word' id='word_1_187' title='bbox 98 1806 226 1857; x_wconf 73' lang='lat' dir='ltr'><strong>illam</strong></span> <span class='ocrx_word' id='word_1_188' title='bbox 257 1823 349 1856; x_wconf 81' lang='lat' dir='ltr'><strong>esse</strong></span> <span class='ocrx_word' id='word_1_189' title='bbox 378 1809 580 1853; x_wconf 88' lang='lat' dir='ltr'><strong>meminit</strong></span> <span class='ocrx_word' id='word_1_190' title='bbox 609 1809 666 1850; x_wconf 79' lang='lat' dir='ltr'><strong>ad</strong></span> <span class='ocrx_word' id='word_1_191' title='bbox 695 1822 811 1864; x_wconf 83' lang='lat' dir='ltr'><strong>quam</strong></span> <span class='ocrx_word' id='word_1_192' title='bbox 844 1820 932 1850; x_wconf 85' lang='lat' dir='ltr'><strong>sors</strong></span> <span class='ocrx_word' id='word_1_193' title='bbox 963 1805 1140 1850; x_wconf 87' lang='lat' dir='ltr'><strong>adversa</strong></span> <span class='ocrx_word' id='word_1_194' title='bbox 1172 1804 1328 1849; x_wconf 85' lang='lat' dir='ltr'><strong>melius</strong></span> <span class='ocrx_word' id='word_1_195' title='bbox 1360 1805 1536 1848; x_wconf 90' lang='lat' dir='ltr'><strong>feratur.</strong></span> 
     </span>
     <span class='ocr_line' id='line_1_25' title="bbox 164 1877 1707 1937; baseline -0.005 -8.634"><span class='ocrx_word' id='word_1_196' title='bbox 164 1881 300 1928; x_wconf 79' lang='lat' dir='ltr'>100F</span> <span class='ocrx_word' id='word_1_197' title='bbox 345 1881 588 1926; x_wconf 88' lang='lat' dir='ltr'><strong>Hominum</strong></span> <span class='ocrx_word' id='word_1_198' title='bbox 630 1880 887 1937; x_wconf 88' lang='lat' dir='ltr'><strong>perversitas</strong></span> <span class='ocrx_word' id='word_1_199' title='bbox 929 1892 1152 1935; x_wconf 88' lang='lat' dir='ltr'><strong>nunquam</strong></span> <span class='ocrx_word' id='word_1_200' title='bbox 1194 1891 1266 1921; x_wconf 89' lang='lat' dir='ltr'><strong>eos</strong></span> <span class='ocrx_word' id='word_1_201' title='bbox 1297 1877 1503 1934; x_wconf 88' lang='lat' dir='ltr'><strong>relinquit</strong></span> <span class='ocrx_word' id='word_1_202' title='bbox 1536 1877 1608 1920; x_wconf 86' lang='lat' dir='ltr'><strong>sed</strong></span> <span class='ocrx_word' id='word_1_203' title='bbox 1642 1891 1707 1920; x_wconf 87' lang='lat' dir='ltr'><strong>us·</strong></span> 
     </span>
     <span class='ocr_line' id='line_1_26' title="bbox 54 1947 1707 2016; baseline -0.006 -15"><span class='ocrx_word' id='word_1_204' title='bbox 54 1951 71 1994; x_wconf 52' lang='grc' dir='ltr'><strong>’ἱ</strong></span> <span class='ocrx_word' id='word_1_205' title='bbox 102 1966 356 2016; x_wconf 77' lang='lat' dir='ltr'><strong>quequaque</strong></span> <span class='ocrx_word' id='word_1_206' title='bbox 398 1954 656 1997; x_wconf 79' lang='lat' dir='ltr'><strong>comitatur:</strong></span> <span class='ocrx_word' id='word_1_207' title='bbox 695 1950 764 1994; x_wconf 76' lang='grc' dir='ltr'><strong><em>καὶ</em></strong></span> <span class='ocrx_word' id='word_1_208' title='bbox 798 1951 883 2003; x_wconf 76' lang='grc' dir='ltr'><strong><em>γὰρ</em></strong></span> <span class='ocrx_word' id='word_1_209' title='bbox 917 1947 936 1993; x_wconf 79' lang='grc' dir='ltr'>ὃ</span> <span class='ocrx_word' id='word_1_210' title='bbox 970 1948 1220 2001; x_wconf 83' lang='grc' dir='ltr'><strong><em>καθεύδουσι,</em></strong></span> <span class='ocrx_word' id='word_1_211' title='bbox 1254 1952 1324 1992; x_wconf 81' lang='grc' dir='ltr'><strong><em>τοῦ</em></strong></span> <span class='ocrx_word' id='word_1_212' title='bbox 1358 1949 1551 2000; x_wconf 83' lang='grc' dir='ltr'><strong><em>σώματος</em></strong></span> <span class='ocrx_word' id='word_1_213' title='bbox 1585 1947 1707 1996; x_wconf 71' lang='grc' dir='ltr'><strong><em>ὕπνος</em></strong></span> 
     </span>
     <span class='ocr_line' id='line_1_27' title="bbox 45 2023 1220 2082; baseline -0.008 -10"><span class='ocrx_word' id='word_1_214' title='bbox 45 2075 51 2082; x_wconf 80' lang='lat'><em>.</em></span> <span class='ocrx_word' id='word_1_215' title='bbox 95 2026 192 2072; x_wconf 62' lang='grc' dir='ltr'><strong>’ἐστὶ</strong></span> <span class='ocrx_word' id='word_1_216' title='bbox 225 2025 305 2070; x_wconf 56' lang='grc' dir='ltr'><strong><em>καί</em></strong></span> <span class='ocrx_word' id='word_1_217' title='bbox 328 2024 567 2072; x_wconf 67' lang='grc' dir='ltr'><strong><em>ἀνάπαυσις</em></strong></span> <span class='ocrx_word' id='word_1_218' title='bbox 599 2024 780 2077; x_wconf 85' lang='lat' dir='ltr'><strong>(interea</strong></span> <span class='ocrx_word' id='word_1_219' title='bbox 811 2035 932 2064; x_wconf 85' lang='lat' dir='ltr'><strong>mens</strong></span> <span class='ocrx_word' id='word_1_220' title='bbox 964 2023 1220 2078; x_wconf 84' lang='lat' dir='ltr'><strong>torquetur).</strong></span> 
     </span>
     <span class='ocr_line' id='line_1_28' title="bbox 103 2089 1707 2153; baseline -0.007 -7.352"><span class='ocrx_word' id='word_1_221' title='bbox 103 2112 125 2118; x_wconf 58' lang='lat'><strong>‘⁴</strong></span> <span class='ocrx_word' id='word_1_222' title='bbox 162 2097 350 2143; x_wconf 76' lang='lat' dir='ltr'><strong>Minime</strong></span> <span class='ocrx_word' id='word_1_223' title='bbox 394 2094 776 2153; x_wconf 86' lang='lat' dir='ltr'><strong>obtemperandum</strong></span> <span class='ocrx_word' id='word_1_224' title='bbox 825 2092 987 2137; x_wconf 82' lang='lat' dir='ltr'><strong>Graeco</strong></span> <span class='ocrx_word' id='word_1_225' title='bbox 1036 2092 1191 2136; x_wconf 89' lang='lat' dir='ltr'><strong>editori</strong></span> <span class='ocrx_word' id='word_1_226' title='bbox 1238 2105 1314 2148; x_wconf 88' lang='lat' dir='ltr'><strong>pro</strong></span> <span class='ocrx_word' id='word_1_227' title='bbox 1358 2089 1380 2134; x_wconf 79' lang='grc' dir='ltr'><strong>δ’</strong></span> <span class='ocrx_word' id='word_1_228' title='bbox 1418 2091 1584 2149; x_wconf 85' lang='lat' dir='ltr'><strong>legenti</strong></span> <span class='ocrx_word' id='word_1_229' title='bbox 1625 2089 1707 2135; x_wconf 76' lang='grc' dir='ltr'><strong><em>ὅτε.</em></strong></span> 
     </span>
     <span class='ocr_line' id='line_1_29' title="bbox 47 2162 1710 2230; baseline -0.007 -13"><span class='ocrx_word' id='word_1_230' title='bbox 47 2195 62 2229; x_wconf 46' lang='lat'><strong>1,⁸</strong></span> <span class='ocrx_word' id='word_1_231' title='bbox 95 2169 225 2230; x_wconf 73' lang='lat' dir='ltr'><strong>Opus</strong></span> <span class='ocrx_word' id='word_1_232' title='bbox 270 2170 387 2214; x_wconf 88' lang='lat' dir='ltr'><strong>enim</strong></span> <span class='ocrx_word' id='word_1_233' title='bbox 435 2171 532 2211; x_wconf 89' lang='lat' dir='ltr'><strong>tum</strong></span> <span class='ocrx_word' id='word_1_234' title='bbox 575 2165 708 2210; x_wconf 85' lang='lat' dir='ltr'><strong>simul</strong></span> <span class='ocrx_word' id='word_1_235' title='bbox 751 2163 837 2207; x_wconf 83' lang='grc' dir='ltr'><strong>ἔστι</strong></span> <span class='ocrx_word' id='word_1_236' title='bbox 881 2165 992 2207; x_wconf 86' lang='lat' dir='ltr'><strong>foret</strong></span> <span class='ocrx_word' id='word_1_237' title='bbox 1031 2178 1108 2221; x_wconf 93' lang='lat' dir='ltr'><strong>pro</strong></span> <span class='ocrx_word' id='word_1_238' title='bbox 1150 2162 1239 2205; x_wconf 84' lang='grc' dir='ltr'><strong><em>ἐστί</em></strong></span> <span class='ocrx_word' id='word_1_239' title='bbox 1272 2196 1281 2206; x_wconf 93' lang='grc'><em>.</em></span> <span class='ocrx_word' id='word_1_240' title='bbox 1303 2195 1311 2205; x_wconf 94' lang='grc'><strong><em>.</em></strong></span> <span class='ocrx_word' id='word_1_241' title='bbox 1333 2194 1342 2205; x_wconf 94' lang='grc'><em>.</em></span> <span class='ocrx_word' id='word_1_242' title='bbox 1376 2167 1426 2205; x_wconf 89' lang='lat' dir='ltr'><strong>ut</strong></span> <span class='ocrx_word' id='word_1_243' title='bbox 1467 2167 1710 2206; x_wconf 83' lang='lat' dir='ltr'><strong>nasceretur</strong></span> 
     </span>
     <span class='ocr_line' id='line_1_30' title="bbox 56 2234 1711 2300; baseline -0.003 -17"><span class='ocrx_word' id='word_1_244' title='bbox 56 2280 58 2283; x_wconf 79' lang='grc'>,</span> <span class='ocrx_word' id='word_1_245' title='bbox 105 2241 432 2300; x_wconf 80' lang='lat' dir='ltr'><strong>languidissimi</strong></span> <span class='ocrx_word' id='word_1_246' title='bbox 473 2238 649 2295; x_wconf 78' lang='lat' dir='ltr'><strong>aliquid.</strong></span> <span class='ocrx_word' id='word_1_247' title='bbox 691 2236 834 2280; x_wconf 91' lang='lat' dir='ltr'><strong>Immo</strong></span> <span class='ocrx_word' id='word_1_248' title='bbox 877 2235 970 2279; x_wconf 89' lang='lat' dir='ltr'><strong>dele</strong></span> <span class='ocrx_word' id='word_1_249' title='bbox 1013 2234 1236 2293; x_wconf 87' lang='lat' dir='ltr'><strong>virgulam</strong></span> <span class='ocrx_word' id='word_1_250' title='bbox 1267 2238 1364 2291; x_wconf 87' lang='lat' dir='ltr'><strong>post</strong></span> <span class='ocrx_word' id='word_1_251' title='bbox 1396 2234 1633 2277; x_wconf 83' lang='grc' dir='ltr'><strong><em>καθεύδουσι</em></strong></span> <span class='ocrx_word' id='word_1_252' title='bbox 1667 2239 1711 2278; x_wconf 89' lang='lat' dir='ltr'><strong>et</strong></span> 
     </span>
     <span class='ocr_line' id='line_1_31' title="bbox 51 2301 1712 2363; baseline -0.007 -4"><span class='ocrx_word' id='word_1_253' title='bbox 51 2316 53 2318; x_wconf 77' lang='grc'><strong>’</strong></span> <span class='ocrx_word' id='word_1_254' title='bbox 100 2314 257 2359; x_wconf 73' lang='lat' dir='ltr'><strong>&#39;emnia</strong></span> <span class='ocrx_word' id='word_1_255' title='bbox 287 2315 415 2356; x_wconf 86' lang='lat' dir='ltr'><strong>erunt</strong></span> <span class='ocrx_word' id='word_1_256' title='bbox 443 2310 747 2355; x_wconf 82' lang='lat' dir='ltr'><strong>venustissima</strong></span> <span class='ocrx_word' id='word_1_257' title='bbox 778 2308 1159 2363; x_wconf 90' lang='lat' dir='ltr'><strong>disertissimaque.</strong></span> <span class='ocrx_word' id='word_1_258' title='bbox 1191 2305 1306 2349; x_wconf 87' lang='lat' dir='ltr'><strong>Illud</strong></span> <span class='ocrx_word' id='word_1_259' title='bbox 1338 2301 1356 2347; x_wconf 79' lang='grc' dir='ltr'>ὃ</span> <span class='ocrx_word' id='word_1_260' title='bbox 1385 2305 1641 2349; x_wconf 73' lang='grc' dir='ltr'><strong><em>καθεύδουσιν</em></strong></span> <span class='ocrx_word' id='word_1_261' title='bbox 1669 2310 1712 2349; x_wconf 91' lang='lat' dir='ltr'><strong>et</strong></span> 
     </span>
     <span class='ocr_line' id='line_1_32' title="bbox 36 2376 1713 2434; baseline -0.004 -7"><span class='ocrx_word' id='word_1_262' title='bbox 36 2391 39 2427; x_wconf 79' lang='grc' dir='ltr'>ζ</span> <span class='ocrx_word' id='word_1_263' title='bbox 109 2384 187 2431; x_wconf 67' lang='lat' dir='ltr'><strong>alii</strong></span> <span class='ocrx_word' id='word_1_264' title='bbox 235 2382 368 2428; x_wconf 88' lang='lat' dir='ltr'><strong>multi</strong></span> <span class='ocrx_word' id='word_1_265' title='bbox 413 2380 636 2425; x_wconf 85' lang='lat' dir='ltr'><strong>illustrant</strong></span> <span class='ocrx_word' id='word_1_266' title='bbox 679 2379 764 2424; x_wconf 90' lang='lat' dir='ltr'><strong>loci</strong></span> <span class='ocrx_word' id='word_1_267' title='bbox 811 2382 853 2422; x_wconf 88' lang='lat' dir='ltr'><strong>et</strong></span> <span class='ocrx_word' id='word_1_268' title='bbox 899 2378 975 2422; x_wconf 90' lang='lat' dir='ltr'><strong>ille</strong></span> <span class='ocrx_word' id='word_1_269' title='bbox 1020 2380 1066 2421; x_wconf 92' lang='lat' dir='ltr'><strong>in</strong></span> <span class='ocrx_word' id='word_1_270' title='bbox 1114 2377 1295 2421; x_wconf 81' lang='lat' dir='ltr'><strong>Senecae</strong></span> <span class='ocrx_word' id='word_1_271' title='bbox 1343 2376 1558 2434; x_wconf 87' lang='lat' dir='ltr'><strong>Oedipode</strong></span> <span class='ocrx_word' id='word_1_272' title='bbox 1605 2378 1713 2434; x_wconf 88' lang='lat' dir='ltr'><strong>(ipse</strong></span> 
     </span>
     <span class='ocr_line' id='line_1_33' title="bbox 30 2446 1714 2514; baseline -0.008 -12"><span class='ocrx_word' id='word_1_273' title='bbox 30 2465 42 2488; x_wconf 68' lang='lat'><strong>³·</strong></span> <span class='ocrx_word' id='word_1_274' title='bbox 110 2456 300 2514; x_wconf 78' lang='lat' dir='ltr'><strong>Oedipus</strong></span> <span class='ocrx_word' id='word_1_275' title='bbox 339 2453 644 2507; x_wconf 86' lang='lat' dir='ltr'><strong>lamentatur):</strong></span> <span class='ocrx_word' id='word_1_276' title='bbox 690 2451 822 2508; x_wconf 90' lang='lat' dir='ltr'><strong>„quid</strong></span> <span class='ocrx_word' id='word_1_277' title='bbox 864 2451 987 2493; x_wconf 87' lang='lat' dir='ltr'><strong>traho</strong></span> <span class='ocrx_word' id='word_1_278' title='bbox 1030 2450 1136 2507; x_wconf 80' lang='lat' dir='ltr'><strong>quod</strong></span> <span class='ocrx_word' id='word_1_279' title='bbox 1168 2446 1312 2491; x_wconf 80' lang='lat' dir='ltr'><strong>vivo?&#39;’</strong></span> <span class='ocrx_word' id='word_1_280' title='bbox 1348 2447 1714 2504; x_wconf 86' lang='lat' dir='ltr'><strong>quemadmodum</strong></span> 
     </span>
     <span class='ocr_line' id='line_1_34' title="bbox 42 2518 1714 2588; baseline -0.008 -14"><span class='ocrx_word' id='word_1_281' title='bbox 42 2575 45 2586; x_wconf 28' lang='grc' dir='ltr'><strong>,Ι</strong></span> <span class='ocrx_word' id='word_1_282' title='bbox 110 2526 325 2588; x_wconf 80' lang='lat' dir='ltr'><strong>praeclare</strong></span> <span class='ocrx_word' id='word_1_283' title='bbox 364 2524 612 2571; x_wconf 83' lang='lat' dir='ltr'><strong>Gronovius</strong></span> <span class='ocrx_word' id='word_1_284' title='bbox 650 2522 860 2567; x_wconf 76' lang='lat' dir='ltr'><strong>traditum</strong></span> <span class='ocrx_word' id='word_1_285' title='bbox 905 2521 1036 2579; x_wconf 88' lang='lat' dir='ltr'><strong>„quid</strong></span> <span class='ocrx_word' id='word_1_286' title='bbox 1072 2518 1223 2564; x_wconf 76' lang='lat' dir='ltr'><strong>traho?</strong></span> <span class='ocrx_word' id='word_1_287' title='bbox 1264 2519 1367 2576; x_wconf 89' lang='lat' dir='ltr'><strong>quid</strong></span> <span class='ocrx_word' id='word_1_288' title='bbox 1398 2519 1528 2563; x_wconf 84' lang='lat' dir='ltr'><strong>vivo’&#39;</strong></span> <span class='ocrx_word' id='word_1_289' title='bbox 1573 2533 1714 2562; x_wconf 86' lang='lat' dir='ltr'><strong>emen-</strong></span> 
     </span>
     <span class='ocr_line' id='line_1_35' title="bbox 34 2600 249 2646; baseline -0.014 1"><span class='ocrx_word' id='word_1_290' title='bbox 34 2603 45 2629; x_wconf 34' lang='lat'><strong>·.⁷</strong></span> <span class='ocrx_word' id='word_1_291' title='bbox 114 2600 249 2646; x_wconf 75' lang='lat' dir='ltr'><strong>davit.</strong></span> 
     </span>
     <span class='ocr_line' id='line_1_36' title="bbox 43 2659 1717 2723; baseline -0.009 -7"><span class='ocrx_word' id='word_1_292' title='bbox 43 2664 49 2721; x_wconf 60' lang='lat'><strong>³,</strong></span> <span class='ocrx_word' id='word_1_293' title='bbox 173 2669 314 2715; x_wconf 82' lang='lat' dir='ltr'>101A</span> <span class='ocrx_word' id='word_1_294' title='bbox 345 2668 485 2714; x_wconf 85' lang='lat' dir='ltr'><strong>Gausa</strong></span> <span class='ocrx_word' id='word_1_295' title='bbox 511 2681 587 2710; x_wconf 89' lang='lat' dir='ltr'><strong>cur</strong></span> <span class='ocrx_word' id='word_1_296' title='bbox 612 2667 705 2723; x_wconf 89' lang='lat' dir='ltr'><strong>ipsa</strong></span> <span class='ocrx_word' id='word_1_297' title='bbox 731 2663 946 2708; x_wconf 88' lang='lat' dir='ltr'><strong>malorum</strong></span> <span class='ocrx_word' id='word_1_298' title='bbox 974 2664 1140 2706; x_wconf 88' lang='lat' dir='ltr'><strong>somnia</strong></span> <span class='ocrx_word' id='word_1_299' title='bbox 1158 2663 1347 2705; x_wconf 85' lang='lat' dir='ltr'><strong>maxime</strong></span> <span class='ocrx_word' id='word_1_300' title='bbox 1365 2674 1511 2703; x_wconf 91' lang='lat' dir='ltr'><strong>eorum</strong></span> <span class='ocrx_word' id='word_1_301' title='bbox 1529 2659 1717 2703; x_wconf 87' lang='lat' dir='ltr'><strong>indicent</strong></span> 
     </span>
     <span class='ocr_line' id='line_1_37' title="bbox 31 2727 1717 2803; baseline -0.007 -18"><span class='ocrx_word' id='word_1_302' title='bbox 31 2727 53 2785; x_wconf 51' lang='lat' dir='ltr'>s</span> <span class='ocrx_word' id='word_1_303' title='bbox 113 2743 375 2803; x_wconf 84' lang='lat' dir='ltr'><strong>&#39;pravitatem</strong></span> <span class='ocrx_word' id='word_1_304' title='bbox 421 2743 486 2783; x_wconf 88' lang='lat' dir='ltr'><strong>est</strong></span> <span class='ocrx_word' id='word_1_305' title='bbox 532 2737 645 2795; x_wconf 90' lang='lat' dir='ltr'><strong>quod</strong></span> <span class='ocrx_word' id='word_1_306' title='bbox 691 2735 878 2779; x_wconf 89' lang='lat' dir='ltr'><strong>interdiu</strong></span> <span class='ocrx_word' id='word_1_307' title='bbox 922 2733 1000 2778; x_wconf 89' lang='lat' dir='ltr'><strong>illa</strong></span> <span class='ocrx_word' id='word_1_308' title='bbox 1044 2733 1206 2791; x_wconf 89' lang='lat' dir='ltr'><strong>pudore</strong></span> <span class='ocrx_word' id='word_1_309' title='bbox 1251 2731 1522 2788; x_wconf 82' lang='lat' dir='ltr'><strong>aliquatenus</strong></span> <span class='ocrx_word' id='word_1_310' title='bbox 1565 2730 1717 2774; x_wconf 88' lang='lat' dir='ltr'><strong>saltem</strong></span> 
     </span>
     <span class='ocr_line' id='line_1_38' title="bbox 34 2802 1535 2860; baseline -0.012 1"><span class='ocrx_word' id='word_1_311' title='bbox 34 2827 48 2839; x_wconf 76' lang='grc'><strong>”</strong></span> <span class='ocrx_word' id='word_1_312' title='bbox 115 2817 333 2860; x_wconf 73' lang='lat' dir='ltr'><strong>coercetur</strong></span> <span class='ocrx_word' id='word_1_313' title='bbox 365 2828 434 2855; x_wconf 80' lang='grc' dir='ltr'><strong><em>και</em></strong></span> <span class='ocrx_word' id='word_1_314' title='bbox 470 2811 512 2854; x_wconf 80' lang='grc' dir='ltr'><strong><em>οὗ</em></strong></span> <span class='ocrx_word' id='word_1_315' title='bbox 545 2807 796 2852; x_wconf 74' lang='grc' dir='ltr'><strong><em>παντάπασι</em></strong></span> <span class='ocrx_word' id='word_1_316' title='bbox 830 2823 899 2849; x_wconf 80' lang='grc' dir='ltr'><strong><em>τα·</em></strong></span> <span class='ocrx_word' id='word_1_317' title='bbox 887 2812 924 2854; x_wconf 84' lang='grc' dir='ltr'><strong>“”ς</strong></span> <span class='ocrx_word' id='word_1_318' title='bbox 957 2806 1103 2858; x_wconf 80' lang='grc' dir='ltr'><strong><em>ὂρμαῖς</em></strong></span> <span class='ocrx_word' id='word_1_319' title='bbox 1138 2804 1338 2847; x_wconf 75' lang='grc' dir='ltr'><strong><em>ἐκδίδωσιν</em></strong></span> <span class='ocrx_word' id='word_1_320' title='bbox 1372 2802 1535 2850; x_wconf 75' lang='grc' dir='ltr'><strong><em>ἑαυτήν.</em></strong></span> 
     </span>
     <span class='ocr_line' id='line_1_39' title="bbox 126 2872 1719 2935; baseline -0.008 -5"><span class='ocrx_word' id='word_1_321' title='bbox 126 2891 129 2893; x_wconf 61' lang='grc'><strong>“</strong></span> <span class='ocrx_word' id='word_1_322' title='bbox 176 2884 309 2929; x_wconf 84' lang='lat' dir='ltr'><strong>Recte</strong></span> <span class='ocrx_word' id='word_1_323' title='bbox 340 2881 534 2926; x_wconf 76' lang='grc' dir='ltr'><strong><em>ἐκδιδόναι</em></strong></span> <span class='ocrx_word' id='word_1_324' title='bbox 568 2882 606 2924; x_wconf 88' lang='lat' dir='ltr'><strong>is</strong></span> <span class='ocrx_word' id='word_1_325' title='bbox 640 2880 799 2923; x_wconf 87' lang='lat' dir='ltr'><strong>dicitur</strong></span> <span class='ocrx_word' id='word_1_326' title='bbox 829 2879 903 2935; x_wconf 90' lang='lat' dir='ltr'><strong>qui</strong></span> <span class='ocrx_word' id='word_1_327' title='bbox 931 2877 1007 2920; x_wconf 87' lang='lat' dir='ltr'><strong>alii</strong></span> <span class='ocrx_word' id='word_1_328' title='bbox 1031 2890 1122 2920; x_wconf 90' lang='lat' dir='ltr'><strong>rem</strong></span> <span class='ocrx_word' id='word_1_329' title='bbox 1150 2874 1282 2917; x_wconf 74' lang='lat' dir='ltr'><strong>tradit</strong></span> <span class='ocrx_word' id='word_1_330' title='bbox 1307 2872 1630 2930; x_wconf 86' lang='lat' dir='ltr'><strong>perficiendam;</strong></span> <span class='ocrx_word' id='word_1_331' title='bbox 1659 2874 1719 2917; x_wconf 86' lang='lat' dir='ltr'><strong>sie</strong></span> 
     </span>
     <span class='ocr_line' id='line_1_40' title="bbox 119 2943 1719 3011; baseline -0.009 -11"><span class='ocrx_word' id='word_1_332' title='bbox 119 2955 236 3011; x_wconf 63' lang='lat' dir='ltr'><strong>{prov</strong></span> <span class='ocrx_word' id='word_1_333' title='bbox 285 2953 467 2998; x_wconf 81' lang='grc' dir='ltr'><strong><em>ἐκδίδωσι</em></strong></span> <span class='ocrx_word' id='word_1_334' title='bbox 511 2953 792 3011; x_wconf 83' lang='lat' dir='ltr'><strong>magistratus</strong></span> <span class='ocrx_word' id='word_1_335' title='bbox 836 2950 912 3007; x_wconf 91' lang='lat' dir='ltr'><strong>qui</strong></span> <span class='ocrx_word' id='word_1_336' title='bbox 953 2962 1061 3006; x_wconf 89' lang='lat' dir='ltr'><strong>opus</strong></span> <span class='ocrx_word' id='word_1_337' title='bbox 1102 2947 1209 2990; x_wconf 71' lang='lat' dir='ltr'><strong>locat</strong></span> <span class='ocrx_word' id='word_1_338' title='bbox 1250 2944 1504 2989; x_wconf 88' lang='lat' dir='ltr'><strong>faciendum.</strong></span> <span class='ocrx_word' id='word_1_339' title='bbox 1549 2943 1632 2987; x_wconf 87' lang='lat' dir='ltr'><strong>Sed</strong></span> <span class='ocrx_word' id='word_1_340' title='bbox 1674 2946 1719 2987; x_wconf 88' lang='lat' dir='ltr'><strong>in</strong></span> 
     </span>
    </p>
   </div>
  </div>
 </body>
</html>
