2002 3372
882 182 938 226 69

105 323 246 355 corate
290 313 335 354 et
381 310 443 352 sic
489 305 729 352 Didotiana.
779 305 890 359 Quid
932 321 1009 350 suo
1053 308 1146 349 κατ’
1181 305 1383 373 αἰσχύνη]
1422 303 1532 349 velit
1573 305 1709 348 editor

105 376 307 427 Gnaeus
334 393 511 438 prorsus
551 392 621 422 me
662 376 782 421 latet.
826 377 963 420 Verba
1005 378 1101 427 μηδ’
1136 377 1247 430 ἔχειν
1291 376 1492 420 Reiskius
1523 377 1570 418 in
1602 377 1705 426 μηδὲ

74 451 85 497 ζ’
106 451 227 497 δεινόν
254 451 445 495 mutavit
453 464 466 504 3
496 451 736 494 coniectura
763 451 882 491 tanto
909 449 1054 491 critico
1081 448 1272 506 indigna.
1303 448 1541 491 Lenissima
1567 460 1708 490 emen-

69 519 75 590 ’,η
106 522 278 568 datione
307 523 369 566 sic
399 521 518 576 locus
549 523 595 564 in
625 522 848 578 integrum
880 521 1156 563 restituatur:

69 595 87 627 ἓ
164 595 211 638 ’rb
242 590 289 638 δὲ
316 593 444 646 μηδὲν
474 591 626 636 oronam
662 591 959 643 καταισχύνειν
992 589 1102 644 ἔχειν
1137 591 1255 642 μέγα
1289 591 1472 644 εὐχερεῖς
1503 595 1610 632 ποιεῖ
1636 589 1704 630 καὶ

62 678 67 688 ³
104 665 320 719 ὀλιγώρους
361 663 458 717 πρὸς
501 664 556 707 τὰ
599 663 742 715 μικρά.
785 661 934 714 „Nihil
965 675 1009 704 se
1042 664 1192 720 magni
1223 662 1378 705 habere
1409 664 1560 718 putare
1593 659 1705 716 quod

104 736 367 783 dedecorare
393 736 562 793 possint
593 733 672 777 hoc
703 738 768 776 est
797 733 911 790 quod
942 733 1136 777 homines
1169 732 1370 776 adversus
1402 746 1533 789 parva
1565 731 1705 774 reddit

101 806 403 867 negligente&
451 807 568 850 sive.
618 806 721 862 „qui
768 803 879 847 nihil
919 818 963 848 se
1006 806 1158 862 magni
1199 804 1354 847 habere
1395 807 1550 860 putant
1592 802 1703 859 quod

63 871 65 875 ἢ
102 879 361 926 deam
381 879 562 936 possint,
593 878 627 920 ii
658 876 863 920 adversus
893 890 1026 934 parva
1058 876 1168 919 fiunt
1194 874 1510 933 negligentes&
1545 873 1704 917 Hiatus

101 955 201 1011 post
229 951 350 1004 μέγα
382 951 563 994 minime
593 948 727 992 durus
761 948 946 991 videtur.

771 1179 1032 1186 ————

464 1373 521 1404 DE
551 1372 767 1405 OAPIRNDA
797 1371 856 1403 Ex
886 1370 1065 1403 INIMicls
1096 1370 1334 1402 nmmum.

163 1515 311 1561 Huius
349 1513 487 1559 libelli
527 1515 737 1573 originem
779 1513 982 1572 indagare
1023 1528 1130 1571 opus
1163 1528 1244 1557 non
1278 1517 1364 1567 est3
1395 1515 1486 1571 ipse
1519 1515 1699 1570 scriptor

102 1586 379 1646 declaratsp.
412 1586 468 1630 85
487 1585 544 1642 D)
575 1600 619 1630 se
649 1600 757 1643 quae
787 1600 923 1643 nuper
955 1600 1002 1628 ee·
1033 1589 1203 1640 tempore
1234 1585 1403 1636 dixerit,
1436 1589 1587 1627 tantum
1619 1600 1698 1627 non

55 1650 57 1654 ¹
99 1659 266 1715 (ifflffig
281 1663 328 1703 >et
353 1672 478 1717 saepe
503 1657 608 1702 alibi
633 1657 893 1702 Plutarchus
921 1658 1063 1701 verbis
1090 1658 1190 1708 ὁμοῦ
1218 1674 1256 1699 τι
1285 1657 1517 1715 significat)
1543 1657 1697 1700 iisdem

98 1731 241 1776 vorbis
279 1729 448 1775 chartae
490 1730 692 1774 mandare
733 1731 916 1782 omissis,
958 1732 1169 1787 quantum
1200 1728 1292 1772 fieri
1322 1731 1471 1786 possit,
1502 1731 1556 1772 iis
1589 1743 1696 1786 quae

54 1820 58 1827 ²
99 1804 214 1847 ot‘in
239 1801 468 1858 Praeceptis
492 1801 736 1857 reipublicae
755 1802 954 1856 yerendae
980 1801 1150 1854 dixerit,
1174 1801 1435 1858 „quoniam”
1460 1802 1520 1844 ait
1544 1800 1696 1853 „video

98 1872 300 1919 te-illum
330 1872 530 1918 libellum
561 1873 805 1931 frequenter
834 1873 989 1916 habere
1021 1886 1121 1930 prae
1151 1872 1396 1916 manibus”.

78 1991 81 1994 ,
161 1945 345 2004 Utrique
368 1959 472 2004 ergo
497 1944 644 1989 libello
670 1948 898 2002 patronum
926 1948 968 1988 et
993 1944 1199 1987 editorem
1226 1946 1451 2001 quaesivit,
1469 1948 1512 1988 et
1526 1945 1698 1988 invenit

54 2071 57 2076 Ι
97 2032 228 2077 quam
268 2018 457 2062 maxime
497 2016 712 2060 idoneum.
756 2015 948 2059 Dedicati
981 2017 1096 2059 enim
1131 2020 1233 2059 sunt
1265 2015 1462 2060 Cornelio
1494 2015 1695 2068 Pulchro,

54 2087 61 2145 j
97 2090 192 2134 vir0
231 2092 322 2132 tam
362 2087 527 2132 illustri
573 2092 637 2139 ut,
684 2089 767 2130 nisi
815 2092 916 2130 nota
963 2089 1055 2130 eius
1101 2091 1210 2130 esset
1258 2088 1457 2131 omnibus
1503 2090 1695 2139 comitas,

50 2167 53 2170 ’
100 2161 175 2205 vix
207 2161 435 2219 quisquam
465 2159 518 2203 ad
550 2173 651 2203 eum
684 2158 878 2202 accedere
905 2160 961 2201 sit
987 2172 1182 2202 ausurus.
1216 2158 1299 2202 Sed
1325 2160 1443 2215 prius
1469 2163 1697 2216 utramque

102 2247 152 2277 ew
175 2236 348 2288 tempore
369 2232 524 2276 habuit
549 2233 798 2284 orationem,
829 2235 872 2274 et
897 2231 1005 2274 hanc
1033 2230 1221 2287 quidem,
1245 2235 1295 2273 ut
1315 2231 1512 2288 equidem
1535 2246 1696 2284 censeo,

51 2302 54 2306 ’
102 2304 368 2363 ad·gregem
398 2317 528 2347 suum
560 2301 911 2354 Chaeronensem,
944 2317 1028 2345 non
1062 2302 1114 2346 ad
1146 2302 1258 2346 solos
1290 2303 1532 2360 discipulos.
1567 2303 1699 2347 Plena

102 2377 220 2421 enim
247 2379 313 2420 est
337 2378 660 2433 praeceptorum
677 2375 728 2418 ad
744 2376 883 2419 vitam
901 2375 1005 2417 bene
1021 2374 1332 2418 instituendam
1350 2374 1698 2419 utilissimorum.

54 2491 55 2494 ,
102 2446 160 2492 Μ
205 2451 348 2491 noster
389 2447 564 2504 quidem
604 2445 779 2490 libellus
820 2448 1066 2489 etiamnunc
1107 2445 1246 2489 multa
1289 2460 1422 2504 eaque
1462 2449 1699 2490 certissima

103 2519 307 2564 orationis
346 2533 396 2562 ex
435 2523 604 2574 tempore
644 2519 815 2562 habitae
859 2523 1000 2561 servat
1043 2519 1241 2575 vestigia.
1284 2517 1521 2562 Identidem
1565 2524 1700 2563 semet

48 2647 49 2650 Ἰ
101 2593 248 2650 ipsum
290 2589 538 2648 interpellat
580 2594 724 2634 orator
766 2589 964 2633 formulis
997 2588 1142 2646 quales
1174 2590 1253 2633 hae
1285 2594 1408 2632 sunt:
1442 2592 1483 2632 τί
1515 2590 1555 2632 δὲ
1589 2593 1699 2633 τοῦτ’

50 2671 54 2725 ἱ
107 2660 220 2715 ἔστη
247 2665 307 2720 (p.
330 2660 388 2706 87
402 2661 453 2715 Β)
481 2663 590 2704 τοῦτ’
617 2658 684 2704 οὖν
701 2660 911 2713 ὠφέλιμόν
940 2660 1052 2713 ἐστ-ις
1081 2660 1155 2714 (87
1175 2660 1232 2714 D)
1259 2659 1319 2703 ἔτι
1337 2661 1464 2703 τοίνυν
1482 2660 1700 2713 πρόσλαβε

104 2732 182 2790 (88
198 2732 267 2787 Β),
294 2737 338 2776 et
363 2734 536 2777 omnino
564 2733 662 2776 vide
688 2731 973 2776 elocutionem
999 2733 1150 2789 capitis
1178 2734 1319 2789 quarti
1346 2734 1392 2775 in
1414 2734 1552 2789 priore
1569 2737 1701 2790 parte.

59 2809 62 2813 ’
106 2803 257 2848 Nema
275 2805 336 2847 sic
365 2803 560 2861 loquitur
589 2805 673 2847 nisi
704 2805 778 2861 qui
810 2819 858 2846 ex
889 2808 1059 2859 tempore
1089 2802 1296 2860 loquitur.
1340 2803 1488 2860 Neque
1521 2818 1703 2861 usquam

108 2876 276 2933 saepius
317 2874 432 2919 locos
472 2876 553 2918 sibi
597 2874 773 2918 dilectos
804 2876 965 2932 promit
996 2876 1219 2918 mentium·
1241 2875 1432 2918 medicus
1465 2889 1594 2932 quam
1626 2877 1704 2920 hoc

109 2945 397 3004 septendecim
427 2947 683 3004 paginarum
716 2945 886 2990 libello:
