<?xml version="1.0" encoding="UTF-8"?>
<!DOCTYPE html PUBLIC "-//W3C//DTD XHTML 1.0 Transitional//EN"
    "http://www.w3.org/TR/xhtml1/DTD/xhtml1-transitional.dtd">
<html xmlns="http://www.w3.org/1999/xhtml" xml:lang="en" lang="en">
 <head>
  <title>
</title>
<meta http-equiv="Content-Type" content="text/html;charset=utf-8" />
  <meta name='ocr-system' content='tesseract 3.04.00' />
  <meta name='ocr-capabilities' content='ocr_page ocr_carea ocr_par ocr_line ocrx_word'/>
</head>
<body>
  <div class='ocr_page' id='page_1' title='image "./deplutarchoscrip00hartuoft_0218.png"; bbox 0 0 2002 3372; ppageno 0'>
   <div class='ocr_carea' id='block_1_1' title="bbox 903 879 1300 939">
    <p class='ocr_par' dir='ltr' id='par_1_1' title="bbox 903 879 1300 939">
     <span class='ocr_line' id='line_1_1' title="bbox 903 879 1300 939; baseline 0.01 -4"><span class='ocrx_word' id='word_1_1' title='bbox 903 879 1189 936; x_wconf 82' lang='lat' dir='ltr'><strong>CAPUT</strong></span> <span class='ocrx_word' id='word_1_2' title='bbox 1231 883 1300 939; x_wconf 91' lang='lat' dir='ltr'><strong>X.</strong></span> 
     </span>
    </p>
   </div>
   <div class='ocr_carea' id='block_1_2' title="bbox 799 1256 1408 1289">
    <p class='ocr_par' dir='ltr' id='par_1_2' title="bbox 799 1256 1408 1289">
     <span class='ocr_line' id='line_1_2' title="bbox 799 1256 1408 1289; baseline 0.005 -3"><span class='ocrx_word' id='word_1_3' title='bbox 799 1256 857 1286; x_wconf 74' lang='lat' dir='ltr'><strong>AN</strong></span> <span class='ocrx_word' id='word_1_4' title='bbox 889 1256 1040 1288; x_wconf 77' lang='lat' dir='ltr'><strong>VIR&#39;I&#39;US</strong></span> <span class='ocrx_word' id='word_1_5' title='bbox 1071 1257 1223 1288; x_wconf 82' lang='lat' dir='ltr'>DOGERI</span> <span class='ocrx_word' id='word_1_6' title='bbox 1253 1257 1408 1289; x_wconf 78' lang='lat' dir='ltr'><strong>Possl&#39;r.</strong></span> 
     </span>
    </p>
   </div>
   <div class='ocr_carea' id='block_1_3' title="bbox 301 1386 1889 2998">
    <p class='ocr_par' dir='ltr' id='par_1_3' title="bbox 305 1386 1889 1939">
     <span class='ocr_line' id='line_1_3' title="bbox 371 1386 1889 1445; baseline 0.003 -18"><span class='ocrx_word' id='word_1_7' title='bbox 371 1386 480 1439; x_wconf 74' lang='lat' dir='ltr'><strong>Quin</strong></span> <span class='ocrx_word' id='word_1_8' title='bbox 522 1386 624 1428; x_wconf 90' lang='lat' dir='ltr'><strong>haec</strong></span> <span class='ocrx_word' id='word_1_9' title='bbox 664 1388 854 1442; x_wconf 80' lang='lat' dir='ltr'><strong>quaestio</strong></span> <span class='ocrx_word' id='word_1_10' title='bbox 897 1386 1126 1430; x_wconf 84' lang='lat' dir='ltr'>Plutarcho</span> <span class='ocrx_word' id='word_1_11' title='bbox 1171 1388 1286 1430; x_wconf 89' lang='lat' dir='ltr'><strong>cordi</strong></span> <span class='ocrx_word' id='word_1_12' title='bbox 1319 1388 1446 1431; x_wconf 88' lang='lat' dir='ltr'><strong>fuerit</strong></span> <span class='ocrx_word' id='word_1_13' title='bbox 1478 1389 1580 1445; x_wconf 90' lang='lat' dir='ltr'><strong>quid</strong></span> <span class='ocrx_word' id='word_1_14' title='bbox 1613 1387 1889 1432; x_wconf 74' lang='lat' dir='ltr'><strong>dubitemus?</strong></span> 
     </span>
     <span class='ocr_line' id='line_1_4' title="bbox 311 1456 1887 1514; baseline 0.001 -14"><span class='ocrx_word' id='word_1_15' title='bbox 311 1456 392 1500; x_wconf 85' lang='lat' dir='ltr'><strong>Sed</strong></span> <span class='ocrx_word' id='word_1_16' title='bbox 433 1457 545 1499; x_wconf 88' lang='lat' dir='ltr'><strong>hunc</strong></span> <span class='ocrx_word' id='word_1_17' title='bbox 587 1461 637 1499; x_wconf 86' lang='lat' dir='ltr'><strong>ab</strong></span> <span class='ocrx_word' id='word_1_18' title='bbox 670 1471 718 1500; x_wconf 93' lang='lat' dir='ltr'><strong>eo</strong></span> <span class='ocrx_word' id='word_1_19' title='bbox 749 1459 1035 1514; x_wconf 84' lang='lat' dir='ltr'><strong>conscriptum</strong></span> <span class='ocrx_word' id='word_1_20' title='bbox 1066 1457 1274 1511; x_wconf 87' lang='lat' dir='ltr'><strong>libellum,</strong></span> <span class='ocrx_word' id='word_1_21' title='bbox 1309 1459 1353 1501; x_wconf 89' lang='lat' dir='ltr'><strong>id</strong></span> <span class='ocrx_word' id='word_1_22' title='bbox 1385 1458 1653 1503; x_wconf 83' lang='lat' dir='ltr'><strong>veromulto</strong></span> <span class='ocrx_word' id='word_1_23' title='bbox 1684 1460 1792 1502; x_wconf 89' lang='lat' dir='ltr'><strong>mihi</strong></span> <span class='ocrx_word' id='word_1_24' title='bbox 1824 1461 1887 1504; x_wconf 80' lang='lat' dir='ltr'><strong>vi-</strong></span> 
     </span>
     <span class='ocr_line' id='line_1_5' title="bbox 310 1528 1885 1588; baseline 0.003 -18"><span class='ocrx_word' id='word_1_25' title='bbox 310 1528 434 1571; x_wconf 90' lang='lat' dir='ltr'><strong>detur</strong></span> <span class='ocrx_word' id='word_1_26' title='bbox 464 1531 628 1570; x_wconf 89' lang='lat' dir='ltr'><strong>certum</strong></span> <span class='ocrx_word' id='word_1_27' title='bbox 660 1529 816 1571; x_wconf 90' lang='lat' dir='ltr'><strong>minus.</strong></span> <span class='ocrx_word' id='word_1_28' title='bbox 848 1528 1019 1571; x_wconf 80' lang='lat' dir='ltr'>Titulus</span> <span class='ocrx_word' id='word_1_29' title='bbox 1046 1529 1374 1586; x_wconf 78' lang='lat' dir='ltr'><strong>disputationem</strong></span> <span class='ocrx_word' id='word_1_30' title='bbox 1400 1531 1446 1572; x_wconf 91' lang='lat' dir='ltr'><strong>in</strong></span> <span class='ocrx_word' id='word_1_31' title='bbox 1473 1533 1697 1587; x_wconf 85' lang='lat' dir='ltr'><strong>utramque</strong></span> <span class='ocrx_word' id='word_1_32' title='bbox 1722 1534 1885 1588; x_wconf 77' lang='lat' dir='ltr'><strong>partem</strong></span> 
     </span>
     <span class='ocr_line' id='line_1_6' title="bbox 309 1597 1885 1657; baseline 0.003 -17"><span class='ocrx_word' id='word_1_33' title='bbox 309 1599 500 1640; x_wconf 82' lang='lat' dir='ltr'><strong>habitam</strong></span> <span class='ocrx_word' id='word_1_34' title='bbox 538 1600 772 1654; x_wconf 78' lang='lat' dir='ltr'><strong>promittit3</strong></span> <span class='ocrx_word' id='word_1_35' title='bbox 816 1599 919 1654; x_wconf 86' lang='lat' dir='ltr'><strong>quid</strong></span> <span class='ocrx_word' id='word_1_36' title='bbox 961 1613 1061 1642; x_wconf 87' lang='lat' dir='ltr'><strong>vero</strong></span> <span class='ocrx_word' id='word_1_37' title='bbox 1104 1597 1180 1641; x_wconf 85' lang='lat' dir='ltr'><strong>fit?</strong></span> <span class='ocrx_word' id='word_1_38' title='bbox 1222 1599 1450 1643; x_wconf 81' lang='lat' dir='ltr'><strong>Refutatur</strong></span> <span class='ocrx_word' id='word_1_39' title='bbox 1479 1600 1603 1643; x_wconf 88' lang='lat' dir='ltr'><strong>fictus</strong></span> <span class='ocrx_word' id='word_1_40' title='bbox 1632 1599 1786 1657; x_wconf 83' lang='lat' dir='ltr'><strong>aliquis</strong></span> <span class='ocrx_word' id='word_1_41' title='bbox 1816 1600 1885 1644; x_wconf 81' lang='lat' dir='ltr'><strong>ad-</strong></span> 
     </span>
     <span class='ocr_line' id='line_1_7' title="bbox 306 1670 1884 1726; baseline 0.001 -14"><span class='ocrx_word' id='word_1_42' title='bbox 306 1670 518 1712; x_wconf 84' lang='lat' dir='ltr'><strong>versarius</strong></span> <span class='ocrx_word' id='word_1_43' title='bbox 560 1670 633 1724; x_wconf 92' lang='lat' dir='ltr'><strong>qui</strong></span> <span class='ocrx_word' id='word_1_44' title='bbox 676 1671 881 1712; x_wconf 87' lang='lat' dir='ltr'><strong>virtutem</strong></span> <span class='ocrx_word' id='word_1_45' title='bbox 913 1670 1050 1712; x_wconf 89' lang='lat' dir='ltr'><strong>doceri</strong></span> <span class='ocrx_word' id='word_1_46' title='bbox 1081 1683 1202 1726; x_wconf 89' lang='lat' dir='ltr'><strong>posse</strong></span> <span class='ocrx_word' id='word_1_47' title='bbox 1234 1675 1375 1726; x_wconf 86' lang='lat' dir='ltr'><strong>negat,</strong></span> <span class='ocrx_word' id='word_1_48' title='bbox 1407 1672 1542 1714; x_wconf 90' lang='lat' dir='ltr'><strong>immo</strong></span> <span class='ocrx_word' id='word_1_49' title='bbox 1577 1685 1674 1714; x_wconf 86' lang='lat' dir='ltr'><strong>vero</strong></span> <span class='ocrx_word' id='word_1_50' title='bbox 1707 1672 1884 1714; x_wconf 85' lang='lat' dir='ltr'><strong>minutis</strong></span> 
     </span>
     <span class='ocr_line' id='line_1_8' title="bbox 306 1739 1881 1797; baseline 0.003 -15"><span class='ocrx_word' id='word_1_51' title='bbox 306 1739 582 1791; x_wconf 89' lang='lat' dir='ltr'><strong>sententiolis,</strong></span> <span class='ocrx_word' id='word_1_52' title='bbox 609 1741 1035 1797; x_wconf 61' lang='lat' dir='ltr'><strong>interrogationibus,</strong></span> <span class='ocrx_word' id='word_1_53' title='bbox 1056 1741 1244 1783; x_wconf 88' lang='lat' dir='ltr'><strong>versibus</strong></span> <span class='ocrx_word' id='word_1_54' title='bbox 1269 1741 1439 1784; x_wconf 87' lang='lat' dir='ltr'><strong>aliunde</strong></span> <span class='ocrx_word' id='word_1_55' title='bbox 1467 1740 1608 1785; x_wconf 84' lang='lat' dir='ltr'><strong>allatis</strong></span> <span class='ocrx_word' id='word_1_56' title='bbox 1634 1742 1881 1786; x_wconf 83' lang='lat' dir='ltr'><strong>conciditur.</strong></span> 
     </span>
     <span class='ocr_line' id='line_1_9' title="bbox 306 1809 1885 1869; baseline 0.002 -16"><span class='ocrx_word' id='word_1_57' title='bbox 306 1811 526 1866; x_wconf 82' lang='lat' dir='ltr'><strong>Nusquam</strong></span> <span class='ocrx_word' id='word_1_58' title='bbox 557 1809 771 1866; x_wconf 88' lang='lat' dir='ltr'><strong>placidum</strong></span> <span class='ocrx_word' id='word_1_59' title='bbox 802 1810 943 1861; x_wconf 90' lang='lat' dir='ltr'><strong>illum,</strong></span> <span class='ocrx_word' id='word_1_60' title='bbox 977 1810 1130 1863; x_wconf 89' lang='lat' dir='ltr'><strong>lenem,</strong></span> <span class='ocrx_word' id='word_1_61' title='bbox 1157 1810 1378 1868; x_wconf 85' lang='lat' dir='ltr'><strong>loquacem</strong></span> <span class='ocrx_word' id='word_1_62' title='bbox 1405 1814 1597 1869; x_wconf 84' lang='lat' dir='ltr'><strong>agnoscis</strong></span> <span class='ocrx_word' id='word_1_63' title='bbox 1624 1811 1885 1857; x_wconf 83' lang='lat' dir='ltr'><strong>Chaeronen-</strong></span> 
     </span>
     <span class='ocr_line' id='line_1_10' title="bbox 305 1881 1430 1939; baseline 0.001 -16"><span class='ocrx_word' id='word_1_64' title='bbox 305 1895 407 1929; x_wconf 85' lang='lat' dir='ltr'><strong>sem,</strong></span> <span class='ocrx_word' id='word_1_65' title='bbox 442 1895 607 1936; x_wconf 89' lang='lat' dir='ltr'><strong>semper</strong></span> <span class='ocrx_word' id='word_1_66' title='bbox 638 1881 758 1923; x_wconf 89' lang='lat' dir='ltr'><strong>audis</strong></span> <span class='ocrx_word' id='word_1_67' title='bbox 791 1882 1030 1924; x_wconf 86' lang='lat' dir='ltr'><strong>mordacem</strong></span> <span class='ocrx_word' id='word_1_68' title='bbox 1064 1881 1323 1933; x_wconf 77' lang='grc' dir='ltr'><strong><em>Σωκρατιδέα</em></strong></span> <span class='ocrx_word' id='word_1_69' title='bbox 1356 1884 1430 1939; x_wconf 92' lang='lat' dir='ltr'><strong>qui</strong></span> 
     </span>
    </p>

    <p class='ocr_par' dir='ltr' id='par_1_4' title="bbox 301 1951 1886 2998">
     <span class='ocr_line' id='line_1_11' title="bbox 455 1951 1678 2007; baseline 0.002 -14"><span class='ocrx_word' id='word_1_70' title='bbox 455 1952 513 1999; x_wconf 80' lang='grc' dir='ltr'><strong>εἰς</strong></span> <span class='ocrx_word' id='word_1_71' title='bbox 546 1951 679 2003; x_wconf 69' lang='grc' dir='ltr'><strong><em>τάχος</em></strong></span> <span class='ocrx_word' id='word_1_72' title='bbox 712 1954 826 1994; x_wconf 80' lang='grc' dir='ltr'><strong><em>παίει</em></strong></span> <span class='ocrx_word' id='word_1_73' title='bbox 859 1953 1074 1994; x_wconf 72' lang='grc' dir='ltr'><strong><em>συνάπτων</em></strong></span> <span class='ocrx_word' id='word_1_74' title='bbox 1106 1953 1378 2005; x_wconf 71' lang='grc' dir='ltr'><strong><em>στρογγύλοις</em></strong></span> <span class='ocrx_word' id='word_1_75' title='bbox 1411 1959 1495 2001; x_wconf 83' lang='grc' dir='ltr'><strong><em>τοῖς</em></strong></span> <span class='ocrx_word' id='word_1_76' title='bbox 1527 1956 1678 2007; x_wconf 74' lang='grc' dir='ltr'><strong>ῥήμασι</strong></span> 
     </span>
     <span class='ocr_line' id='line_1_12' title="bbox 306 2022 1884 2080; baseline 0.003 -16"><span class='ocrx_word' id='word_1_77' title='bbox 306 2023 525 2065; x_wconf 89' lang='lat' dir='ltr'><strong>hominem</strong></span> <span class='ocrx_word' id='word_1_78' title='bbox 566 2024 786 2074; x_wconf 88' lang='lat' dir='ltr'><strong>miserum,</strong></span> <span class='ocrx_word' id='word_1_79' title='bbox 831 2022 1029 2074; x_wconf 86' lang='lat' dir='ltr'><strong>stultum,</strong></span> <span class='ocrx_word' id='word_1_80' title='bbox 1065 2037 1234 2066; x_wconf 87' lang='lat' dir='ltr'><strong>caecum</strong></span> <span class='ocrx_word' id='word_1_81' title='bbox 1266 2025 1335 2066; x_wconf 92' lang='lat' dir='ltr'><strong>cui</strong></span> <span class='ocrx_word' id='word_1_82' title='bbox 1365 2038 1448 2067; x_wconf 92' lang='lat' dir='ltr'><strong>non</strong></span> <span class='ocrx_word' id='word_1_83' title='bbox 1480 2038 1651 2080; x_wconf 88' lang='lat' dir='ltr'><strong>prorsus</strong></span> <span class='ocrx_word' id='word_1_84' title='bbox 1680 2025 1795 2068; x_wconf 88' lang='lat' dir='ltr'><strong>idem</strong></span> <span class='ocrx_word' id='word_1_85' title='bbox 1827 2026 1884 2068; x_wconf 84' lang='lat' dir='ltr'><strong>sit</strong></span> 
     </span>
     <span class='ocr_line' id='line_1_13' title="bbox 308 2092 1885 2152; baseline 0.003 -18"><span class='ocrx_word' id='word_1_86' title='bbox 308 2107 570 2149; x_wconf 86' lang='lat' dir='ltr'><strong>persuasum.</strong></span> <span class='ocrx_word' id='word_1_87' title='bbox 607 2092 716 2136; x_wconf 84' lang='lat' dir='ltr'><strong>Cum</strong></span> <span class='ocrx_word' id='word_1_88' title='bbox 748 2096 896 2136; x_wconf 82' lang='lat' dir='ltr'><strong>ceteris</strong></span> <span class='ocrx_word' id='word_1_89' title='bbox 922 2095 1117 2137; x_wconf 89' lang='lat' dir='ltr'><strong>omnibus</strong></span> <span class='ocrx_word' id='word_1_90' title='bbox 1145 2095 1378 2137; x_wconf 84' lang='lat' dir='ltr'><strong>virtutibus</strong></span> <span class='ocrx_word' id='word_1_91' title='bbox 1403 2094 1528 2152; x_wconf 82' lang='lat' dir='ltr'><strong>longe</strong></span> <span class='ocrx_word' id='word_1_92' title='bbox 1555 2095 1606 2138; x_wconf 84' lang='lat' dir='ltr'><strong>ab</strong></span> <span class='ocrx_word' id='word_1_93' title='bbox 1632 2097 1716 2138; x_wconf 85' lang='lat' dir='ltr'><strong>isto</strong></span> <span class='ocrx_word' id='word_1_94' title='bbox 1742 2095 1885 2139; x_wconf 89' lang='lat' dir='ltr'><strong>libello</strong></span> 
     </span>
     <span class='ocr_line' id='line_1_14' title="bbox 308 2162 1886 2221; baseline 0.004 -17"><span class='ocrx_word' id='word_1_95' title='bbox 308 2162 451 2205; x_wconf 83' lang='lat' dir='ltr'><strong>exulat</strong></span> <span class='ocrx_word' id='word_1_96' title='bbox 492 2165 628 2205; x_wconf 90' lang='lat' dir='ltr'><strong>omnis</strong></span> <span class='ocrx_word' id='word_1_97' title='bbox 669 2163 787 2221; x_wconf 89' lang='lat' dir='ltr'><strong>lepor</strong></span> <span class='ocrx_word' id='word_1_98' title='bbox 828 2166 1047 2221; x_wconf 86' lang='lat' dir='ltr'><strong>omnisque</strong></span> <span class='ocrx_word' id='word_1_99' title='bbox 1088 2173 1305 2208; x_wconf 78' lang='lat' dir='ltr'><strong>venustas.</strong></span> <span class='ocrx_word' id='word_1_100' title='bbox 1349 2165 1469 2217; x_wconf 82' lang='lat' dir='ltr'><strong>Quod</strong></span> <span class='ocrx_word' id='word_1_101' title='bbox 1511 2167 1613 2208; x_wconf 84' lang='lat' dir='ltr'><strong>satis</strong></span> <span class='ocrx_word' id='word_1_102' title='bbox 1648 2168 1786 2210; x_wconf 90' lang='lat' dir='ltr'><strong>iocoso</strong></span> <span class='ocrx_word' id='word_1_103' title='bbox 1819 2166 1886 2209; x_wconf 79' lang='lat' dir='ltr'><strong>de-</strong></span> 
     </span>
     <span class='ocr_line' id='line_1_15' title="bbox 308 2233 1882 2292; baseline 0.003 -17"><span class='ocrx_word' id='word_1_104' title='bbox 308 2238 542 2276; x_wconf 86' lang='lat' dir='ltr'><strong>monstrare</strong></span> <span class='ocrx_word' id='word_1_105' title='bbox 582 2233 775 2290; x_wconf 86' lang='lat' dir='ltr'><strong>exemplo</strong></span> <span class='ocrx_word' id='word_1_106' title='bbox 818 2236 926 2277; x_wconf 90' lang='lat' dir='ltr'><strong>mihi</strong></span> <span class='ocrx_word' id='word_1_107' title='bbox 967 2249 1086 2291; x_wconf 90' lang='lat' dir='ltr'><strong>posse</strong></span> <span class='ocrx_word' id='word_1_108' title='bbox 1128 2235 1295 2288; x_wconf 79' lang='lat' dir='ltr'><strong>videor3</strong></span> <span class='ocrx_word' id='word_1_109' title='bbox 1345 2240 1559 2292; x_wconf 83' lang='lat' dir='ltr'><strong>praeterea</strong></span> <span class='ocrx_word' id='word_1_110' title='bbox 1604 2251 1656 2279; x_wconf 85' lang='lat' dir='ltr'><strong>ne</strong></span> <span class='ocrx_word' id='word_1_111' title='bbox 1702 2237 1882 2280; x_wconf 84' lang='lat' dir='ltr'><strong>conabor</strong></span> 
     </span>
     <span class='ocr_line' id='line_1_16' title="bbox 301 2305 1880 2363; baseline 0.003 -17"><span class='ocrx_word' id='word_1_112' title='bbox 301 2305 479 2360; x_wconf 46' lang='lat' dir='ltr'><strong>*quidem</strong></span> <span class='ocrx_word' id='word_1_113' title='bbox 519 2310 772 2361; x_wconf 84' lang='lat' dir='ltr'><strong>argumenta</strong></span> <span class='ocrx_word' id='word_1_114' title='bbox 814 2306 979 2349; x_wconf 88' lang='lat' dir='ltr'><strong>afferre:</strong></span> <span class='ocrx_word' id='word_1_115' title='bbox 1024 2306 1127 2362; x_wconf 86' lang='lat' dir='ltr'><strong>quid</strong></span> <span class='ocrx_word' id='word_1_116' title='bbox 1163 2306 1272 2349; x_wconf 90' lang='lat' dir='ltr'><strong>mihi</strong></span> <span class='ocrx_word' id='word_1_117' title='bbox 1301 2305 1463 2362; x_wconf 88' lang='lat' dir='ltr'><strong>legenti</strong></span> <span class='ocrx_word' id='word_1_118' title='bbox 1495 2306 1707 2363; x_wconf 89' lang='lat' dir='ltr'><strong>simulque</strong></span> <span class='ocrx_word' id='word_1_119' title='bbox 1739 2307 1789 2350; x_wconf 88' lang='lat' dir='ltr'><strong>de</strong></span> <span class='ocrx_word' id='word_1_120' title='bbox 1821 2307 1880 2350; x_wconf 93' lang='lat' dir='ltr'><strong>di-</strong></span> 
     </span>
     <span class='ocr_line' id='line_1_17' title="bbox 302 2375 1881 2433; baseline 0.002 -16"><span class='ocrx_word' id='word_1_121' title='bbox 302 2375 532 2418; x_wconf 86' lang='lat' dir='ltr'><strong>lectissimo</strong></span> <span class='ocrx_word' id='word_1_122' title='bbox 557 2375 632 2419; x_wconf 91' lang='lat' dir='ltr'><strong>illo</strong></span> <span class='ocrx_word' id='word_1_123' title='bbox 661 2379 867 2433; x_wconf 80' lang='lat' dir='ltr'><strong>cogitanti</strong></span> <span class='ocrx_word' id='word_1_124' title='bbox 893 2379 1094 2433; x_wconf 87' lang='lat' dir='ltr'><strong>scriptore</strong></span> <span class='ocrx_word' id='word_1_125' title='bbox 1121 2379 1165 2419; x_wconf 91' lang='lat' dir='ltr'><strong>in</strong></span> <span class='ocrx_word' id='word_1_126' title='bbox 1192 2380 1378 2419; x_wconf 85' lang='lat' dir='ltr'><strong>mentem</strong></span> <span class='ocrx_word' id='word_1_127' title='bbox 1406 2379 1569 2420; x_wconf 87' lang='lat' dir='ltr'><strong>venerit</strong></span> <span class='ocrx_word' id='word_1_128' title='bbox 1595 2377 1751 2420; x_wconf 86' lang='lat' dir='ltr'><strong>dixisse</strong></span> <span class='ocrx_word' id='word_1_129' title='bbox 1777 2379 1881 2421; x_wconf 81' lang='lat' dir='ltr'><strong>satis</strong></span> 
     </span>
     <span class='ocr_line' id='line_1_18' title="bbox 303 2445 1881 2506; baseline 0.003 -18"><span class='ocrx_word' id='word_1_130' title='bbox 303 2448 372 2489; x_wconf 91' lang='lat' dir='ltr'><strong>sit.</strong></span> <span class='ocrx_word' id='word_1_131' title='bbox 406 2445 607 2502; x_wconf 85' lang='lat' dir='ltr'><strong>Disputat</strong></span> <span class='ocrx_word' id='word_1_132' title='bbox 639 2452 779 2490; x_wconf 86' lang='lat' dir='ltr'><strong>noster</strong></span> <span class='ocrx_word' id='word_1_133' title='bbox 810 2448 860 2490; x_wconf 89' lang='lat' dir='ltr'><strong>de</strong></span> <span class='ocrx_word' id='word_1_134' title='bbox 892 2447 981 2490; x_wconf 91' lang='lat' dir='ltr'><strong>loco</strong></span> <span class='ocrx_word' id='word_1_135' title='bbox 1007 2447 1082 2490; x_wconf 90' lang='lat' dir='ltr'><strong>illo</strong></span> <span class='ocrx_word' id='word_1_136' title='bbox 1109 2447 1310 2499; x_wconf 83' lang='lat' dir='ltr'><strong>Platonis,</strong></span> <span class='ocrx_word' id='word_1_137' title='bbox 1339 2449 1413 2490; x_wconf 89' lang='lat' dir='ltr'><strong>ubi</strong></span> <span class='ocrx_word' id='word_1_138' title='bbox 1438 2447 1580 2491; x_wconf 89' lang='lat' dir='ltr'><strong>nullae</strong></span> <span class='ocrx_word' id='word_1_139' title='bbox 1605 2462 1758 2506; x_wconf 81' lang='lat' dir='ltr'><strong>graves</strong></span> <span class='ocrx_word' id='word_1_140' title='bbox 1782 2447 1881 2492; x_wconf 78' lang='lat' dir='ltr'><strong>lites</strong></span> 
     </span>
     <span class='ocr_line' id='line_1_19' title="bbox 305 2516 1881 2573; baseline 0.001 -14"><span class='ocrx_word' id='word_1_141' title='bbox 305 2516 506 2573; x_wconf 88' lang='lat' dir='ltr'><strong>nullaque</strong></span> <span class='ocrx_word' id='word_1_142' title='bbox 547 2517 659 2560; x_wconf 91' lang='lat' dir='ltr'><strong>bella</strong></span> <span class='ocrx_word' id='word_1_143' title='bbox 690 2520 805 2561; x_wconf 88' lang='lat' dir='ltr'><strong>nasci</strong></span> <span class='ocrx_word' id='word_1_144' title='bbox 838 2519 1036 2561; x_wconf 87' lang='lat' dir='ltr'><strong>dicuntur</strong></span> <span class='ocrx_word' id='word_1_145' title='bbox 1068 2518 1133 2560; x_wconf 75' lang='grc' dir='ltr'><strong>διὰ</strong></span> <span class='ocrx_word' id='word_1_146' title='bbox 1166 2521 1237 2566; x_wconf 70' lang='grc' dir='ltr'><strong>τὴν</strong></span> <span class='ocrx_word' id='word_1_147' title='bbox 1270 2521 1340 2560; x_wconf 82' lang='grc' dir='ltr'><strong>τοῦ</strong></span> <span class='ocrx_word' id='word_1_148' title='bbox 1374 2519 1493 2566; x_wconf 80' lang='grc' dir='ltr'><strong><em>ποδὸς</em></strong></span> <span class='ocrx_word' id='word_1_149' title='bbox 1527 2519 1622 2570; x_wconf 83' lang='grc' dir='ltr'><strong>πρὸς</strong></span> <span class='ocrx_word' id='word_1_150' title='bbox 1654 2520 1726 2567; x_wconf 72' lang='grc' dir='ltr'><strong>τὴν</strong></span> <span class='ocrx_word' id='word_1_151' title='bbox 1756 2519 1881 2570; x_wconf 78' lang='grc' dir='ltr'><strong><em>λύραν</em></strong></span> 
     </span>
     <span class='ocr_line' id='line_1_20' title="bbox 303 2588 1878 2646; baseline 0.003 -19"><span class='ocrx_word' id='word_1_152' title='bbox 303 2589 503 2637; x_wconf 70' lang='grc' dir='ltr'><strong>ἀμετρίαν</strong></span> <span class='ocrx_word' id='word_1_153' title='bbox 546 2589 612 2628; x_wconf 75' lang='grc' dir='ltr'><strong>καὶ</strong></span> <span class='ocrx_word' id='word_1_154' title='bbox 658 2589 949 2640; x_wconf 70' lang='grc' dir='ltr'><strong>ἀναρμοστίαν,</strong></span> <span class='ocrx_word' id='word_1_155' title='bbox 993 2593 1117 2646; x_wconf 86' lang='lat' dir='ltr'><strong>atque</strong></span> <span class='ocrx_word' id='word_1_156' title='bbox 1159 2589 1208 2631; x_wconf 89' lang='lat' dir='ltr'><strong>de</strong></span> <span class='ocrx_word' id='word_1_157' title='bbox 1247 2603 1325 2632; x_wconf 89' lang='lat' dir='ltr'><strong>suo</strong></span> <span class='ocrx_word' id='word_1_158' title='bbox 1367 2594 1409 2632; x_wconf 88' lang='lat' dir='ltr'><strong>et</strong></span> <span class='ocrx_word' id='word_1_159' title='bbox 1443 2588 1525 2632; x_wconf 83' lang='lat' dir='ltr'><strong>alia</strong></span> <span class='ocrx_word' id='word_1_160' title='bbox 1555 2589 1672 2632; x_wconf 83' lang='lat' dir='ltr'><strong>addit</strong></span> <span class='ocrx_word' id='word_1_161' title='bbox 1702 2593 1745 2632; x_wconf 87' lang='lat' dir='ltr'><strong>et</strong></span> <span class='ocrx_word' id='word_1_162' title='bbox 1776 2590 1878 2633; x_wconf 88' lang='lat' dir='ltr'><strong>hoc:</strong></span> 
     </span>
     <span class='ocr_line' id='line_1_21' title="bbox 305 2657 1878 2711; baseline 0.001 -13"><span class='ocrx_word' id='word_1_163' title='bbox 305 2657 388 2699; x_wconf 81' lang='grc' dir='ltr'><strong><em>οὐδὲ</em></strong></span> <span class='ocrx_word' id='word_1_164' title='bbox 432 2658 518 2708; x_wconf 81' lang='grc' dir='ltr'><strong>περὶ</strong></span> <span class='ocrx_word' id='word_1_165' title='bbox 563 2659 787 2710; x_wconf 78' lang='grc' dir='ltr'><strong><em>προσῳδίας</em></strong></span> <span class='ocrx_word' id='word_1_166' title='bbox 831 2659 918 2711; x_wconf 80' lang='grc' dir='ltr'><strong><em>ἔχει</em></strong></span> <span class='ocrx_word' id='word_1_167' title='bbox 963 2675 1026 2707; x_wconf 81' lang='grc' dir='ltr'><strong>τις</strong></span> <span class='ocrx_word' id='word_1_168' title='bbox 1070 2660 1197 2701; x_wconf 79' lang='grc' dir='ltr'><strong><em>εἰπεῖν</em></strong></span> <span class='ocrx_word' id='word_1_169' title='bbox 1240 2660 1386 2702; x_wconf 63' lang='lat' dir='ltr'><strong>oraim</strong></span> <span class='ocrx_word' id='word_1_170' title='bbox 1427 2660 1465 2701; x_wconf 84' lang='grc' dir='ltr'><strong>ἐν</strong></span> <span class='ocrx_word' id='word_1_171' title='bbox 1499 2660 1614 2702; x_wconf 82' lang='grc' dir='ltr'><strong><em>πόλει</em></strong></span> <span class='ocrx_word' id='word_1_172' title='bbox 1645 2660 1878 2711; x_wconf 71' lang='grc' dir='ltr'><strong><em>γενομένην,</em></strong></span> 
     </span>
     <span class='ocr_line' id='line_1_22' title="bbox 305 2727 1878 2786; baseline 0.001 -17"><span class='ocrx_word' id='word_1_173' title='bbox 305 2727 416 2782; x_wconf 91' lang='lat' dir='ltr'><strong>quod</strong></span> <span class='ocrx_word' id='word_1_174' title='bbox 460 2742 543 2771; x_wconf 92' lang='lat' dir='ltr'><strong>uno</strong></span> <span class='ocrx_word' id='word_1_175' title='bbox 585 2728 775 2771; x_wconf 87' lang='lat' dir='ltr'><strong>illustrat</strong></span> <span class='ocrx_word' id='word_1_176' title='bbox 807 2729 1001 2786; x_wconf 85' lang='lat' dir='ltr'><strong>exemplo</strong></span> <span class='ocrx_word' id='word_1_177' title='bbox 1034 2730 1195 2780; x_wconf 83' lang='grc' dir='ltr'><strong>πότερον</strong></span> <span class='ocrx_word' id='word_1_178' title='bbox 1228 2735 1445 2782; x_wconf 73' lang='grc' dir='ltr'><strong>Τελχῖνας</strong></span> <span class='ocrx_word' id='word_1_179' title='bbox 1480 2730 1502 2779; x_wconf 78' lang='grc' dir='ltr'>ἢ</span> <span class='ocrx_word' id='word_1_180' title='bbox 1534 2730 1748 2782; x_wconf 73' lang='grc' dir='ltr'><strong>Τέλχινας</strong></span> <span class='ocrx_word' id='word_1_181' title='bbox 1779 2731 1878 2772; x_wconf 71' lang='grc' dir='ltr'><strong>ὠνα-</strong></span> 
     </span>
     <span class='ocr_line' id='line_1_23' title="bbox 304 2798 1878 2857; baseline 0.003 -19"><span class='ocrx_word' id='word_1_182' title='bbox 304 2798 517 2848; x_wconf 69' lang='grc' dir='ltr'><strong>«γνωστέον.</strong></span> <span class='ocrx_word' id='word_1_183' title='bbox 563 2799 698 2851; x_wconf 80' lang='lat' dir='ltr'><strong>Quam</strong></span> <span class='ocrx_word' id='word_1_184' title='bbox 740 2800 939 2856; x_wconf 89' lang='lat' dir='ltr'><strong>putidum</strong></span> <span class='ocrx_word' id='word_1_185' title='bbox 978 2801 1068 2851; x_wconf 90' lang='lat' dir='ltr'><strong>hoc,</strong></span> <span class='ocrx_word' id='word_1_186' title='bbox 1117 2814 1244 2856; x_wconf 90' lang='lat' dir='ltr'><strong>quam</strong></span> <span class='ocrx_word' id='word_1_187' title='bbox 1285 2800 1410 2857; x_wconf 87' lang='lat' dir='ltr'><strong>longe</strong></span> <span class='ocrx_word' id='word_1_188' title='bbox 1451 2803 1700 2843; x_wconf 86' lang='lat' dir='ltr'><strong>arcessitum</strong></span> <span class='ocrx_word' id='word_1_189' title='bbox 1743 2804 1785 2843; x_wconf 86' lang='lat' dir='ltr'><strong>et</strong></span> <span class='ocrx_word' id='word_1_190' title='bbox 1826 2815 1878 2843; x_wconf 85' lang='lat' dir='ltr'><strong>ex</strong></span> 
     </span>
     <span class='ocr_line' id='line_1_24' title="bbox 302 2870 1876 2926; baseline 0.003 -17"><span class='ocrx_word' id='word_1_191' title='bbox 302 2872 464 2910; x_wconf 88' lang='lat' dir='ltr'><strong>remoto</strong></span> <span class='ocrx_word' id='word_1_192' title='bbox 510 2874 773 2924; x_wconf 88' lang='lat' dir='ltr'><strong>protractum</strong></span> <span class='ocrx_word' id='word_1_193' title='bbox 820 2870 991 2926; x_wconf 86' lang='lat' dir='ltr'><strong>angulo.</strong></span> <span class='ocrx_word' id='word_1_194' title='bbox 1041 2870 1174 2913; x_wconf 88' lang='lat' dir='ltr'><strong>Verus</strong></span> <span class='ocrx_word' id='word_1_195' title='bbox 1221 2870 1476 2914; x_wconf 83' lang='lat' dir='ltr'><strong>Plutarchus</strong></span> <span class='ocrx_word' id='word_1_196' title='bbox 1522 2885 1620 2914; x_wconf 93' lang='lat' dir='ltr'><strong>cum</strong></span> <span class='ocrx_word' id='word_1_197' title='bbox 1666 2870 1876 2914; x_wconf 86' lang='lat' dir='ltr'><strong>eiusmodi</strong></span> 
     </span>
     <span class='ocr_line' id='line_1_25' title="bbox 302 2939 1872 2998; baseline 0.003 -18"><span class='ocrx_word' id='word_1_198' title='bbox 302 2953 443 2980; x_wconf 89' lang='lat' dir='ltr'><strong>rerum</strong></span> <span class='ocrx_word' id='word_1_199' title='bbox 485 2939 678 2996; x_wconf 82' lang='lat' dir='ltr'><strong>exempla</strong></span> <span class='ocrx_word' id='word_1_200' title='bbox 711 2940 806 2983; x_wconf 87' lang='lat' dir='ltr'><strong>vult</strong></span> <span class='ocrx_word' id='word_1_201' title='bbox 839 2941 981 2983; x_wconf 86' lang='lat' dir='ltr'><strong>afferre</strong></span> <span class='ocrx_word' id='word_1_202' title='bbox 1010 2943 1055 2983; x_wconf 90' lang='lat' dir='ltr'><strong>in</strong></span> <span class='ocrx_word' id='word_1_203' title='bbox 1089 2946 1289 2997; x_wconf 83' lang='lat' dir='ltr'><strong>promptu</strong></span> <span class='ocrx_word' id='word_1_204' title='bbox 1322 2942 1446 2984; x_wconf 86' lang='lat' dir='ltr'><strong>habet</strong></span> <span class='ocrx_word' id='word_1_205' title='bbox 1477 2941 1738 2998; x_wconf 83' lang='lat' dir='ltr'><strong>lepidissima</strong></span> <span class='ocrx_word' id='word_1_206' title='bbox 1768 2942 1872 2985; x_wconf 86' lang='lat' dir='ltr'><strong>face-</strong></span> 
     </span>
    </p>
   </div>
  </div>
 </body>
</html>
