<?xml version="1.0" encoding="UTF-8"?>
<!DOCTYPE html PUBLIC "-//W3C//DTD XHTML 1.0 Transitional//EN"
    "http://www.w3.org/TR/xhtml1/DTD/xhtml1-transitional.dtd">
<html xmlns="http://www.w3.org/1999/xhtml" xml:lang="en" lang="en">
 <head>
  <title>
</title>
<meta http-equiv="Content-Type" content="text/html;charset=utf-8" />
  <meta name='ocr-system' content='tesseract 3.04.00' />
  <meta name='ocr-capabilities' content='ocr_page ocr_carea ocr_par ocr_line ocrx_word'/>
</head>
<body>
  <div class='ocr_page' id='page_1' title='image "./deplutarchoscrip00hartuoft_0331.png"; bbox 0 0 2002 3372; ppageno 0'>
   <div class='ocr_carea' id='block_1_1' title="bbox 884 196 970 241">
    <p class='ocr_par' dir='ltr' id='par_1_1' title="bbox 884 196 970 241">
     <span class='ocr_line' id='line_1_1' title="bbox 884 196 970 241; baseline -0.012 0"><span class='ocrx_word' id='word_1_1' title='bbox 884 196 970 241; x_wconf 79' lang='lat'><strong>315</strong></span> 
     </span>
    </p>
   </div>
   <div class='ocr_carea' id='block_1_2' title="bbox 124 318 1724 524">
    <p class='ocr_par' dir='ltr' id='par_1_2' title="bbox 124 318 1724 524">
     <span class='ocr_line' id='line_1_2' title="bbox 190 318 1243 377; baseline -0.005 -11"><span class='ocrx_word' id='word_1_2' title='bbox 190 321 376 377; x_wconf 61' lang='grc' dir='ltr'><strong><em>ἔχθιστος</em></strong></span> <span class='ocrx_word' id='word_1_3' title='bbox 411 322 445 365; x_wconf 84' lang='grc' dir='ltr'><strong>δ’</strong></span> <span class='ocrx_word' id='word_1_4' title='bbox 478 323 649 375; x_wconf 75' lang='grc' dir='ltr'><strong><em>Ἀχιλῆι</em></strong></span> <span class='ocrx_word' id='word_1_5' title='bbox 681 321 858 373; x_wconf 82' lang='grc' dir='ltr'><strong><em>μάλιστ’</em></strong></span> <span class='ocrx_word' id='word_1_6' title='bbox 891 318 935 370; x_wconf 80' lang='grc' dir='ltr'><strong><em>ἦν</em></strong></span> <span class='ocrx_word' id='word_1_7' title='bbox 967 320 1026 370; x_wconf 77' lang='grc' dir='ltr'><strong>ἠδ’</strong></span> <span class='ocrx_word' id='word_1_8' title='bbox 1058 320 1243 367; x_wconf 76' lang='grc' dir='ltr'><strong><em>Ὀδυσῆι.</em></strong></span> 
     </span>
     <span class='ocr_line' id='line_1_3' title="bbox 190 387 1724 448; baseline -0.007 -9"><span class='ocrx_word' id='word_1_9' title='bbox 190 395 375 439; x_wconf 82' lang='lat' dir='ltr'><strong>Minime</strong></span> <span class='ocrx_word' id='word_1_10' title='bbox 414 407 514 437; x_wconf 86' lang='lat' dir='ltr'><strong>oum</strong></span> <span class='ocrx_word' id='word_1_11' title='bbox 555 393 714 437; x_wconf 80' lang='lat' dir='ltr'><strong>editore</strong></span> <span class='ocrx_word' id='word_1_12' title='bbox 746 392 796 435; x_wconf 84' lang='grc' dir='ltr'><strong>δι’</strong></span> <span class='ocrx_word' id='word_1_13' title='bbox 829 391 913 440; x_wconf 80' lang='grc' dir='ltr'><strong><em>ἑνὸς</em></strong></span> <span class='ocrx_word' id='word_1_14' title='bbox 946 391 1065 439; x_wconf 87' lang='grc' dir='ltr'><strong><em>ἔπους</em></strong></span> <span class='ocrx_word' id='word_1_15' title='bbox 1098 390 1240 448; x_wconf 84' lang='lat' dir='ltr'><strong>legere</strong></span> <span class='ocrx_word' id='word_1_16' title='bbox 1272 388 1419 440; x_wconf 82' lang='lat' dir='ltr'><strong>velim,</strong></span> <span class='ocrx_word' id='word_1_17' title='bbox 1453 387 1724 442; x_wconf 78' lang='lat' dir='ltr'><strong>nam&#39;requi-</strong></span> 
     </span>
     <span class='ocr_line' id='line_1_4' title="bbox 124 461 1724 524; baseline -0.006 -14"><span class='ocrx_word' id='word_1_18' title='bbox 124 467 243 510; x_wconf 80' lang='lat' dir='ltr'><strong>-ritur</strong></span> <span class='ocrx_word' id='word_1_19' title='bbox 281 465 396 524; x_wconf 87' lang='lat' dir='ltr'><strong>quod</strong></span> <span class='ocrx_word' id='word_1_20' title='bbox 425 468 519 522; x_wconf 88' lang='lat' dir='ltr'><strong>(per</strong></span> <span class='ocrx_word' id='word_1_21' title='bbox 547 464 807 514; x_wconf 79' lang='lat' dir='ltr'><strong>ohiasmum)</strong></span> <span class='ocrx_word' id='word_1_22' title='bbox 839 467 1077 521; x_wconf 85' lang='lat' dir='ltr'><strong>opponatur</strong></span> <span class='ocrx_word' id='word_1_23' title='bbox 1108 461 1456 520; x_wconf 75' lang='lat' dir='ltr'><strong>praecedentibus</strong></span> <span class='ocrx_word' id='word_1_24' title='bbox 1487 462 1724 509; x_wconf 75' lang='grc' dir='ltr'><strong><em>πολυμερῶς</em></strong></span> 
     </span>
    </p>
   </div>
   <div class='ocr_carea' id='block_1_3' title="bbox 64 528 1726 590">
    <p class='ocr_par' dir='ltr' id='par_1_3' title="bbox 64 528 1726 590">
     <span class='ocr_line' id='line_1_5' title="bbox 64 528 1726 590; baseline -0.005 -10"><span class='ocrx_word' id='word_1_25' title='bbox 64 564 69 571; x_wconf 84' lang='lat'><em>·</em></span> <span class='ocrx_word' id='word_1_26' title='bbox 132 537 200 580; x_wconf 73' lang='grc' dir='ltr'><strong><em>ιιιιὶ</em></strong></span> <span class='ocrx_word' id='word_1_27' title='bbox 242 535 578 590; x_wconf 72' lang='grc' dir='ltr'><strong><em>περιωδευμένως.</em></strong></span> <span class='ocrx_word' id='word_1_28' title='bbox 621 535 840 579; x_wconf 78' lang='lat' dir='ltr'><strong>Ultimum</strong></span> <span class='ocrx_word' id='word_1_29' title='bbox 884 534 1136 579; x_wconf 82' lang='lat' dir='ltr'><strong>adverbium</strong></span> <span class='ocrx_word' id='word_1_30' title='bbox 1178 532 1409 577; x_wconf 85' lang='lat' dir='ltr'><strong>admodum</strong></span> <span class='ocrx_word' id='word_1_31' title='bbox 1452 544 1610 582; x_wconf 88' lang='lat' dir='ltr'><strong>rarum,</strong></span> <span class='ocrx_word' id='word_1_32' title='bbox 1652 528 1726 572; x_wconf 79' lang='lat' dir='ltr'><strong>sed</strong></span> 
     </span>
    </p>
   </div>
   <div class='ocr_carea' id='block_1_4' title="bbox 130 601 1724 737">
    <p class='ocr_par' dir='ltr' id='par_1_4' title="bbox 130 601 1724 737">
     <span class='ocr_line' id='line_1_6' title="bbox 130 601 1724 667; baseline -0.006 -14"><span class='ocrx_word' id='word_1_33' title='bbox 130 609 307 667; x_wconf 74' lang='lat' dir='ltr'><strong>egregie</strong></span> <span class='ocrx_word' id='word_1_34' title='bbox 331 609 525 666; x_wconf 78' lang='lat' dir='ltr'><strong>opposito</strong></span> <span class='ocrx_word' id='word_1_35' title='bbox 551 608 851 658; x_wconf 67' lang='grc' dir='ltr'><strong><em>συντομώτατα</em></strong></span> <span class='ocrx_word' id='word_1_36' title='bbox 869 605 1127 657; x_wconf 82' lang='lat' dir='ltr'><strong>illustratur,</strong></span> <span class='ocrx_word' id='word_1_37' title='bbox 1145 609 1210 648; x_wconf 85' lang='lat' dir='ltr'><strong>est</strong></span> <span class='ocrx_word' id='word_1_38' title='bbox 1227 606 1341 648; x_wconf 90' lang='lat' dir='ltr'><strong>enim</strong></span> <span class='ocrx_word' id='word_1_39' title='bbox 1361 616 1463 661; x_wconf 86' lang='lat' dir='ltr'><strong>„per</strong></span> <span class='ocrx_word' id='word_1_40' title='bbox 1479 601 1724 659; x_wconf 79' lang='lat' dir='ltr'><strong>ambages”.</strong></span> 
     </span>
     <span class='ocr_line' id='line_1_7' title="bbox 131 676 1278 737; baseline -0.005 -13"><span class='ocrx_word' id='word_1_41' title='bbox 131 679 255 725; x_wconf 81' lang='lat' dir='ltr'><strong>Nihil</strong></span> <span class='ocrx_word' id='word_1_42' title='bbox 285 693 388 737; x_wconf 82' lang='lat' dir='ltr'><strong>ergo</strong></span> <span class='ocrx_word' id='word_1_43' title='bbox 419 678 659 723; x_wconf 84' lang='lat' dir='ltr'><strong>addendum</strong></span> <span class='ocrx_word' id='word_1_44' title='bbox 693 691 822 736; x_wconf 87' lang='lat' dir='ltr'><strong>quam</strong></span> <span class='ocrx_word' id='word_1_45' title='bbox 855 680 924 720; x_wconf 82' lang='grc' dir='ltr'><strong>τοῦ</strong></span> <span class='ocrx_word' id='word_1_46' title='bbox 956 682 1054 735; x_wconf 82' lang='lat' dir='ltr'><strong>post</strong></span> <span class='ocrx_word' id='word_1_47' title='bbox 1087 676 1278 730; x_wconf 69' lang='grc' dir='ltr'><strong><em>ἔφρασεν.</em></strong></span> 
     </span>
    </p>
   </div>
   <div class='ocr_carea' id='block_1_5' title="bbox 133 821 1735 1516">
    <p class='ocr_par' dir='ltr' id='par_1_5' title="bbox 133 821 1729 1096">
     <span class='ocr_line' id='line_1_8' title="bbox 194 821 1727 876; baseline -0.005 -5"><span class='ocrx_word' id='word_1_48' title='bbox 194 825 332 872; x_wconf 79' lang='grc' dir='ltr'><strong>537Ε</strong></span> <span class='ocrx_word' id='word_1_49' title='bbox 372 826 584 871; x_wconf 78' lang='lat' dir='ltr'><strong>Invidiam</strong></span> <span class='ocrx_word' id='word_1_50' title='bbox 625 839 750 870; x_wconf 79' lang='lat' dir='ltr'><strong>suam</strong></span> <span class='ocrx_word' id='word_1_51' title='bbox 783 839 930 869; x_wconf 84' lang='lat' dir='ltr'><strong>omnes</strong></span> <span class='ocrx_word' id='word_1_52' title='bbox 962 823 1237 868; x_wconf 77' lang='lat' dir='ltr'><strong>dissimulant</strong></span> <span class='ocrx_word' id='word_1_53' title='bbox 1268 822 1500 876; x_wconf 70' lang='grc' dir='ltr'><strong><em>ὀργίζεσθαι</em></strong></span> <span class='ocrx_word' id='word_1_54' title='bbox 1532 821 1727 873; x_wconf 73' lang='grc' dir='ltr'><strong><em>λέγοντες</em></strong></span> 
     </span>
     <span class='ocr_line' id='line_1_9' title="bbox 134 892 1728 952; baseline -0.005 -9"><span class='ocrx_word' id='word_1_55' title='bbox 134 901 159 950; x_wconf 74' lang='grc' dir='ltr'>ἢ</span> <span class='ocrx_word' id='word_1_56' title='bbox 196 899 420 952; x_wconf 73' lang='grc' dir='ltr'><strong><em>Φοβεῒσθάι</em></strong></span> <span class='ocrx_word' id='word_1_57' title='bbox 463 899 531 942; x_wconf 85' lang='grc' dir='ltr'><strong>τὸν</strong></span> <span class='ocrx_word' id='word_1_58' title='bbox 573 897 774 951; x_wconf 74' lang='grc' dir='ltr'><strong><em>ἄνθρωπον</em></strong></span> <span class='ocrx_word' id='word_1_59' title='bbox 820 900 840 947; x_wconf 76' lang='grc' dir='ltr'>ἢ</span> <span class='ocrx_word' id='word_1_60' title='bbox 889 902 1024 948; x_wconf 79' lang='grc' dir='ltr'><em>μισεῖν</em></span> <span class='ocrx_word' id='word_1_61' title='bbox 1059 896 1082 946; x_wconf 80' lang='grc' dir='ltr'>ἢ</span> <span class='ocrx_word' id='word_1_62' title='bbox 1115 894 1138 939; x_wconf 76' lang='grc' dir='ltr'><strong>δ’</strong></span> <span class='ocrx_word' id='word_1_63' title='bbox 1167 911 1206 938; x_wconf 93' lang='grc' dir='ltr'><strong>τι</strong></span> <span class='ocrx_word' id='word_1_64' title='bbox 1238 895 1288 938; x_wconf 77' lang='grc' dir='ltr'><strong><em>ἂν</em></strong></span> <span class='ocrx_word' id='word_1_65' title='bbox 1321 895 1504 948; x_wconf 80' lang='grc' dir='ltr'><strong><em>τύχωσιν</em></strong></span> <span class='ocrx_word' id='word_1_66' title='bbox 1535 892 1640 936; x_wconf 82' lang='grc' dir='ltr'><strong><em>ἄλλο</em></strong></span> <span class='ocrx_word' id='word_1_67' title='bbox 1673 895 1728 946; x_wconf 79' lang='grc' dir='ltr'><strong><em>τῷ</em></strong></span> 
     </span>
     <span class='ocr_line' id='line_1_10' title="bbox 133 965 1729 1025; baseline -0.006 -10"><span class='ocrx_word' id='word_1_68' title='bbox 133 971 266 1025; x_wconf 76' lang='grc' dir='ltr'><strong><em>Φθόνῳ</em></strong></span> <span class='ocrx_word' id='word_1_69' title='bbox 298 973 369 1014; x_wconf 83' lang='grc' dir='ltr'><strong>τοῦ</strong></span> <span class='ocrx_word' id='word_1_70' title='bbox 404 971 556 1018; x_wconf 79' lang='grc' dir='ltr'><strong><em>πάθους</em></strong></span> <span class='ocrx_word' id='word_1_71' title='bbox 588 969 715 1020; x_wconf 75' lang='grc' dir='ltr'><strong><em>ὄνομα</em></strong></span> <span class='ocrx_word' id='word_1_72' title='bbox 748 969 1074 1022; x_wconf 76' lang='grc' dir='ltr'><strong><em>περιβάλλοντες</em></strong></span> <span class='ocrx_word' id='word_1_73' title='bbox 1110 968 1177 1010; x_wconf 76' lang='grc' dir='ltr'><strong>καὶ</strong></span> <span class='ocrx_word' id='word_1_74' title='bbox 1207 967 1506 1018; x_wconf 76' lang='grc' dir='ltr'><strong><em>καλύπτοντες,</em></strong></span> <span class='ocrx_word' id='word_1_75' title='bbox 1534 967 1584 1012; x_wconf 78' lang='grc' dir='ltr'><strong>ὡς</strong></span> <span class='ocrx_word' id='word_1_76' title='bbox 1611 965 1729 1015; x_wconf 82' lang='grc' dir='ltr'><strong><em>μόνον</em></strong></span> 
     </span>
     <span class='ocr_line' id='line_1_11' title="bbox 134 1040 1080 1096; baseline -0.003 -10"><span class='ocrx_word' id='word_1_77' title='bbox 134 1045 254 1086; x_wconf 83' lang='grc' dir='ltr'><strong><em>τοῦτο</em></strong></span> <span class='ocrx_word' id='word_1_78' title='bbox 285 1046 362 1085; x_wconf 80' lang='grc' dir='ltr'><strong>τῶν</strong></span> <span class='ocrx_word' id='word_1_79' title='bbox 392 1042 539 1096; x_wconf 78' lang='grc' dir='ltr'><strong><em>ψύχης</em></strong></span> <span class='ocrx_word' id='word_1_80' title='bbox 571 1040 810 1094; x_wconf 73' lang='grc' dir='ltr'><strong><em>νοσημάτων</em></strong></span> <span class='ocrx_word' id='word_1_81' title='bbox 844 1041 1080 1095; x_wconf 67' lang='grc' dir='ltr'><strong><em>ἀπόρρητον.</em></strong></span> 
     </span>
    </p>

    <p class='ocr_par' dir='ltr' id='par_1_6' title="bbox 136 1107 1735 1516">
     <span class='ocr_line' id='line_1_12' title="bbox 197 1107 1733 1167; baseline -0.005 -9"><span class='ocrx_word' id='word_1_82' title='bbox 197 1113 453 1158; x_wconf 78' lang='lat' dir='ltr'><strong>Rectissime</strong></span> <span class='ocrx_word' id='word_1_83' title='bbox 499 1114 611 1158; x_wconf 84' lang='lat' dir='ltr'><strong>vidit</strong></span> <span class='ocrx_word' id='word_1_84' title='bbox 658 1113 912 1157; x_wconf 80' lang='lat' dir='ltr'><strong>Duebnerue</strong></span> <span class='ocrx_word' id='word_1_85' title='bbox 952 1113 1053 1155; x_wconf 88' lang='lat' dir='ltr'><strong>ferri</strong></span> <span class='ocrx_word' id='word_1_86' title='bbox 1094 1125 1176 1154; x_wconf 88' lang='lat' dir='ltr'><strong>non</strong></span> <span class='ocrx_word' id='word_1_87' title='bbox 1219 1123 1342 1167; x_wconf 78' lang='lat' dir='ltr'><strong>posse</strong></span> <span class='ocrx_word' id='word_1_88' title='bbox 1384 1107 1615 1152; x_wconf 82' lang='lat' dir='ltr'><strong>articulum</strong></span> <span class='ocrx_word' id='word_1_89' title='bbox 1658 1109 1733 1164; x_wconf 89' lang='lat' dir='ltr'><strong>qui</strong></span> 
     </span>
     <span class='ocr_line' id='line_1_13' title="bbox 138 1177 1732 1244; baseline -0.006 -13"><span class='ocrx_word' id='word_1_90' title='bbox 138 1189 237 1231; x_wconf 84' lang='lat' dir='ltr'><strong>aute</strong></span> <span class='ocrx_word' id='word_1_91' title='bbox 266 1185 420 1234; x_wconf 76' lang='grc' dir='ltr'><strong><em>πάθους</em></strong></span> <span class='ocrx_word' id='word_1_92' title='bbox 450 1185 626 1244; x_wconf 87' lang='lat' dir='ltr'><strong>legitur.</strong></span> <span class='ocrx_word' id='word_1_93' title='bbox 656 1184 895 1228; x_wconf 88' lang='lat' dir='ltr'><strong>Videndum</strong></span> <span class='ocrx_word' id='word_1_94' title='bbox 924 1187 1069 1227; x_wconf 86' lang='lat' dir='ltr'><strong>tamen</strong></span> <span class='ocrx_word' id='word_1_95' title='bbox 1100 1196 1239 1225; x_wconf 87' lang='lat' dir='ltr'><strong>annon</strong></span> <span class='ocrx_word' id='word_1_96' title='bbox 1266 1182 1326 1224; x_wconf 78' lang='lat' dir='ltr'><strong>sio</strong></span> <span class='ocrx_word' id='word_1_97' title='bbox 1351 1179 1608 1237; x_wconf 86' lang='lat' dir='ltr'><strong>legendum:</strong></span> <span class='ocrx_word' id='word_1_98' title='bbox 1641 1177 1732 1223; x_wconf 79' lang='grc' dir='ltr'><strong><em>ὅτου</em></strong></span> 
     </span>
     <span class='ocr_line' id='line_1_14' title="bbox 140 1250 1734 1310; baseline -0.004 -9"><span class='ocrx_word' id='word_1_99' title='bbox 140 1256 192 1302; x_wconf 71' lang='grc' dir='ltr'><strong><em>ἂν</em></strong></span> <span class='ocrx_word' id='word_1_100' title='bbox 232 1256 416 1310; x_wconf 76' lang='grc' dir='ltr'><strong><em>τύχωσιν</em></strong></span> <span class='ocrx_word' id='word_1_101' title='bbox 459 1256 592 1300; x_wconf 79' lang='grc' dir='ltr'><strong><em>ἄλλου</em></strong></span> <span class='ocrx_word' id='word_1_102' title='bbox 634 1258 690 1310; x_wconf 78' lang='grc' dir='ltr'><strong><em>τῷ</em></strong></span> <span class='ocrx_word' id='word_1_103' title='bbox 732 1256 864 1309; x_wconf 82' lang='grc' dir='ltr'><strong><em>Φθόνῳ</em></strong></span> <span class='ocrx_word' id='word_1_104' title='bbox 907 1254 1059 1302; x_wconf 84' lang='grc' dir='ltr'><strong><em>πάθους</em></strong></span> <span class='ocrx_word' id='word_1_105' title='bbox 1090 1252 1216 1304; x_wconf 77' lang='grc' dir='ltr'><strong><em>ὄνομά</em></strong></span> <span class='ocrx_word' id='word_1_106' title='bbox 1249 1251 1589 1304; x_wconf 75' lang='grc' dir='ltr'><strong><em>περιβάλλοντες.</em></strong></span> <span class='ocrx_word' id='word_1_107' title='bbox 1621 1250 1734 1294; x_wconf 83' lang='lat' dir='ltr'><strong>Nam</strong></span> 
     </span>
     <span class='ocr_line' id='line_1_15' title="bbox 136 1322 1734 1387; baseline -0.005 -14"><span class='ocrx_word' id='word_1_108' title='bbox 136 1327 391 1387; x_wconf 78' lang='lat' dir='ltr'><strong>simpliciter</strong></span> <span class='ocrx_word' id='word_1_109' title='bbox 430 1327 608 1373; x_wconf 85' lang='lat' dir='ltr'><strong>delendo</strong></span> <span class='ocrx_word' id='word_1_110' title='bbox 640 1327 820 1372; x_wconf 84' lang='lat' dir='ltr'><strong>articulo</strong></span> <span class='ocrx_word' id='word_1_111' title='bbox 852 1327 962 1371; x_wconf 90' lang='lat' dir='ltr'><strong>mihi</strong></span> <span class='ocrx_word' id='word_1_112' title='bbox 993 1326 1167 1384; x_wconf 88' lang='lat' dir='ltr'><strong>quidem</strong></span> <span class='ocrx_word' id='word_1_113' title='bbox 1199 1339 1283 1367; x_wconf 91' lang='lat' dir='ltr'><strong>non</strong></span> <span class='ocrx_word' id='word_1_114' title='bbox 1314 1337 1558 1382; x_wconf 80' lang='lat' dir='ltr'><strong>persanasse</strong></span> <span class='ocrx_word' id='word_1_115' title='bbox 1590 1322 1734 1367; x_wconf 86' lang='lat' dir='ltr'><strong>locum</strong></span> 
     </span>
     <span class='ocr_line' id='line_1_16' title="bbox 139 1394 1735 1445; baseline -0.004 -1"><span class='ocrx_word' id='word_1_116' title='bbox 139 1399 392 1444; x_wconf 84' lang='lat' dir='ltr'><strong>Duebnerue</strong></span> <span class='ocrx_word' id='word_1_117' title='bbox 431 1399 615 1445; x_wconf 81' lang='lat' dir='ltr'><strong>videtur.</strong></span> <span class='ocrx_word' id='word_1_118' title='bbox 662 1398 746 1443; x_wconf 81' lang='lat' dir='ltr'><strong>Sed</strong></span> <span class='ocrx_word' id='word_1_119' title='bbox 790 1399 870 1442; x_wconf 87' lang='lat' dir='ltr'><strong>hoc</strong></span> <span class='ocrx_word' id='word_1_120' title='bbox 911 1400 1068 1442; x_wconf 82' lang='lat' dir='ltr'><strong>certius</strong></span> <span class='ocrx_word' id='word_1_121' title='bbox 1105 1399 1151 1440; x_wconf 91' lang='lat' dir='ltr'><strong>in</strong></span> <span class='ocrx_word' id='word_1_122' title='bbox 1193 1396 1275 1439; x_wconf 88' lang='lat' dir='ltr'><strong>fine</strong></span> <span class='ocrx_word' id='word_1_123' title='bbox 1308 1397 1541 1440; x_wconf 82' lang='lat' dir='ltr'><strong>sententiae</strong></span> <span class='ocrx_word' id='word_1_124' title='bbox 1573 1394 1611 1438; x_wconf 81' lang='grc' dir='ltr'><strong><em>ὅν</em></strong></span> <span class='ocrx_word' id='word_1_125' title='bbox 1645 1409 1735 1439; x_wconf 80' lang='lat' dir='ltr'><strong>esse</strong></span> 
     </span>
     <span class='ocr_line' id='line_1_17' title="bbox 141 1470 398 1516; baseline -0.004 0"><span class='ocrx_word' id='word_1_126' title='bbox 141 1470 398 1516; x_wconf 81' lang='lat' dir='ltr'><strong>addendum.</strong></span> 
     </span>
    </p>
   </div>
   <div class='ocr_carea' id='block_1_6' title="bbox 136 1603 1743 2240">
    <p class='ocr_par' dir='ltr' id='par_1_7' title="bbox 141 1603 1736 1734">
     <span class='ocr_line' id='line_1_18' title="bbox 200 1603 1736 1661; baseline -0.004 -7"><span class='ocrx_word' id='word_1_127' title='bbox 200 1609 258 1654; x_wconf 89' lang='lat' dir='ltr'><strong>ib.</strong></span> <span class='ocrx_word' id='word_1_128' title='bbox 307 1608 474 1661; x_wconf 73' lang='grc' dir='ltr'><strong><em>άνάγιιη</em></strong></span> <span class='ocrx_word' id='word_1_129' title='bbox 506 1608 636 1652; x_wconf 85' lang='grc' dir='ltr'><strong><em>τοίνυν</em></strong></span> <span class='ocrx_word' id='word_1_130' title='bbox 669 1608 725 1651; x_wconf 75' lang='grc' dir='ltr'><strong><em>τὰ</em></strong></span> <span class='ocrx_word' id='word_1_131' title='bbox 758 1607 869 1658; x_wconf 73' lang='grc' dir='ltr'><strong><em>πάθη</em></strong></span> <span class='ocrx_word' id='word_1_132' title='bbox 901 1611 1041 1651; x_wconf 75' lang='grc' dir='ltr'><strong><em>ταῦτα</em></strong></span> <span class='ocrx_word' id='word_1_133' title='bbox 1077 1612 1160 1654; x_wconf 84' lang='grc' dir='ltr'><strong><em>τοῖς</em></strong></span> <span class='ocrx_word' id='word_1_134' title='bbox 1195 1608 1333 1653; x_wconf 79' lang='grc' dir='ltr'><strong><em>αὐτοῖς</em></strong></span> <span class='ocrx_word' id='word_1_135' title='bbox 1367 1603 1499 1658; x_wconf 69' lang='grc' dir='ltr'><strong><em>ὥσπερ</em></strong></span> <span class='ocrx_word' id='word_1_136' title='bbox 1532 1605 1588 1649; x_wconf 73' lang='grc' dir='ltr'><strong><em>τά</em></strong></span> <span class='ocrx_word' id='word_1_137' title='bbox 1615 1606 1736 1660; x_wconf 72' lang='grc' dir='ltr'><strong><em>φυτά</em></strong></span> 
     </span>
     <span class='ocr_line' id='line_1_19' title="bbox 141 1679 813 1734; baseline 0 -10"><span class='ocrx_word' id='word_1_138' title='bbox 141 1680 212 1724; x_wconf 64' lang='lat' dir='ltr'><strong>aa&gt;</strong></span> <span class='ocrx_word' id='word_1_139' title='bbox 245 1680 466 1734; x_wconf 72' lang='grc' dir='ltr'><strong><em>τρέφεσθαι</em></strong></span> <span class='ocrx_word' id='word_1_140' title='bbox 499 1680 569 1723; x_wconf 71' lang='grc' dir='ltr'><strong>καὶ</strong></span> <span class='ocrx_word' id='word_1_141' title='bbox 602 1679 813 1730; x_wconf 74' lang='grc' dir='ltr'><strong><em>αὔξεσθαι.</em></strong></span> 
     </span>
    </p>

    <p class='ocr_par' dir='ltr' id='par_1_8' title="bbox 136 1749 1743 2240">
     <span class='ocr_line' id='line_1_20' title="bbox 202 1749 1738 1810; baseline -0.002 -14"><span class='ocrx_word' id='word_1_142' title='bbox 202 1751 322 1796; x_wconf 84' lang='lat' dir='ltr'><strong>Haeo</strong></span> <span class='ocrx_word' id='word_1_143' title='bbox 352 1751 525 1810; x_wconf 90' lang='lat' dir='ltr'><strong>quidem</strong></span> <span class='ocrx_word' id='word_1_144' title='bbox 555 1751 776 1795; x_wconf 79' lang='lat' dir='ltr'><strong>lenissima</strong></span> <span class='ocrx_word' id='word_1_145' title='bbox 803 1750 1098 1795; x_wconf 83' lang='lat' dir='ltr'><strong>emendatione</strong></span> <span class='ocrx_word' id='word_1_146' title='bbox 1125 1751 1293 1795; x_wconf 82' lang='lat' dir='ltr'><strong>sanavit</strong></span> <span class='ocrx_word' id='word_1_147' title='bbox 1317 1749 1519 1793; x_wconf 83' lang='lat' dir='ltr'><strong>Reiskius</strong></span> <span class='ocrx_word' id='word_1_148' title='bbox 1544 1751 1667 1792; x_wconf 75' lang='grc' dir='ltr'><strong><em>ταῦτ’</em></strong></span> <span class='ocrx_word' id='word_1_149' title='bbox 1695 1751 1738 1793; x_wconf 85' lang='grc' dir='ltr'><strong>οὐ</strong></span> 
     </span>
     <span class='ocr_line' id='line_1_21' title="bbox 140 1820 1739 1882; baseline -0.003 -14"><span class='ocrx_word' id='word_1_150' title='bbox 140 1822 322 1882; x_wconf 75' lang='lat' dir='ltr'><strong>legendo</strong></span> <span class='ocrx_word' id='word_1_151' title='bbox 366 1838 444 1882; x_wconf 88' lang='lat' dir='ltr'><strong>pro</strong></span> <span class='ocrx_word' id='word_1_152' title='bbox 484 1826 638 1867; x_wconf 70' lang='grc' dir='ltr'><strong><em>ταῦτα.</em></strong></span> <span class='ocrx_word' id='word_1_153' title='bbox 682 1823 777 1867; x_wconf 86' lang='lat' dir='ltr'><strong>Hoc</strong></span> <span class='ocrx_word' id='word_1_154' title='bbox 820 1838 927 1880; x_wconf 84' lang='lat' dir='ltr'><strong>opus</strong></span> <span class='ocrx_word' id='word_1_155' title='bbox 968 1837 1072 1875; x_wconf 80' lang='lat' dir='ltr'><strong>esee,</strong></span> <span class='ocrx_word' id='word_1_156' title='bbox 1113 1822 1192 1866; x_wconf 91' lang='lat' dir='ltr'><strong>hoc</strong></span> <span class='ocrx_word' id='word_1_157' title='bbox 1234 1820 1423 1866; x_wconf 81' lang='lat' dir='ltr'><strong>voluisse</strong></span> <span class='ocrx_word' id='word_1_158' title='bbox 1455 1821 1739 1865; x_wconf 79' lang='lat' dir='ltr'><strong>Plutarchum</strong></span> 
     </span>
     <span class='ocr_line' id='line_1_22' title="bbox 136 1893 1740 1953; baseline -0.003 -13"><span class='ocrx_word' id='word_1_159' title='bbox 136 1894 298 1953; x_wconf 59' lang='lat' dir='ltr'><strong>⁴clamat</strong></span> <span class='ocrx_word' id='word_1_160' title='bbox 341 1898 432 1940; x_wconf 89' lang='lat' dir='ltr'><strong>tota</strong></span> <span class='ocrx_word' id='word_1_161' title='bbox 471 1909 580 1953; x_wconf 85' lang='lat' dir='ltr'><strong>quae</strong></span> <span class='ocrx_word' id='word_1_162' title='bbox 611 1896 805 1952; x_wconf 82' lang='lat' dir='ltr'><strong>sequitur</strong></span> <span class='ocrx_word' id='word_1_163' title='bbox 838 1895 1096 1952; x_wconf 82' lang='lat' dir='ltr'><strong>disputatio:</strong></span> <span class='ocrx_word' id='word_1_164' title='bbox 1131 1893 1308 1946; x_wconf 88' lang='lat' dir='ltr'><strong>„odium</strong></span> <span class='ocrx_word' id='word_1_165' title='bbox 1339 1894 1480 1936; x_wconf 85' lang='lat' dir='ltr'><strong>maius</strong></span> <span class='ocrx_word' id='word_1_166' title='bbox 1511 1893 1560 1936; x_wconf 89' lang='lat' dir='ltr'><strong>fit</strong></span> <span class='ocrx_word' id='word_1_167' title='bbox 1590 1894 1636 1936; x_wconf 90' lang='lat' dir='ltr'><strong>in</strong></span> <span class='ocrx_word' id='word_1_168' title='bbox 1668 1907 1740 1936; x_wconf 83' lang='lat' dir='ltr'><strong>eos</strong></span> 
     </span>
     <span class='ocr_line' id='line_1_23' title="bbox 143 1965 1739 2025; baseline -0.003 -14"><span class='ocrx_word' id='word_1_169' title='bbox 143 1981 329 2025; x_wconf 87' lang='lat' dir='ltr'><strong>quorum</strong></span> <span class='ocrx_word' id='word_1_170' title='bbox 355 1967 621 2024; x_wconf 85' lang='lat' dir='ltr'><strong>improbitas,</strong></span> <span class='ocrx_word' id='word_1_171' title='bbox 638 1966 802 2011; x_wconf 85' lang='lat' dir='ltr'><strong>invidia</strong></span> <span class='ocrx_word' id='word_1_172' title='bbox 819 1966 868 2009; x_wconf 89' lang='lat' dir='ltr'><strong>fit</strong></span> <span class='ocrx_word' id='word_1_173' title='bbox 884 1968 1023 2010; x_wconf 88' lang='lat' dir='ltr'><strong>maior</strong></span> <span class='ocrx_word' id='word_1_174' title='bbox 1037 1967 1082 2008; x_wconf 89' lang='lat' dir='ltr'><strong>in</strong></span> <span class='ocrx_word' id='word_1_175' title='bbox 1100 1980 1169 2009; x_wconf 83' lang='lat' dir='ltr'><strong>eos</strong></span> <span class='ocrx_word' id='word_1_176' title='bbox 1188 1979 1370 2022; x_wconf 90' lang='lat' dir='ltr'><strong>quorum</strong></span> <span class='ocrx_word' id='word_1_177' title='bbox 1387 1965 1516 2007; x_wconf 71' lang='lat' dir='ltr'><strong>virtus</strong></span> <span class='ocrx_word' id='word_1_178' title='bbox 1532 1969 1718 2022; x_wconf 84' lang='lat' dir='ltr'><strong>augetur</strong></span> <span class='ocrx_word' id='word_1_179' title='bbox 1728 1979 1739 2018; x_wconf 89' lang='lat'>;</span> 
     </span>
     <span class='ocr_line' id='line_1_24' title="bbox 143 2036 1739 2097; baseline -0.001 -15"><span class='ocrx_word' id='word_1_180' title='bbox 143 2042 316 2083; x_wconf 65' lang='lat' dir='ltr'><strong>emto-ema</strong></span> <span class='ocrx_word' id='word_1_181' title='bbox 338 2039 592 2097; x_wconf 86' lang='lat' dir='ltr'><strong>improbitas</strong></span> <span class='ocrx_word' id='word_1_182' title='bbox 619 2043 738 2094; x_wconf 71' lang='lat' dir='ltr'><strong>auqet</strong></span> <span class='ocrx_word' id='word_1_183' title='bbox 763 2038 926 2090; x_wconf 87' lang='lat' dir='ltr'><strong>odium,</strong></span> <span class='ocrx_word' id='word_1_184' title='bbox 954 2043 1127 2081; x_wconf 71' lang='lat' dir='ltr'><strong>extrema</strong></span> <span class='ocrx_word' id='word_1_185' title='bbox 1151 2036 1332 2081; x_wconf 83' lang='lat' dir='ltr'><strong>felicitas</strong></span> <span class='ocrx_word' id='word_1_186' title='bbox 1356 2037 1462 2080; x_wconf 74' lang='lat' dir='ltr'><strong>delet</strong></span> <span class='ocrx_word' id='word_1_187' title='bbox 1484 2036 1739 2081; x_wconf 86' lang='lat' dir='ltr'><strong>invidiam.&#39;&#39;</strong></span> 
     </span>
     <span class='ocr_line' id='line_1_25' title="bbox 144 2108 1742 2168; baseline -0.002 -14"><span class='ocrx_word' id='word_1_188' title='bbox 144 2109 261 2168; x_wconf 78' lang='lat' dir='ltr'><strong>Ergo</strong></span> <span class='ocrx_word' id='word_1_189' title='bbox 291 2114 343 2154; x_wconf 89' lang='lat' dir='ltr'><strong>ut</strong></span> <span class='ocrx_word' id='word_1_190' title='bbox 368 2109 453 2154; x_wconf 87' lang='lat' dir='ltr'><strong>alia</strong></span> <span class='ocrx_word' id='word_1_191' title='bbox 478 2109 626 2168; x_wconf 86' lang='lat' dir='ltr'><strong>planta</strong></span> <span class='ocrx_word' id='word_1_192' title='bbox 652 2109 736 2153; x_wconf 87' lang='lat' dir='ltr'><strong>alio</strong></span> <span class='ocrx_word' id='word_1_193' title='bbox 763 2114 948 2168; x_wconf 84' lang='lat' dir='ltr'><strong>augetur</strong></span> <span class='ocrx_word' id='word_1_194' title='bbox 973 2111 1252 2160; x_wconf 85' lang='lat' dir='ltr'><strong>nutrimento,</strong></span> <span class='ocrx_word' id='word_1_195' title='bbox 1279 2110 1342 2152; x_wconf 89' lang='lat' dir='ltr'><strong>ita</strong></span> <span class='ocrx_word' id='word_1_196' title='bbox 1367 2108 1452 2152; x_wconf 86' lang='lat' dir='ltr'><strong>alio</strong></span> <span class='ocrx_word' id='word_1_197' title='bbox 1477 2109 1742 2152; x_wconf 85' lang='lat' dir='ltr'><strong>nutrimento</strong></span> 
     </span>
     <span class='ocr_line' id='line_1_26' title="bbox 142 2181 1743 2240; baseline -0.002 -14"><span class='ocrx_word' id='word_1_198' title='bbox 142 2181 332 2226; x_wconf 81' lang='lat' dir='ltr'><strong>invidiae</strong></span> <span class='ocrx_word' id='word_1_199' title='bbox 357 2196 465 2240; x_wconf 79' lang='lat' dir='ltr'><strong>opus</strong></span> <span class='ocrx_word' id='word_1_200' title='bbox 489 2187 568 2234; x_wconf 85' lang='lat' dir='ltr'><strong>est,</strong></span> <span class='ocrx_word' id='word_1_201' title='bbox 595 2181 679 2226; x_wconf 90' lang='lat' dir='ltr'><strong>alio</strong></span> <span class='ocrx_word' id='word_1_202' title='bbox 707 2181 819 2225; x_wconf 89' lang='lat' dir='ltr'><strong>odio.</strong></span> <span class='ocrx_word' id='word_1_203' title='bbox 853 2181 936 2225; x_wconf 84' lang='lat' dir='ltr'><strong>Sed</strong></span> <span class='ocrx_word' id='word_1_204' title='bbox 963 2181 1067 2239; x_wconf 90' lang='lat' dir='ltr'><strong>quid</strong></span> <span class='ocrx_word' id='word_1_205' title='bbox 1091 2182 1145 2224; x_wconf 80' lang='lat' dir='ltr'><strong>iis</strong></span> <span class='ocrx_word' id='word_1_206' title='bbox 1161 2181 1316 2224; x_wconf 83' lang='lat' dir='ltr'><strong>faciam</strong></span> <span class='ocrx_word' id='word_1_207' title='bbox 1334 2194 1442 2237; x_wconf 90' lang='lat' dir='ltr'><strong>quae</strong></span> <span class='ocrx_word' id='word_1_208' title='bbox 1458 2184 1743 2224; x_wconf 85' lang='lat' dir='ltr'><strong>annectuntur</strong></span> 
     </span>
    </p>
   </div>
   <div class='ocr_carea' id='block_1_7' title="bbox 76 2251 1744 2309">
    <p class='ocr_par' dir='ltr' id='par_1_9' title="bbox 76 2251 1744 2309">
     <span class='ocr_line' id='line_1_27' title="bbox 76 2251 1744 2309; baseline -0.002 -13"><span class='ocrx_word' id='word_1_209' title='bbox 76 2258 83 2266; x_wconf 88' lang='lat'><strong><em>‘</em></strong></span> <span class='ocrx_word' id='word_1_210' title='bbox 147 2253 216 2296; x_wconf 73' lang='grc' dir='ltr'><strong>καὶ</strong></span> <span class='ocrx_word' id='word_1_211' title='bbox 250 2254 536 2306; x_wconf 68' lang='grc' dir='ltr'><strong><em>ἐπιγίγνεσθαι</em></strong></span> <span class='ocrx_word' id='word_1_212' title='bbox 570 2253 756 2304; x_wconf 79' lang='grc' dir='ltr'><strong><em>πέφυκεν</em></strong></span> <span class='ocrx_word' id='word_1_213' title='bbox 789 2253 991 2302; x_wconf 70' lang='grc' dir='ltr'><strong><em>ἀλλήλοις</em></strong></span> <span class='ocrx_word' id='word_1_214' title='bbox 1022 2267 1105 2296; x_wconf 88' lang='lat' dir='ltr'><strong>non</strong></span> <span class='ocrx_word' id='word_1_215' title='bbox 1132 2252 1269 2296; x_wconf 84' lang='lat' dir='ltr'><strong>video.</strong></span> <span class='ocrx_word' id='word_1_216' title='bbox 1303 2252 1467 2309; x_wconf 81' lang='lat' dir='ltr'><strong>Ecquid</strong></span> <span class='ocrx_word' id='word_1_217' title='bbox 1495 2251 1565 2294; x_wconf 74' lang='grc' dir='ltr'><strong>καὶ</strong></span> <span class='ocrx_word' id='word_1_218' title='bbox 1595 2253 1744 2294; x_wconf 80' lang='grc' dir='ltr'><strong><em>ἐπιτεί-</em></strong></span> 
     </span>
    </p>
   </div>
   <div class='ocr_carea' id='block_1_8' title="bbox 0 0 118 3372">
    <p class='ocr_par' dir='ltr' id='par_1_10' title="bbox 0 0 118 3372">
     <span class='ocr_line' id='line_1_28' title="bbox 0 0 118 3372; baseline 0 0"><span class='ocrx_word' id='word_1_219' title='bbox 0 0 118 3372; x_wconf 95' lang='lat' dir='ltr'><strong> </strong></span> 
     </span>
    </p>
   </div>
   <div class='ocr_carea' id='block_1_9' title="bbox 146 2322 1744 2597">
    <p class='ocr_par' dir='ltr' id='par_1_11' title="bbox 146 2322 1744 2597">
     <span class='ocr_line' id='line_1_29' title="bbox 146 2322 1744 2377; baseline -0.001 -9"><span class='ocrx_word' id='word_1_220' title='bbox 146 2325 284 2368; x_wconf 76' lang='grc' dir='ltr'><strong><em>νεσθαι</em></strong></span> <span class='ocrx_word' id='word_1_221' title='bbox 315 2322 572 2377; x_wconf 57' lang='lat' dir='ltr'><strong>tesmonium?</strong></span> <span class='ocrx_word' id='word_1_222' title='bbox 602 2324 733 2368; x_wconf 84' lang='lat' dir='ltr'><strong>Haud</strong></span> <span class='ocrx_word' id='word_1_223' title='bbox 764 2324 958 2368; x_wconf 87' lang='lat' dir='ltr'><strong>alienum</strong></span> <span class='ocrx_word' id='word_1_224' title='bbox 991 2325 1092 2368; x_wconf 89' lang='lat' dir='ltr'><strong>hinc</strong></span> <span class='ocrx_word' id='word_1_225' title='bbox 1126 2323 1356 2377; x_wconf 78' lang='grc' dir='ltr'><strong><em>πεφυκέναι</em></strong></span> <span class='ocrx_word' id='word_1_226' title='bbox 1384 2323 1536 2376; x_wconf 83' lang='lat' dir='ltr'><strong>(„haeo</strong></span> <span class='ocrx_word' id='word_1_227' title='bbox 1562 2326 1627 2366; x_wconf 81' lang='lat' dir='ltr'><strong>est</strong></span> <span class='ocrx_word' id='word_1_228' title='bbox 1650 2322 1744 2366; x_wconf 90' lang='lat' dir='ltr'><strong>illo-</strong></span> 
     </span>
     <span class='ocr_line' id='line_1_30' title="bbox 147 2393 1743 2453; baseline -0.001 -14"><span class='ocrx_word' id='word_1_229' title='bbox 147 2409 247 2439; x_wconf 87' lang='lat' dir='ltr'><strong>rum</strong></span> <span class='ocrx_word' id='word_1_230' title='bbox 271 2396 476 2440; x_wconf 83' lang='lat' dir='ltr'><strong>vitiorum</strong></span> <span class='ocrx_word' id='word_1_231' title='bbox 504 2395 706 2450; x_wconf 86' lang='lat' dir='ltr'><strong>natura&#39;&#39;)</strong></span> <span class='ocrx_word' id='word_1_232' title='bbox 733 2410 871 2453; x_wconf 89' lang='lat' dir='ltr'><strong>neque</strong></span> <span class='ocrx_word' id='word_1_233' title='bbox 897 2398 1041 2453; x_wconf 89' lang='lat' dir='ltr'><strong>inepte</strong></span> <span class='ocrx_word' id='word_1_234' title='bbox 1065 2395 1205 2439; x_wconf 81' lang='lat' dir='ltr'><strong>verbis</strong></span> <span class='ocrx_word' id='word_1_235' title='bbox 1231 2395 1453 2447; x_wconf 80' lang='grc' dir='ltr'><strong><em>τρέφεσθοιι</em></strong></span> <span class='ocrx_word' id='word_1_236' title='bbox 1471 2398 1514 2438; x_wconf 89' lang='lat' dir='ltr'><strong>et</strong></span> <span class='ocrx_word' id='word_1_237' title='bbox 1530 2393 1743 2446; x_wconf 77' lang='grc' dir='ltr'><strong><em>αὔξεσθαι,</em></strong></span> 
     </span>
     <span class='ocr_line' id='line_1_31' title="bbox 149 2466 1744 2525; baseline -0.001 -15"><span class='ocrx_word' id='word_1_238' title='bbox 149 2480 257 2525; x_wconf 84' lang='lat' dir='ltr'><strong>quae</strong></span> <span class='ocrx_word' id='word_1_239' title='bbox 289 2467 333 2511; x_wconf 74' lang='lat' dir='ltr'><strong>et</strong></span> <span class='ocrx_word' id='word_1_240' title='bbox 365 2467 612 2525; x_wconf 80' lang='lat' dir='ltr'><strong>plantarum</strong></span> <span class='ocrx_word' id='word_1_241' title='bbox 644 2467 688 2510; x_wconf 77' lang='lat' dir='ltr'><strong>et</strong></span> <span class='ocrx_word' id='word_1_242' title='bbox 718 2469 927 2511; x_wconf 85' lang='lat' dir='ltr'><strong>vitiorum</strong></span> <span class='ocrx_word' id='word_1_243' title='bbox 959 2470 1072 2520; x_wconf 82' lang='lat' dir='ltr'><strong>eunt,</strong></span> <span class='ocrx_word' id='word_1_244' title='bbox 1105 2466 1332 2510; x_wconf 87' lang='lat' dir='ltr'><strong>adderetur</strong></span> <span class='ocrx_word' id='word_1_245' title='bbox 1364 2467 1632 2509; x_wconf 73' lang='grc' dir='ltr'><strong><em>ἐπιτείνεσθαι</em></strong></span> <span class='ocrx_word' id='word_1_246' title='bbox 1666 2467 1744 2519; x_wconf 89' lang='lat' dir='ltr'><strong>(in-</strong></span> 
     </span>
     <span class='ocr_line' id='line_1_32' title="bbox 148 2538 1223 2597; baseline -0.002 -14"><span class='ocrx_word' id='word_1_247' title='bbox 148 2538 299 2594; x_wconf 72' lang='lat' dir='ltr'><strong>tendi),</strong></span> <span class='ocrx_word' id='word_1_248' title='bbox 332 2538 445 2597; x_wconf 87' lang='lat' dir='ltr'><strong>quod</strong></span> <span class='ocrx_word' id='word_1_249' title='bbox 476 2540 701 2596; x_wconf 89' lang='lat' dir='ltr'><strong>proprium</strong></span> <span class='ocrx_word' id='word_1_250' title='bbox 731 2540 872 2596; x_wconf 77' lang='lat' dir='ltr'><strong>magis</strong></span> <span class='ocrx_word' id='word_1_251' title='bbox 904 2542 969 2583; x_wconf 79' lang='lat' dir='ltr'><strong>est</strong></span> <span class='ocrx_word' id='word_1_252' title='bbox 1001 2540 1223 2582; x_wconf 88' lang='lat' dir='ltr'><strong>vitiorum.</strong></span> 
     </span>
    </p>
   </div>
   <div class='ocr_carea' id='block_1_10' title="bbox 151 2685 1747 3030">
    <p class='ocr_par' dir='ltr' id='par_1_12' title="bbox 211 2685 1744 2744">
     <span class='ocr_line' id='line_1_33' title="bbox 211 2685 1744 2744; baseline -0.002 -13"><span class='ocrx_word' id='word_1_253' title='bbox 211 2687 270 2731; x_wconf 83' lang='lat' dir='ltr'><strong>ib.</strong></span> <span class='ocrx_word' id='word_1_254' title='bbox 303 2686 446 2744; x_wconf 88' lang='lat' dir='ltr'><strong>Atque</strong></span> <span class='ocrx_word' id='word_1_255' title='bbox 467 2687 574 2730; x_wconf 87' lang='lat' dir='ltr'><strong>hano</strong></span> <span class='ocrx_word' id='word_1_256' title='bbox 597 2688 854 2731; x_wconf 77' lang='lat' dir='ltr'><strong>sententiam</strong></span> <span class='ocrx_word' id='word_1_257' title='bbox 871 2687 931 2729; x_wconf 80' lang='lat' dir='ltr'><strong>sic</strong></span> <span class='ocrx_word' id='word_1_258' title='bbox 947 2685 1140 2729; x_wconf 78' lang='lat' dir='ltr'><strong>illustrat·</strong></span> <span class='ocrx_word' id='word_1_259' title='bbox 1155 2685 1425 2742; x_wconf 84' lang='lat' dir='ltr'><strong>defenditque</strong></span> <span class='ocrx_word' id='word_1_260' title='bbox 1442 2685 1744 2743; x_wconf 78' lang='lat' dir='ltr'><strong>philosophus:</strong></span> 
     </span>
    </p>

    <p class='ocr_par' dir='ltr' id='par_1_13' title="bbox 151 2757 1745 2886">
     <span class='ocr_line' id='line_1_34' title="bbox 212 2757 1745 2810; baseline -0.001 -9"><span class='ocrx_word' id='word_1_261' title='bbox 212 2758 482 2810; x_wconf 75' lang='grc' dir='ltr'><strong><em>μισοῦμέν</em></strong></span> <span class='ocrx_word' id='word_1_262' title='bbox 523 2775 587 2810; x_wconf 76' lang='grc' dir='ltr'><strong><em>γε</em></strong></span> <span class='ocrx_word' id='word_1_263' title='bbox 630 2760 794 2810; x_wconf 69' lang='grc' dir='ltr'><strong><em>μᾶλλον</em></strong></span> <span class='ocrx_word' id='word_1_264' title='bbox 838 2758 933 2806; x_wconf 84' lang='grc' dir='ltr'><strong><em>τοὺς</em></strong></span> <span class='ocrx_word' id='word_1_265' title='bbox 966 2760 1130 2808; x_wconf 73' lang='grc' dir='ltr'><strong><em>μᾶλλον</em></strong></span> <span class='ocrx_word' id='word_1_266' title='bbox 1163 2759 1221 2805; x_wconf 80' lang='grc' dir='ltr'><strong><em>εἷς</em></strong></span> <span class='ocrx_word' id='word_1_267' title='bbox 1254 2759 1444 2810; x_wconf 74' lang='grc' dir='ltr'><strong><em>πονηρίαν</em></strong></span> <span class='ocrx_word' id='word_1_268' title='bbox 1478 2757 1745 2809; x_wconf 77' lang='grc' dir='ltr'><strong><em>ἐπιδιδόντας,</em></strong></span> 
     </span>
     <span class='ocr_line' id='line_1_35' title="bbox 151 2828 1398 2886; baseline -0.002 -12"><span class='ocrx_word' id='word_1_269' title='bbox 151 2830 340 2886; x_wconf 75' lang='grc' dir='ltr'><strong><em>Φθονοῦσι</em></strong></span> <span class='ocrx_word' id='word_1_270' title='bbox 372 2829 414 2874; x_wconf 76' lang='grc' dir='ltr'><strong>δὲ</strong></span> <span class='ocrx_word' id='word_1_271' title='bbox 446 2836 530 2878; x_wconf 85' lang='grc' dir='ltr'><strong><em>τοῖς</em></strong></span> <span class='ocrx_word' id='word_1_272' title='bbox 562 2833 728 2881; x_wconf 74' lang='grc' dir='ltr'><strong><em>μᾶλλον</em></strong></span> <span class='ocrx_word' id='word_1_273' title='bbox 762 2830 826 2872; x_wconf 72' lang='grc' dir='ltr'><strong>ἐπ’</strong></span> <span class='ocrx_word' id='word_1_274' title='bbox 859 2830 983 2884; x_wconf 70' lang='grc' dir='ltr'><strong><em>ἀρετῇ</em></strong></span> <span class='ocrx_word' id='word_1_275' title='bbox 1018 2828 1194 2882; x_wconf 79' lang='grc' dir='ltr'><strong><em>προιὲνοιι</em></strong></span> <span class='ocrx_word' id='word_1_276' title='bbox 1228 2828 1398 2872; x_wconf 82' lang='grc' dir='ltr'><strong><em>δοκοῦσι.</em></strong></span> 
     </span>
    </p>

    <p class='ocr_par' dir='ltr' id='par_1_14' title="bbox 155 2900 1747 3030">
     <span class='ocr_line' id='line_1_36' title="bbox 215 2900 1745 2958; baseline -0.001 -13"><span class='ocrx_word' id='word_1_277' title='bbox 215 2900 301 2945; x_wconf 82' lang='lat' dir='ltr'><strong>Hic</strong></span> <span class='ocrx_word' id='word_1_278' title='bbox 347 2901 497 2953; x_wconf 88' lang='lat' dir='ltr'><strong>editor,</strong></span> <span class='ocrx_word' id='word_1_279' title='bbox 540 2901 786 2945; x_wconf 87' lang='lat' dir='ltr'><strong>dubitanter</strong></span> <span class='ocrx_word' id='word_1_280' title='bbox 825 2901 1018 2958; x_wconf 88' lang='lat' dir='ltr'><strong>quidem,</strong></span> <span class='ocrx_word' id='word_1_281' title='bbox 1069 2900 1141 2943; x_wconf 84' lang='lat' dir='ltr'><strong>sed</strong></span> <span class='ocrx_word' id='word_1_282' title='bbox 1182 2901 1356 2944; x_wconf 86' lang='lat' dir='ltr'><strong>coniicit</strong></span> <span class='ocrx_word' id='word_1_283' title='bbox 1397 2903 1540 2944; x_wconf 85' lang='lat' dir='ltr'><strong>tamen</strong></span> <span class='ocrx_word' id='word_1_284' title='bbox 1581 2902 1745 2951; x_wconf 81' lang='grc' dir='ltr'><strong><em>μισοῦσι</em></strong></span> 
     </span>
     <span class='ocr_line' id='line_1_37' title="bbox 155 2970 1747 3030; baseline 0 -15"><span class='ocrx_word' id='word_1_285' title='bbox 155 2971 292 3024; x_wconf 81' lang='grc' dir='ltr'><strong><em>μέντοι</em></strong></span> <span class='ocrx_word' id='word_1_286' title='bbox 336 2974 514 3024; x_wconf 72' lang='grc' dir='ltr'><strong><em>μᾶλλον.</em></strong></span> <span class='ocrx_word' id='word_1_287' title='bbox 558 2971 735 3016; x_wconf 83' lang='lat' dir='ltr'><strong>Utinam</strong></span> <span class='ocrx_word' id='word_1_288' title='bbox 773 2987 825 3016; x_wconf 91' lang='lat' dir='ltr'><strong>ne</strong></span> <span class='ocrx_word' id='word_1_289' title='bbox 856 2970 1042 3016; x_wconf 73' lang='lat' dir='ltr'><strong>fecisset!</strong></span> <span class='ocrx_word' id='word_1_290' title='bbox 1075 2972 1186 3015; x_wconf 90' lang='lat' dir='ltr'><strong>Nam</strong></span> <span class='ocrx_word' id='word_1_291' title='bbox 1219 2978 1386 3030; x_wconf 86' lang='lat' dir='ltr'><strong>recepta</strong></span> <span class='ocrx_word' id='word_1_292' title='bbox 1418 2971 1551 3016; x_wconf 84' lang='lat' dir='ltr'><strong>semel</strong></span> <span class='ocrx_word' id='word_1_293' title='bbox 1582 2971 1747 3015; x_wconf 83' lang='lat' dir='ltr'><strong>Reiskii</strong></span> 
     </span>
    </p>
   </div>
  </div>
 </body>
</html>
