2002 3372
850 209 935 252 159

89 335 287 376 statuunt
327 330 707 388 Themistogenem
750 333 892 374 nescio
935 346 1078 388 quem,
1121 334 1166 375 in
1209 332 1351 375 densis
1393 346 1468 375 nos
1507 332 1690 375 tenebris

93 417 233 448 errare
274 401 444 447 malunt
482 417 613 460 quam
644 417 745 445 cum
778 402 1012 446 Plutarcho
1042 405 1181 461 ipsam
1215 405 1440 447 veritatem
1475 403 1695 460 dispicere.

156 549 296 594 346A
337 547 470 602 ὥσπερ
514 549 741 603 Εὐφράνωρ
785 550 852 592 τὸν
899 552 1039 601 Θησέα
1083 552 1152 594 τὸν
1194 553 1342 595 ἑαυτοῦ
1375 553 1430 606 τῷ
1464 554 1695 604 Παρρασίου

97 621 334 674 παρέβαλε.

23 692 26 694 ’
127 725 130 729 -
160 692 294 739 Nullo
324 694 418 736 iure
450 693 519 736 hic
550 693 669 736 istud
697 692 830 747 ὥσπερ
863 695 1060 750 ponitur;
1093 694 1175 738 alio
1206 695 1332 738 modo
1363 695 1466 738 haec
1497 699 1596 738 sunt
1628 710 1698 738 an-

100 764 307 808 nectenda
337 763 698 822 praecedentibus.

158 902 218 946 ib.
265 906 498 956 γλαφυρῶς
541 903 559 945 ὅ
604 903 836 955 Παρρασίου
875 902 1119 956 γέγραπται
1165 903 1232 945 καὶ
1276 905 1498 951 πεποίηται
1543 905 1615 945 καί
1656 921 1695 946 τι

100 973 322 1027 προσέοικε.

159 1043 423 1106 Oorruptum
466 1059 557 1089 esse
602 1047 824 1095 πεποίηται
870 1047 941 1088 καί
974 1063 1012 1088 τι
1048 1046 1113 1090 W.
1147 1048 1294 1089 sensit.
1338 1046 1489 1089 Editor
1520 1047 1699 1089 coniecit

26 1150 31 1156 τ
102 1117 486 1171 πεποιηφαγηκότι.
521 1116 656 1161 Iocari
689 1117 876 1161 voluisse
911 1119 1055 1161 virum
1088 1120 1314 1175 egregium
1349 1119 1555 1174 suspicor.

168 1263 307 1308 3461)
338 1265 657 1322 Epaminondas
691 1266 939 1318 ἐπεφαίνετο
973 1271 1058 1314 τοῖς
1086 1270 1363 1310 Μαντινεῦσιν
1390 1268 1706 1319 ἀπροσδόκητος,

109 1338 193 1380 καὶ.
224 1336 608 1390 διαβουλευομένοις
641 1339 783 1385 αὐτοῖς
816 1339 954 1387 ἀκμὴν
987 1342 1058 1380 τοῦ
1090 1327 1270 1389 πέμπειν
1303 1342 1376 1388 τὴν
1409 1340 1464 1387 εἶς
1499 1339 1708 1383 Λακεδαί-

105 1425 213 1461 μονα
244 1409 450 1461 βοήθειαν,
485 1410 628 1457 εὐθέως
660 1410 899 1462 ὁπλίζεσθαι
932 1411 1160 1462 προσέταξε
1195 1417 1280 1458 τοῖς
1314 1412 1531 1463 Θηβαίοις.

168 1480 299 1524 Recte
340 1485 411 1524 τοῦ
458 1480 524 1524 W.
568 1480 681 1524 delet
724 1486 767 1524 et
800 1485 899 1525 ante
931 1482 1074 1530 εὐθέως
1107 1484 1257 1525 inserit
1289 1485 1373 1526 καί.
1406 1484 1632 1528 Praeterea
1663 1486 1707 1525 et

111 1553 254 1600 αὐτοῖς
285 1552 532 1606 deleverim,
567 1555 638 1596 cui
669 1552 816 1596 nullus
846 1553 916 1596 hic
947 1553 1081 1598 locus.

166 1699 304 1744 346ss
335 1699 496 1744 Eodem
523 1704 715 1758 tempore
742 1701 1008 1744 advenerunt
1026 1702 1319 1754 Athenienses,
1342 1704 1563 1759 pauciores
1579 1717 1707 1760 quam

102 1770 299 1815 Thebani
329 1777 373 1816 et
403 1786 456 1816 ex
486 1773 642 1816 itinere
674 1773 795 1824 sessi;
829 1772 902 1816 sed

166 1839 277 1892 ὅμως
308 1843 426 1892 εὐθὺς
459 1844 517 1892 εἰς
549 1844 668 1895 τάξιν
701 1846 950 1887 καθίσταντο
985 1851 1070 1893 τοῖς
1103 1845 1327 1894 πλείστοις.

166 1914 304 1959 Nemo
348 1929 432 1959 non
474 1914 720 1959 admonitus
762 1918 895 1959 sentit
935 1922 1186 1974 corruptum
1229 1932 1319 1961 esse
1352 1917 1559 1961 ultimum
1594 1933 1713 1961 voca-

109 1985 277 2031 bulum.
319 1986 443 2041 Quod
485 1987 696 2043 quomodo
733 1989 790 2030 sit
822 1988 1130 2033 emendandam
1161 2004 1214 2032 ex
1245 1991 1299 2038 iis
1329 2004 1435 2046 quae
1468 1992 1615 2033 statim
1650 2005 1712 2034 se-

111 2062 306 2115 quuntur
345 2063 544 2116 apparet:
589 2059 623 2101 οἱ
655 2058 690 2101 δ’
715 2059 866 2107 Δἱππεῖς
901 2060 1272 2112 διασκευασάμενοι
1307 2061 1376 2104 καὶ
1411 2062 1713 2113 προεξελάσαν-

115 2144 186 2178 τες
218 2130 304 2174 κτὲ.
1395 2119 1398 2122 ³

173 2200 291 2259 Lege
322 2215 426 2259 ergo
456 2206 543 2250 τοῖς
575 2201 784 2250 ὁπλίταις.

177 2336 314 2383 347Ε
358 2338 648 2396 Scriptoribus
690 2339 940 2392 εὐαγγέλιον
971 2341 1204 2394 ὀφείλουσιν
1237 2342 1270 2384 οἱ
1306 2342 1469 2395 πρώτως
1504 2342 1715 2396 ἐντυγχα-

115 2425 250 2458 ronne,-
282 2410 370 2466 [καὶ
405 2410 690 2467 ἱστοροῦντες]

175 2478 345 2525 Inclusa
376 2481 613 2526 abiicienda
644 2486 759 2526 sunt.

177 2627 315 2672 348A
357 2628 687 2680 δειξαμένου
719 2629 762 2672 δὲ
794 2635 844 2683 τῇ
879 2629 1052 2684 Κορίννῃ,
1086 2631 1317 2681 γελάσασα
1353 2632 1479 2682 ἐκείνη
1514 2632 1599 2675 mg.

176 2699 376 2744 Medium
407 2700 525 2766 istud
558 2700 661 2757 quid
692 2701 774 2743 sibi
807 2699 914 2745 velit
946 2715 1016 2744 me
1047 2700 1167 2747 latet.

177 2837 327 2882 349B.
376 2837 475 2882 Non
519 2839 874 2889 ἐπίσπεισμα
917 2843 993 2882 τῶν
1037 2839 1320 2891 ἐκκεχυμένων
1363 2839 1465 2889 βίων
1509 2839 1578 2883 hic
1618 2854 1719 2883 cum

96 2907 290 2954 'Roiskio
331 2908 567 2967 legendum
599 2910 671 2953 sed
705 2909 959 2967 perficienda
991 2911 1234 2954 emendatio
1268 2910 1594 2968 Wyttenbachii
1627 2926 1721 2955 con-

119 2982 284 3025 iectura
315 2981 561 3033 ἐπίδειγμα.
