2002 3372
1047 298 1134 342 342

362 420 493 462 5631?
526 420 678 462 Narrat
710 433 810 474 ergo
841 417 918 460 illo
949 432 1047 461 casu
1079 433 1123 463 se
1154 422 1215 463 ita
1247 435 1335 464 esse
1366 422 1586 465 affectum·

361 488 463 532 ὥστε
506 506 578 539 την
620 490 760 541 ψυχην
803 488 1079 542 ἐποχουμένην
1120 491 1234 538 λείως
1277 488 1353 534 οἷον
1392 491 1522 544 ὥσπερ
1555 493 1594 534 ἐν
1626 494 1787 548 γαλήνῃ
1817 496 1872 547 τῷ

299 561 406 613 Φωτὶ
438 560 580 614 ῥᾳδίως
613 559 748 612 πάντῃ
782 575 850 602 και
882 559 1000 613 ταχὺ
1032 560 1308 614 διαφέρεσθαι.

358 631 608 687 Legendum
648 629 763 676 λείως
806 628 936 682 οἵσπερ
977 634 1074 673 ναῦν
1119 633 1158 674 ἐν
1199 634 1363 686 γαλήνῃ
1405 647 1428 676 e
1469 633 1680 690 praeclara
1710 634 1874 681 Reiskii

298 702 599 753 emendatione,
632 715 760 757 quam
791 715 843 744 ne
875 708 1181 747 commemorat
1212 704 1385 761 quidem
1417 704 1565 749 editor.

358 855 492 899 564A
533 856 687 900 Narrat
728 858 930 914 quasdam
971 860 1133 902 animas
1175 862 1324 910 μικτὴν
1366 876 1456 902 τινα
1487 859 1678 915 φέρεσθαι
1711 859 1778 904 καὶ
1812 877 1876 904 τε-

295 927 560 979 ταραγμένην
601 928 751 978 κίνησιν
797 929 905 984 [καὶ]
950 931 1088 983 πολλῷ
1122 930 1231 973 πάνυ
1263 930 1392 984 χρόνῳ
1423 932 1491 974 καὶ
1527 931 1646 983 μόλις
1679 932 1874 976 ἀποκαθι-

296 997 517 1046 σταμένην.

354 1068 572 1112 Inclusum
606 1071 677 1112 καί
708 1085 793 1114 non
825 1071 1047 1114 ferendum
1080 1074 1242 1129 opinor.

354 1224 487 1267 564ss
526 1226 657 1278 φοράς
689 1242 732 1268 τε
767 1225 907 1273 παίσας
939 1228 1063 1278 πρὸς
1099 1228 1235 1270 οὐδὲν
1268 1228 1500 1280 ἀκρίτως
1534 1229 1737 1282 ἐφέροντο.

353 1296 508 1339 Sensus
539 1298 800 1354 perspicuus,
833 1297 904 1340 sed
935 1306 1099 1341 rectene
1130 1299 1287 1342 habent
1319 1300 1448 1343 verba
1479 1299 1651 1344 notata?

358 1451 490 1496 5640
534 1452 603 1496 Sic
633 1455 786 1509 genius
817 1457 1039 1496 mortuum
1070 1453 1198 1496 illum
1229 1469 1305 1498 nec
1337 1459 1559 1498 mortuum
1589 1455 1754 1500 edocet:

355 1523 443 1566 οὐδὲ
485 1523 569 1577 γάρ
610 1540 668 1566 τοι
711 1524 929 1577 τέθνηκας,
973 1525 1089 1567 ἀλλὰ
1130 1527 1250 1580 μοίρᾳ
1293 1526 1367 1568 τινὶ
1410 1528 1502 1569 θεῶν
1543 1525 1650 1576 ἥκεις
1681 1527 1789 1579 δεῦρο
1819 1530 1876 1582 τῷ

302 1597 531 1647 φρονοῦντι·
580 1595 651 1643 τὴν
692 1594 725 1636 δ’
766 1594 899 1645 ἄλλην
942 1597 1082 1649 ψυχὴν
1125 1594 1256 1649 ὥσπερ
1300 1597 1490 1649 ἀγκύριον
1533 1598 1572 1640 ἐν
1616 1600 1670 1652 τῷ
1713 1598 1875 1649 σώματι

299 1665 623 1712 καταλέλοιπας.

355 1736 470 1793 Lege
501 1751 552 1779 ex
585 1738 758 1793 egregia
785 1736 1104 1794 Wyttenbachii
1129 1739 1420 1783 emendatione
1447 1738 1598 1791 ἄλογον
1627 1754 1701 1798 pro
1728 1739 1875 1792 ἄλλην,

296 1807 407 1864 quod
438 1807 494 1859 τῷ
526 1811 733 1859 φρονοῦντι
764 1822 849 1851 non
881 1811 1020 1864 potest
1052 1810 1219 1864 opponi.

357 1952 494 1995 564D
536 1952 745 2004 σύμβολον
779 1953 819 1996 δέ
853 1969 912 1996 σοι
946 1954 1014 1995 καὶ
1049 1957 1114 1996 νῦν
1147 1954 1214 1996 καὶ
1248 1952 1359 2002 αὖθις
1394 1955 1495 1998 ἔστω
1530 1988 1540 1997 .
1561 1987 1599 1999 ..
1619 1988 1630 2000 .

358 2022 622 2074 „Cuiusnam
653 2021 771 2065 rei?’'
815 2027 940 2081 rogat
971 2024 1037 2067 W.
1072 2026 1394 2082 suspicaturque
1427 2026 1569 2070 deesse
1599 2026 1669 2069 hic
1700 2025 1875 2083 aliquid.

295 2093 378 2137 Sed
405 2096 564 2150 optime
589 2094 746 2137 habent
772 2096 936 2138 omnia:
961 2095 1079 2138 videt
1094 2094 1348 2152 Thespesius
1365 2097 1446 2139 sibi
1461 2097 1686 2140 adhaerere
1701 2097 1876 2141 umbrae

294 2164 469 2220 aliquid,
513 2179 611 2209 vere
653 2168 919 2208 mortuorum
962 2167 1128 2209 animae
1170 2170 1272 2209 sunt
1315 2166 1572 2223 perlucidae.
1620 2167 1728 2212 Mox
1768 2166 1876 2211 illud

298 2235 522 2278 discrimen
554 2237 760 2292 agnoscit.

359 2381 498 2424 564E
555 2382 758 2425 Adrastea
814 2383 879 2425 ἐπὶ
928 2385 1030 2425 πᾶσι
1080 2383 1250 2436 τιμωρὸς
1296 2383 1492 2427 ἀνωτάτω
1543 2383 1744 2426 τέτακται
1791 2389 1874 2430 τοῖς

298 2452 540 2503 ἀδικήμασι.

359 2523 486 2567 Recte
517 2524 709 2567 Naberus
741 2524 960 2574 ἀδικήσασι
991 2526 1214 2568 coniecisse
1246 2524 1428 2569 videtur.

363 2678 499 2722 565A
539 2680 587 2722 In
619 2679 896 2737 descriptione
929 2682 1146 2724 variarum
1176 2695 1251 2737 pro
1283 2680 1446 2724 delictis
1479 2694 1707 2736 poenarum
1734 2683 1876 2724 omnia

302 2750 444 2792 ordine
476 2750 707 2805 procedunt
736 2755 778 2794 et
810 2755 910 2794 sunt
941 2751 1172 2794 admodum
1197 2753 1430 2808 perspicua.
1465 2750 1547 2794 Sed
1562 2750 1876 2807 Wyttenbachii

303 2823 540 2863 coniectura
571 2836 646 2877 pro
678 2823 699 2870 ἡ
732 2823 806 2871 μὲν
841 2822 915 2864 ὑπὸ
947 2827 1019 2870 τῆς
1053 2827 1195 2870 Ποινῆς
1225 2823 1264 2863 ἕν
1291 2824 1346 2875 τῷ
1373 2821 1452 2873 βίῳ
1478 2826 1570 2868 ταῖς
1596 2821 1873 2874 βαρβαρικαῖς

304 2891 424 2932 ἔοικεν
465 2894 676 2947 (sequitur
717 2895 899 2935 narratio
942 2893 992 2936 de
1026 2892 1314 2950 „symbolica”
1348 2893 1701 2935 vestimentorum
1732 2893 1875 2936 verbe-

305 2963 483 3014 ratione)
525 2962 708 3018 legentis
754 2964 775 3010 ἡ
818 2963 891 3013 μὲν
925 2964 1036 3012 μετὰ
1069 2966 1140 3012 τὴν
1173 2965 1212 3004 ἐν
1247 2965 1301 3016 τῷ
1334 2963 1412 3015 βίῳ
1444 2962 1580 3011 ποινήν
1610 2964 1752 3005 omnia
1783 2977 1874 3020 per-

306 3032 543 3074 turbantur.
597 3031 711 3084 Quae
759 3032 808 3075 de
851 3034 1094 3077 viventibus
1137 3036 1366 3076 sumuntur
1405 3046 1561 3089 poenae
1601 3046 1674 3076 eae
1715 3033 1766 3076 ad
1807 3047 1873 3077 res
