2002 3372
1914 0 2002 226 ‚3¹

367 324 465 353 cum
498 325 545 354 eo
579 312 730 354 habeat
757 312 1012 354 communia.
1045 310 1135 354 Iam
1162 314 1437 356 recentiorem
1463 313 1605 365 illum,
1633 312 1842 361 Graecum
1870 315 1941 359 vel
2000 319 2002 333 '

366 383 623 427 Graeculum
669 382 933 439 plerumque,
977 396 1024 425 ea
1066 397 1090 425 a
1131 383 1321 427 Romano
1363 386 1593 441 sumpsisse
1635 388 1784 442 putare
1811 386 1941 441 ,nefas
2000 414 2002 431 ;

366 460 453 507 est,·
486 458 622 496 aetate
654 455 858 496 maiorem
891 452 1078 509 aliquem
1111 452 1322 497 Graecum
1354 455 1572 499 Romanus
1603 459 1693 499 tam
1724 457 1849 501 anxie
1880 457 1944 500 es't

365 527 560 567 imitatus
602 528 651 566 ut
686 526 816 566 etiam
848 537 954 579 quae
985 539 1067 566 non
1098 525 1357 582 intelligeret
1389 528 1430 568 in
1464 541 1592 569 suum
1622 525 1784 582 librum
1813 530 1944 571 trans-

366 597 504 638 ferret.
547 595 832 651 Virgiliumne
874 599 922 637 tu
964 594 1211 639 admiraris?
1253 596 1368 639 Scito
1409 611 1521 649 eum,
1552 599 1869 654 ineptissimum
1898 599 1944 642 in

366 666 540 709 modum
583 680 718 721 saepe,
761 665 1002 708 Stoicorum
1042 665 1199 722 placita
1242 682 1264 710 e
1308 666 1467 710 Graeco
1502 669 1548 710 in
1578 667 1780 713 Latinum
1814 673 1944 712 trans-

365 737 512 779 tulisse
554 750 801 779 sermonem.
846 736 1130 780 Horatiumne
1172 738 1333 796 diligis,
1366 740 1575 782 urbanum
1607 739 1942 797 prudentemque

366 806 647 850 monitorem?
674 807 767 850 Non
794 807 1024 850 Horatium
1048 808 1195 865 legisti
1221 810 1292 852 sed
1392 810 1567 853 Bionem
1585 810 1942 868 Borysthenitam,

365 883 580 934 utcunque
611 877 759 920 Latine
791 892 975 921 versum.
1010 879 1056 921 In
1089 881 1271 922 transitu
1303 880 1466 923 declaro
1497 880 1722 938 palamque
1746 881 1945 939 profiteor

365 948 473 991 nihil
504 963 592 991 esse
623 947 791 991 facilius
824 963 953 1004 quam
986 950 1273 993 demonstrare
1304 950 1534 994 Horatium
1560 951 1728 996 nullam
1753 966 1942 1010 unquam

366 1020 509 1062 Bionis
540 1019 658 1063 illius
690 1022 777 1062 suis
809 1020 941 1063 oculis
972 1021 1249 1077 perlustrasse
1281 1024 1496 1079 paginam.
1531 1022 1614 1066 Sed
1646 1024 1724 1067 hoc
1752 1023 1965 1082 alienum.-

365 1105 389 1133 a
432 1092 657 1146 proposito.
701 1090 765 1132 Ad
804 1091 998 1134 Tacitum
1040 1091 1162 1134 redeo
1199 1092 1544 1149 praeclarumque
1575 1095 1667 1137 eius
1697 1093 1942 1152 Dialogum.

365 1161 497 1203 Illum
534 1162 678 1217 paucis
709 1165 805 1203 ante
837 1163 956 1204 annis
992 1163 1051 1204 ita
1084 1162 1217 1205 edidit
1249 1163 1526 1206 Americanus
1559 1162 1865 1208 Gudemannus
1895 1169 1946 1209 ut

366 1246 387 1273 e
431 1230 557 1287 paulo
596 1231 692 1287 plus
736 1234 914 1288 triginta
954 1234 1123 1289 paginis
1160 1233 1350 1290 amplum
1384 1239 1623 1279 nasceretur
1655 1234 1869 1288 volumen,
1901 1238 1946 1279 in

367 1303 478 1358 quod
511 1306 552 1344 et
581 1302 664 1345 alia
695 1302 834 1345 multa
865 1307 1190 1361 eongererentur
1221 1309 1264 1347 et
1296 1319 1343 1348 ea
1372 1319 1476 1362 quae
1501 1319 1750 1364 quocunque
1771 1306 1945 1351 tandem

367 1373 493 1415 modo
535 1374 585 1415 ab
629 1373 939 1417 adolescentulo
980 1374 1125 1417 Tacito
1167 1375 1277 1417 illud
1309 1390 1397 1418 esse
1430 1375 1659 1420 conflatum
1691 1377 1944 1434 opusculum

369 1444 718 1487 demonstrarent.
753 1444 815 1487 De
847 1447 996 1488 ceteris
1027 1445 1110 1488 alio
1137 1450 1325 1503 tempore
1353 1447 1597 1503 disputandi
1623 1448 1793 1492 dabitur
1818 1448 1950 1496 facul-s

365 1518 442 1556 tas.
473 1514 595 1557 Nunc
622 1515 830 1570 quomodo
855 1515 1002 1558 libello
1030 1520 1171 1560 nostro
1192 1505 1624 1573 pseudo-Plutareheo
1641 1517 1947 1564 Gudemannus

367 1599 468 1627 usus
500 1587 555 1627 sit
586 1585 819 1629 videamus.
851 1586 1008 1630 Docere
1042 1587 1137 1632 vult
1166 1613 1221 1620 --
1248 1590 1339 1644 ipsa
1365 1591 1455 1631 eius
1482 1589 1654 1633 afferam
1680 1590 1808 1634 verba
1828 1616 1884 1624 -
1936 1620 1938 1622 v

429 1657 551 1707 „that
584 1657 654 1699 the
687 1657 880 1713 chapters
913 1672 965 1701 on
998 1658 1215 1702 education
1247 1673 1316 1702 are
1342 1663 1419 1703 not
1446 1660 1614 1717 entire&
1639 1661 1818 1716 oriyinal
1840 1663 1942 1705 with

365 1726 579 1769 Tacitus.''
975 1742 978 1744 ’

367 1797 495 1850 Quasi
537 1812 637 1841 vero
673 1799 902 1854 quidquam
936 1800 987 1842 ab
1019 1799 1108 1843 ullo
1140 1815 1328 1856 unquam
1362 1803 1419 1844 sit
1449 1801 1667 1859 prolatum
1697 1802 1868 1847 homine
1899 1805 1946 1847 in

367 1868 477 1923 quod
501 1867 610 1910 illud
641 1869 807 1924 entirely
835 1869 1010 1923 oriqinal
1039 1873 1294 1916 conveniret.
1327 1872 1437 1925 Quid
1468 1872 1579 1929 quod
1612 1873 1946 1929 disputationem

365 1952 486 1980 suam
519 1940 578 1981 sic
609 1938 768 1982 claudit
801 1938 1125 1985 Gudemannus:

427 2024 516 2060 „we
559 2014 710 2052 cannot
743 2011 820 2052 but
851 2011 987 2054 admit
1018 2013 1109 2055 that
1141 2012 1325 2064 Tacitus,
1358 2027 1463 2057 even
1495 2015 1538 2056 in
1571 2014 1638 2057 his
1668 2015 1820 2072 youth,
1854 2029 1938 2059 was

365 2095 417 2122 no
458 2080 608 2123 servile
649 2082 852 2133 imitator,
885 2083 964 2124 but
998 2083 1090 2125 that
1124 2083 1176 2126 he
1207 2083 1486 2127 assimulated,
1513 2085 1580 2127 his
1610 2085 1828 2129 bon-owed
1861 2100 1948 2129 ma*

366 2152 488 2195 terial
519 2155 563 2194 in
596 2153 700 2195 such
732 2167 756 2195 a
787 2168 961 2196 manner
991 2169 1035 2197 as
1069 2158 1110 2197 to
1142 2155 1267 2198 make
1298 2158 1334 2198 it
1365 2155 1612 2214 practically
1643 2156 1710 2199 his
1741 2170 1848 2208 own,
1879 2157 1946 2200 ad·

367 2223 549 2279 mirably
581 2224 831 2280 succeeding·
862 2226 906 2266 in
939 2225 1176 2282 producing
1208 2241 1232 2269 a
1264 2226 1394 2279 work,
1426 2227 1743 2284 homogeneous
1773 2229 1819 2271 in
1849 2242 1945 2272 con-

364 2296 582 2344 struction,
625 2295 877 2352 artistically
922 2295 1159 2339 elaborated
1202 2299 1248 2339 in
1290 2299 1347 2340 its
1389 2297 1515 2354 style,
1558 2297 1640 2341 and
1681 2299 1856 2356 bearing·
1887 2298 1946 2341 all

364 2366 438 2407 the
468 2365 659 2407 outward
688 2365 940 2409 indicatione
972 2367 1020 2409 of
1045 2381 1096 2409 an
1129 2367 1313 2424 original
1343 2369 1667 2424 composition.''

424 2435 618 2477 Profecto
659 2438 871 2492 egregius,
913 2438 1047 2480 immo
1089 2438 1174 2480 fere
1217 2438 1406 2481 caelestis
1446 2439 1515 2482 hic
1547 2439 1665 2482 nobis
1695 2439 1941 2497 depingitur

366 2507 532 2557 artifex,
577 2508 650 2561 qui
690 2506 799 2548 unde
841 2507 991 2550 rudem
1036 2511 1262 2551 materiam
1295 2502 1505 2553 sumserit
1526 2509 1628 2566 quid
1661 2509 1944 2566 quaeramus?

366 2577 694 2619 Rembrandtius
740 2578 814 2619 ubi
854 2577 1035 2621 linteum
1079 2594 1204 2623 suum
1250 2580 1475 2637 oleumque
1515 2595 1655 2623 emere
1697 2583 1754 2624 sit
1794 2580 1944 2624 'solitus

366 2650 460 2703 quis
506 2646 652 2690 curat?
699 2647 780 2690 Sed
823 2649 938 2704 quid,
983 2650 1094 2705 quod
1137 2651 1189 2693 ad
1231 2650 1426 2694 Tacitum
1471 2653 1694 2707 pertineat,
1738 2665 1761 2694 e
1801 2650 1944 2695 libello

366 2718 794 2774 pseudo-Plutarcheo
836 2720 994 2774 profert
1035 2722 1100 2763 vir
1143 2720 1318 2764 doctus?
1358 2722 1546 2778 Uterque
1588 2722 1639 2764 de
1681 2713 1944 2775 educatione,

366 2804 495 2845 eaque
543 2793 751 2844 corrupta,
795 2791 897 2846 agit.
947 2791 994 2832 In
1039 2802 1238 2848 promptu
1280 2797 1344 2835 est
1385 2793 1494 2835 illud
1535 2797 1850 2849 argumentum,
1894 2797 1944 2836 ut

367 2861 527 2915 opinor,
559 2862 785 2915 unicuique
817 2862 890 2915 qui
922 2861 971 2903 de
1005 2876 1103 2904 suae
1134 2865 1284 2904 aetatis
1312 2864 1457 2905 scribit
1485 2863 1673 2905 moribus
1684 2876 1695 2914 3
1722 2864 1874 2906 tritum
1900 2867 1943 2906 et

368 2931 634 2974 decantatum
667 2945 795 2988 paene
828 2931 1021 2975 dixerim.
1055 2932 1110 2975 Et
1141 2936 1383 2976 communia
1415 2933 1618 2990 quaedam
1647 2933 1692 2976 hi
1717 2935 1941 2991 scriptores

1143 189 1169 230 6
