2002 3372
1078 286 1166 330 460

398 412 535 453 Arena
566 412 654 452 sine
685 409 809 452 calce.
846 408 1069 466 Utcunque
1100 410 1202 453 haec
1234 411 1284 454 R.
1318 410 1631 468 conglutinavit
1663 417 1759 469 post
1789 414 1911 463 θῆλυν

337 481 555 523 inserendo
595 482 656 523 δεῖ
695 485 850 530 καλεῖν,
894 478 964 522 sed
1010 480 1238 524 admodum
1270 483 1497 524 invenusta
1528 484 1609 525 ista
1639 485 1836 540 repetitio
1866 490 1911 528 et

338 550 454 594 locus
487 551 554 594 vel
587 553 646 593 sic
678 551 973 593 subobscurus.

400 696 481 740 751
498 696 534 738 D
576 694 681 737 πολὺ
712 697 876 745 μᾶλλον
904 695 1005 743 εἰκός
1032 697 1118 739 ἐστι
1144 697 1210 739 τὸν
1236 701 1439 748 γυναικῶν
1467 697 1490 747 ἢ
1517 698 1584 741 τὸν
1611 696 1758 751 ame»
1777 697 1908 750 ἔρωτα

337 766 388 810 ad
417 767 650 809 amicitiam
681 767 916 822 pervenire.

344 859 346 861 >
395 837 491 879 Iure
522 836 704 879 alterum
736 836 803 879 τόν
834 837 1144 880 Herwerdenus
1164 839 1370 881 inseruit.

399 972 531 1016 ‘75113
578 972 703 1016 Solon
745 987 871 1016 senex
912 973 965 1016 ad
1006 975 1192 1030 quietem
1235 978 1484 1030 pervenerat
1525 991 1655 1029 ωσπερ
1694 976 1738 1019 ἐκ
1780 976 1910 1031 ζάλης

335 1059 403 1086 καί
436 1048 633 1096 χδΙμῶνθς
667 1060 734 1086 xoet
768 1049 844 1086 Τῶν
877 1045 1070 1087 παΙδΙκῶν
1102 1045 1264 1096 ἐρώτων.

395 1114 546 1157 Exime
589 1114 772 1157 alterum
815 1115 886 1157 καί
925 1120 966 1158 et
1008 1115 1058 1158 de
1099 1117 1432 1171 exquisitissima
1462 1120 1675 1160 structura
1705 1133 1836 1170 ωσπερ
1870 1117 1910 1160 ἐν

336 1185 393 1235 νηὶ
427 1191 476 1238 τῇ
510 1185 625 1228 πόλει
658 1185 859 1228 διαπονεῖν
890 1185 1061 1243 legatur
1090 1187 1338 1230 notissimus
1369 1186 1486 1230 locus
1517 1187 1630 1244 apud
1654 1187 1878 1232 Gobetum.

397 1330 527 1375 '75lF
574 1331 755 1383 παραδὺς
789 1332 844 1377 εἷς
878 1331 932 1373 τα
964 1331 1179 1382 γυμνάσια
1215 1332 1284 1374 καὶ
1319 1333 1908 1387 προσανατριβόμενκήωυχῆ

335 1402 403 1443 καὶ
438 1401 733 1453 προσεμβαλὼν
765 1405 864 1454 (τοῖς
899 1401 1014 1455 νέοις)
1045 1403 1130 1446 κτὲ.

394 1472 593 1528 Ineptum
636 1477 699 1515 est
735 1472 938 1515 ultimum
972 1473 1225 1516 vocabulum
1257 1478 1298 1516 et
1330 1488 1405 1530 pro
1437 1476 1594 1518 aoristo
1625 1474 1820 1532 praeseus
1850 1491 1910 1519 re-

335 1545 532 1600 quiritur.
566 1545 700 1587 Acute
732 1543 780 1586 Β.
814 1544 1124 1595 προσαικοὶλλων
1158 1547 1348 1588 coniecit.
1832 1560 1833 1563 ¹

398 1689 532 1733 752A
581 1689 850 1740 σβεννυμένην
884 1722 893 1732 .
913 1723 922 1733 .
943 1721 952 1732 .
984 1690 1097 1737 εὐθὺς
1130 1688 1429 1739 ἐξανάπτοντα.

395 1761 492 1804 'Iria
523 1761 625 1804 haec
658 1760 862 1804 vocabula
894 1760 1107 1804 sufficiunt
1137 1761 1189 1804 ad
1222 1761 1593 1805 demonstrandum
1625 1777 1723 1806 cum
1755 1762 1804 1806 R.
1837 1759 1908 1806 αὖ·

335 1833 393 1879 θις
434 1846 508 1888 pro
550 1831 664 1879 εὐθύς
703 1845 791 1874 esse
822 1831 1064 1888 legendum
1098 1831 1233 1875 Paulo
1265 1836 1359 1888 post
1391 1833 1566 1876 κονίεται
1599 1832 1644 1883 δή
1677 1831 1906 1890 legendum

335 1917 422 1945 esse
454 1917 528 1958 pro
561 1902 734 1946 κονίεται
771 1902 814 1944 δέ
846 1902 1006 1958 legenti
1037 1904 1183 1945 statim
1216 1903 1446 1959 apparebit.
1793 1916 1796 1921 ¹
1822 1923 1824 1926 ·

396 2036 528 2080 ‘752ss
560 2037 717 2095 Lepide
748 2038 830 2089 hic,
862 2041 911 2080 ut
943 2042 985 2080 et
1017 2037 1102 2081 alio
1134 2038 1351 2082 Plutarchi
1378 2040 1479 2091 loco,
1507 2053 1650 2096 quem
1658 2038 1801 2097 paulo
1811 2042 1908 2084 ante

334 2110 589 2161 notavimus,
623 2112 665 2151 et
696 2111 739 2152 in
772 2108 907 2151 Taciti
939 2106 1167 2152 Germania
1199 2110 1364 2152 cervisia
1396 2111 1721 2154 contemnitur
1833 2122 1849 2126 ⁴⁴

391 2255 448 2297 ib.
495 2255 633 2306 μικρὸν
663 2255 696 2297 δ’
731 2256 854 2298 αὐτοῦ
886 2255 1186 2303 καταλιπόντος
1220 2288 1228 2298 .
1248 2288 1258 2299 .
1278 2287 1302 2298 ..

393 2325 530 2368 Immo
563 2326 815 2374 διαλιπόντος
850 2341 948 2369 cum
980 2326 1287 2370 Herwerdeno:
1319 2340 1451 2383 pausa
1481 2327 1595 2370 enim
1627 2327 1688 2370 fit.
1748 2337 1750 2348 ’

396 2459 530 2504 ’7521)
578 2462 669 2504 Non
717 2466 805 2504 tam
850 2464 951 2519 igne
995 2462 1162 2520 liquefit
1200 2476 1268 2505 aes
1309 2475 1436 2519 quam
1478 2463 1563 2506 alio
1600 2476 1695 2506 aere
1735 2463 1906 2537 fluente.

334 2532 425 2575 Hoc
455 2533 506 2575 ad
537 2532 815 2588 Daphnaeum
847 2534 1044 2577 transfert
1076 2536 1159 2576 sic:
1755 2540 1759 2549 “
1888 2546 1889 2549 ’

393 2618 461 2644 και
505 2606 643 2646 τοῦτον
686 2604 755 2646 οὐκ
799 2604 963 2657 ἐνοχλεῖ
1000 2603 1045 2646 τὸ
1080 2603 1321 2657 Λυσανδρας
1353 2605 1521 2655 καλλος,
1554 2603 1670 2646 αλλα
1701 2603 1907 2647 συνδιακε-

333 2673 520 2726 καυμένῳ
563 2690 632 2716 και
672 2676 840 2725 γέμοντι
872 2675 993 2727 πυρὸς
1025 2674 1095 2724 ἤδη
1130 2674 1255 2717 πολὺν
1287 2675 1427 2728 χρόνον
1460 2673 1696 2729 πλησιάζων
1726 2675 1795 2718 ’καὶ
1827 2674 1908 2718 ἱπ-

334 2742 500 2793 τόμενος
528 2746 871 2794 ἀναπίμπλαται.

394 2814 530 2871 Supra
562 2815 665 2868 (749
680 2816 730 2867 B)
762 2818 957 2859 certiores
990 2817 1090 2859 facti
1123 2830 1270 2859 sumus
1300 2816 1541 2874 Lysandrae
1568 2829 1708 2859 amore
1734 2820 1904 2873 captum

334 2884 614 2941 Lysandrum,
643 2900 725 2942 quo
752 2888 888 2929 amico
916 2887 1018 2929 dum
1044 2889 1194 2938 utitur,
1224 2887 1476 2943 Daphnaeus
1501 2885 1646 2929 eodem
1671 2885 1796 2929 modo
1822 2886 1905 2930 affi-

333 2956 456 2998 citur.
490 2955 629 2999 Insere
661 2970 761 3013 ergo
794 2956 1009 3010 Λυσανδρῳ
1042 2961 1135 3013 post
1167 2957 1283 3000 ἄλλα
1315 2965 1356 3000 et
1383 2957 1684 3010 διακεκαυμένῳ
1708 2955 1804 3013 lege
1829 2970 1905 3013 pro

334 3025 511 3067 συνδιακ.
1349 3046 1351 3049 ’
1479 3044 1481 3047 ·
