2002 3372
853 290 939 343 337

161 420 367 481 Sequitur
399 425 433 467 εἶ
467 422 509 466 δὲ
540 423 598 474 μὴ
630 421 845 473 βούλεσθε,
878 425 996 465 τοῦτο
1029 422 1103 473 μὲν
1137 420 1271 464 ἔασον.

161 494 274 549 Quid
316 497 476 538 certius
517 508 662 551 quam,
694 493 807 550 quod
838 493 905 536 W.
938 494 1062 546 vidit,
1095 491 1153 544 μή
1187 507 1278 537 esse
1307 484 1565 535 delendum?
1599 486 1696 533 Non

101 569 218 610 enim
247 566 475 624 cogitando
507 565 705 623 supplere
737 566 897 608 ἀκούειν
926 565 996 608 vel
1024 565 1237 608 eiusmodi
1263 563 1427 621 aliquid
1452 577 1695 620 possumus.

101 638 167 685 Ne
205 642 512 682 commemorat
553 636 727 695 quidem
767 636 904 680 editor
934 637 1042 680 hanc
1075 636 1432 680 emendationem.
1474 634 1595 678 Idem
1627 633 1695 677 W.

101 711 207 754 bene
247 709 465 753 intellexit
505 723 589 753 non
631 710 905 762 ἀφαιροῦντες
941 709 1013 752 sed
1046 709 1294 761 ἐξαιροῦντες
1329 722 1420 751 esse
1448 706 1697 765 legendum,

101 782 180 826 ubi
209 781 269 825 de
290 781 456 824 hostiae
486 784 607 838 parte
637 784 793 838 agatur
824 794 931 837 quae
964 781 1134 824 honoris
1163 793 1289 823 causa
1315 780 1595 824 convivarum
1622 779 1699 821 uni

102 854 344 911 apponitur.
377 852 516 897 'Pestis
547 852 779 896 Homerus.
1456 865 1457 868 ¹

166 999 351 1044 558AB
390 999 618 1043 Timonem
666 1000 864 1051 fratrem,
908 1001 983 1056 qui
1031 999 1198 1042 dixerat
1242 999 1567 1056 iniquissimum
1608 1013 1698 1042 esse

103 1075 291 1130 posteros
321 1086 476 1129 poenas
507 1071 606 1115 dare
638 1085 787 1115 eorum
819 1085 927 1128 quae
955 1070 1226 1127 deliquerunt
1251 1072 1412 1127 proavi,
1440 1070 1700 1114 Plutarchus

103 1146 164 1188 sic
191 1144 367 1188 *refutat
405 1148 458 1188 ut
498 1143 613 1187 dicat
653 1143 888 1187 secundum
927 1144 1058 1186 istam
1089 1144 1301 1186 rationem
1332 1144 1477 1195 etiam,
1509 1142 1555 1185 id
1587 1142 1701 1199 quod

105 1230 231 1260 nemo
273 1226 548 1260 concessurus
590 1218 660 1269 sit,
694 1217 894 1272 iniquum
928 1229 1017 1258 esse
1049 1218 1223 1271 propter
1251 1228 1514 1272 proavorum
1546 1216 1702 1258 merita

104 1301 230 1346 saepe
271 1292 461 1345 posteros
503 1289 628 1331 certis
669 1287 901 1331 honoribus
943 1287 1065 1330 affici.
1110 1285 1245 1331 Cuius
1286 1288 1347 1330 rei
1391 1291 1435 1330 et
1467 1286 1551 1330 alia
1583 1286 1702 1330 affert

104 1358 304 1418 exemPla
334 1364 378 1404 et
407 1359 513 1403 hoc:

127 1446 129 1448 ·
166 1431 284 1482 ὑμεῖς
324 1446 379 1484 γε
411 1431 539 1481 δήπου
572 1430 696 1474 πλέον
728 1429 842 1484 ἔχειν
875 1429 1014 1484 ἑτέρων
1050 1428 1089 1472 ἔν
1123 1446 1168 1472 τε
1202 1436 1386 1478 Βοιωτοῖς
1417 1430 1702 1486 Ὀφελτιάδαι

106 1503 221 1556 γένος
253 1501 364 1550 ὄντες
395 1503 560 1555 ἀξιοῦτε
593 1502 662 1545 καὶ
696 1503 812 1555 παρὰ
848 1506 1028 1545 Φωκεῦσι
1063 1502 1129 1545 διὰ
1165 1502 1424 1554 Δαΐφαντον.

103 1605 108 1611 -
165 1573 239 1618 sio
279 1574 395 1618 hunc
433 1573 579 1633 locum
620 1578 733 1618 recte
775 1574 830 1618 X.
862 1576 1066 1618 restituit.
1099 1573 1220 1628 Quod
1251 1576 1288 1617 si
1320 1575 1416 1631 quis
1447 1579 1572 1631 roget
1602 1588 1704 1631 quo-

106 1645 235 1690 modo
267 1659 370 1704 ergo
402 1645 582 1703 pluralis
606 1645 682 1689 ille
709 1647 765 1689 sit
792 1645 1076 1703 accipiendus,
1105 1645 1406 1703 respondeam:
1442 1650 1533 1698 „tu‚
1562 1650 1604 1689 et
1630 1646 1704 1703 qui

106 1719 410 1776 praetexenda
450 1720 597 1762 nostra
637 1721 769 1775 gente
810 1721 955 1762 tecum
998 1717 1235 1762 sentiunt''.
1267 1717 1362 1774 Ipse
1395 1717 1573 1761 fortasse
1603 1716 1706 1760 Plu-

107 1789 281 1834 tarchus
311 1789 544 1848 privilegia
573 1788 651 1833 illa
681 1804 764 1833 non
796 1791 909 1833 tanti
940 1789 1133 1833 faciebat.

168 1859 328 1904 Statim
360 1862 572 1918 sequitur:

167 1933 258 1983 ὄμοὶ
313 1931 354 1975 δὲ
411 1932 479 1975 καὶ
528 1939 688 1985 παρῆτε
737 1932 806 1975 καὶ
856 1932 1226 1983 συνελαμβάνεσθε
1274 1933 1427 1986 πρῶτον
1475 1931 1707 1990 Spartanae

109 2003 334 2047 cuiusdam
364 2003 509 2061 gentis
540 2003 823 2061 privilegium
857 2003 1114 2048 defendenti.

170 2074 288 2119 Scire
329 2074 463 2119 velim
511 2089 595 2132 quo
643 2074 820 2119 consilio
862 2075 981 2119 istud
1024 2079 1180 2127 πρῶτον
1221 2077 1266 2118 in
1309 2079 1432 2119 textu
1473 2076 1709 2119 retineatur

109 2150 339 2204 postquam
371 2161 396 2190 a
426 2146 603 2191 Reiskio
638 2161 738 2192 vera
772 2148 829 2191 sit
859 2149 1037 2191 inventa
1068 2147 1194 2191 lectio
1228 2145 1373 2202 πρῴην.

173 2282 307 2328 558Ε
347 2283 562 2328 Miramur
603 2283 732 2342 longo
774 2286 980 2342 temporis
1021 2284 1251 2329 intervallo
1294 2298 1438 2328 rerum
1480 2285 1710 2328 instaurari

111 2369 301 2408 cursum,
334 2355 465 2414 longo
494 2355 687 2400 locorum
719 2355 948 2400 intervallo
978 2357 1094 2401 idem
1125 2356 1217 2400 fieri
1249 2371 1331 2400 non
1363 2358 1575 2400 miramur

104 2455 107 2457 -
173 2427 307 2471 καίτοι
351 2427 682 2479 θαυμαστότερον
726 2429 776 2480 εἱ,
821 2428 973 2477 πάθους
1018 2429 1057 2472 ἐν
1099 2429 1292 2484 Αἰθιοπίᾳ
1322 2428 1527 2480 λαβόντος
1561 2428 1710 2481 α’ρχήν,

113 2499 439 2549 ἀνεπλήσθησαν·
465 2499 510 2542 αἱ
543 2500 726 2550 Ἀθῆναι,
762 2501 784 2550 ἢ
818 2500 867 2552 εἱ,
902 2505 1081 2554 Δελφῶν
1115 2500 1184 2543 καὶ
1219 2501 1462 2552 Συβαριτῶν
1485 2498 1712 2551 γενομένων

114 2574 302 2623 πονηρῶν,
337 2572 359 2620 ἧ
393 2570 482 2621 δίκη
514 2571 716 2624 φερομένη
751 2572 960 2623 περιῆλθεν
993 2573 1049 2619 εἷς
1083 2571 1176 2619 τοὺς
1210 2572 1400 2619 παῖδας..

175 2641 260 2686 Hic
293 2642 509 2694 ReiskiuS,
542 2644 578 2685 si
610 2647 722 2686 recte
753 2644 845 2686 eius
878 2645 1167 2687 coniecturam
1199 2643 1248 2686 B.
1275 2643 1418 2694 refert,
1447 2656 1471 2686 a
1495 2641 1713 2699 loquentis

114 2710 327 2758 aberravit
368 2713 545 2758 consilio
582 2719 679 2771 post
710 2714 841 2757 καίτοι
875 2716 1065 2759 inserens
1096 2716 1152 2758 τί.
1184 2714 1254 2758 Sic
1285 2716 1401 2758 enim
1434 2715 1714 2757 ratiocinatur

114 2785 399 2830 Plutarchus:
434 2799 572 2843 „quae
604 2785 655 2829 de
685 2785 954 2843 pestilentiae
986 2788 1152 2844 origine
1183 2785 1315 2829 tradit
1346 2785 1617 2844 Thucydides
1648 2785 1714 2828 lu-

115 2857 266 2901 benter
296 2857 509 2901 credimus
542 2861 584 2901 et
614 2871 696 2901 non
730 2859 939 2901 miramur
970 2857 1071 2901 licet
1095 2857 1205 2900 illud
1232 2856 1473 2901 mirabilius
1499 2859 1555 2900 sit
1583 2871 1713 2914 quam

116 2928 180 2981 (id
210 2929 324 2986 quod
354 2930 567 2972 miramur
599 2933 642 2972 et
673 2930 747 2972 vix
778 2929 1009 2983 credimus)
1038 2943 1194 2986 poenas
1221 2929 1320 2973 dare
1346 2933 1537 2986 posteros
1564 2943 1712 2972 eorum

117 3013 224 3056 quae
256 2999 531 3056 deliquerunt
561 3000 755 3057 proavi’'.

1476 3158 1518 3191 22
