2002 3372
883 185 940 231 73

175 303 338 350 ἔπαινόν
371 323 418 349 τε
450 308 534 361 γὰρ
565 306 721 360 Φέρει
755 308 921 362 μείζονα
956 314 1038 355 τοῖς
1068 309 1288 360 ἐπαινοῦσι,
1319 307 1387 350 καὶ
1419 308 1557 350 πίστιν
1587 306 1706 360 ἔχει

113 378 242 421 πάλιν
284 377 473 429 ἐγκαλῶν
515 380 564 427 ὥς
608 380 651 422 οὔ
693 378 761 421 τὸν
804 378 932 431 ἄνδρα
973 384 1099 429 μισῶν
1133 380 1248 422 ἀλλὰ
1282 379 1352 427 τὴν
1386 379 1531 431 πρᾶξιν
1563 379 1707 422 ἀποδο-

33 436 42 450 '
113 444 309 501 κιμὲζων.

173 519 290 564 Haec
330 534 497 578 quoque
538 521 792 565 sententiola
834 521 1127 579 negligentius
1168 526 1341 573 structa,
1383 522 1429 564 in
1472 535 1556 578 qua
1587 522 1707 578 prius

112 591 295 635 verbum
336 592 486 647 (Φέρει)
529 593 779 636 subiectum⁴
813 593 940 637 habet
982 596 1100 636 τοῦτο
1133 597 1208 646 (sc.
1243 593 1287 636 τὸ
1321 594 1460 647 ἐχθρὸν
1493 594 1704 646 ἐπαινεῖν),

110 662 346 706 secundum
377 663 396 706 ὃ
429 664 614 716 ἐπαινῶν,
648 669 880 721 utrumque
913 669 1054 708 mente
1087 665 1390 722 supplendum,
1422 666 1626 708 orationis
1659 678 1707 706 ea}

109 738 280 790 tompore
310 734 480 779 habitae
511 737 696 794 vestigia
728 740 884 780 servat.

169 803 225 848 91
245 803 280 849 C
335 805 707 859 Quemadmodum
751 821 858 863 quae
901 821 1023 864 saepe
1064 809 1109 850 in
1151 806 1264 850 bello
1306 807 1428 859 fiunt,
1472 808 1706 850 necessaria

107 876 179 920 sed
221 890 366 934 prava,
409 879 445 921 si
475 879 521 921 in
553 879 904 922 consuetudinem
940 883 1174 931 verterunt,
1207 894 1289 922 non
1323 879 1446 922 facile
1478 894 1531 922 ex
1562 881 1705 922 animo

107 951 398 1000 removentur,
442 950 503 992 sic
545 951 677 993 etiam
715 951 946 993 inimicitia
989 965 1088 994 cum
1121 950 1218 994 odio
1248 950 1459 994 invidiam
1493 950 1704 994 adducens

106 1019 153 1062 in
184 1020 327 1063 animo
357 1033 512 1077 pravos
543 1020 749 1079 relinquit
779 1021 973 1065 affectus:

168 1090 262 1144 πρὸς
297 1091 338 1134 δὲ
373 1091 524 1138 τούτοις
554 1093 622 1135 καὶ
653 1096 883 1145 πανουργία
914 1095 983 1136 καὶ
1011 1093 1157 1142 οέποὶτη
1187 1093 1255 1135 καὶ
1286 1093 1499 1145 ἐπιβουλή,
1528 1093 1702 1135 δοκοῦσα

105 1163 165 1213 μὴ
198 1165 363 1213 Φαῢλον
396 1160 499 1206 εἶναι
528 1164 627 1213 μηδ’
653 1163 788 1208 ἄδικον
819 1167 913 1218 πρὸς
942 1165 1097 1218 ἐχθρόν,
1124 1163 1174 1207 ἂν
1202 1163 1441 1216 ἐγγένηται,
1471 1164 1701 1218 παραμένει

105 1232 485 1281 δυσαπάλλακτος·
520 1232 612 1277 εἶτα
645 1238 824 1290 χρῶνται
859 1235 954 1287 πρὸς
987 1236 1079 1282 τοὺς
1113 1237 1259 1288 Φίλους
1295 1235 1442 1283 αὐτοὺς
1479 1235 1555 1278 ὑπὸ
1591 1253 1707 1285 συνη-

113 1304 237 1356 θείας,
271 1304 322 1348 ἂν
353 1306 412 1356 μὴ
443 1305 713 1360 Φυλάξωνται
749 1309 844 1361 πρὸς
880 1310 973 1356 τοὺς
1007 1307 1188 1362 ἐχθρούς.

167 1375 366 1420 Sincerus
391 1377 464 1421 fiet
489 1378 608 1422 locus
634 1379 850 1436 simulque
877 1384 1097 1431 venustus,
1126 1381 1162 1422 si
1188 1394 1264 1436 pro
1293 1380 1440 1426 αὐτούς
1467 1381 1705 1436 repositum

107 1448 189 1490 erit
221 1448 374 1496 αὐταῖς
403 1451 478 1500 (sc.
513 1452 756 1506 πανουργίᾳ,
791 1450 949 1504 ἀπάτῃ,
985 1450 1217 1504 ἐπιβουλῇ).

165 1519 226 1563 ib.
271 1519 544 1579 Pythagoras
586 1522 818 1580 discipulos
860 1525 905 1565 in
949 1523 1086 1566 brutis
1128 1522 1387 1566 animalibus
1421 1523 1702 1566 assuefaciens

105 1589 336 1635 clementes
367 1606 458 1636 esse
489 1593 624 1647 δρνέων
659 1610 704 1637 τε
737 1595 930 1647 θηρευτὰς
965 1600 1182 1649 παρῃτεῖτο
1212 1595 1278 1637 καὶ
1308 1595 1456 1646 βόλους
1488 1595 1702 1645 ὠνούμενος

106 1662 256 1714 ἰχθύων
287 1663 472 1706 ἐκέλευεν
503 1665 686 1717 ἀφιέναι.

165 1733 420 1792 Recipienda
461 1741 551 1780 erat
592 1751 722 1794 quam
765 1737 821 1781 H.
855 1739 1077 1795 proposuit
1108 1737 1335 1782 lectionem
1369 1739 1504 1788 θήρας.
1540 1739 1702 1795 Pytha-

101 1819 228 1864 goras
268 1806 444 1862 aucupia
475 1810 726 1866 proscripsit
757 1813 799 1853 et
831 1809 923 1853 fieri
954 1811 1111 1854 vetuit.
1145 1808 1227 1853 Sed
1259 1810 1519 1861 θηρευτὰς
1555 1826 1703 1862 παραι-

101 1878 258 1921 τεῖσθαι
290 1877 418 1922 nihili
450 1884 528 1923 est.

163 1947 274 1992 92B
316 1949 524 2007 Repetam
554 1952 624 1995 hic
655 1967 762 2009 quae
795 1954 952 2011 scripta
984 1956 1085 1996 sunt
1116 1954 1160 1995 in
1194 1952 1356 1996 Mnem.
1395 1952 1524 2004 1908,
1554 1952 1664 1996 341:

159 2019 303 2064 Bonus
342 2021 597 2066 hortulanus
638 2026 746 2067 rosis
786 2023 996 2081 violisque
1039 2038 1215 2080 porrum
1260 2029 1302 2067 et
1343 2038 1468 2081 caepe
1507 2026 1695 2081 apponit,

98 2105 207 2149 quae
238 2092 444 2151 quidquid
478 2095 638 2138 humus
670 2109 764 2139 acre
796 2095 950 2139 habeat
983 2099 1024 2138 et
1055 2095 1167 2139 male
1198 2094 1315 2139 olens
1348 2096 1398 2138 ad
1432 2110 1476 2139 se
1511 2097 1695 2140 trahant.

97 2163 168 2208 Sic
203 2165 354 2208 amicis
384 2170 426 2209 te
458 2165 666 2211 leniorem
698 2171 741 2210 et
771 2168 816 2209 in
848 2181 995 2210 eorum
1028 2181 1072 2210 re
1107 2167 1290 2210 secunda
1321 2169 1465 2210 minus
1496 2168 1695 2210 invidum

98 2236 224 2280 faciet
265 2236 283 2279 ὃ
316 2237 456 2292 ἐχθρὸς
492 2238 808 2289 ἀναλαμβάνων
842 2239 910 2281 καὶ
946 2238 1143 2291 περιέπων
1177 2240 1222 2282 τὸ
1255 2238 1448 2288 κακόηθες
1485 2239 1552 2281 καὶ
1586 2239 1695 2291 βασ-

99 2323 231 2351 κανον.

157 2378 316 2423 Nullus
357 2380 427 2424 hic
466 2379 586 2424 locus
627 2382 758 2426 verbo
801 2397 840 2439 q.
859 2397 895 2426 e.
939 2383 1154 2436 περιέπειν,
1199 2383 1271 2426 sed
1315 2383 1418 2440 quid
1451 2385 1695 2440 requiratur

93 2454 214 2494 totus
245 2450 404 2495 clamat
435 2456 682 2496 contextus:
714 2455 825 2497 vitia
856 2453 931 2496 illa
961 2455 1163 2498 inimicus
1194 2469 1277 2498 non
1309 2454 1450 2498 solum
1481 2456 1525 2497 in
1558 2469 1601 2498 se
1634 2469 1693 2498 re-

93 2522 202 2579 cipit
241 2522 314 2566 sed
355 2524 486 2566 etiam
528 2528 646 2575 (nam
689 2526 748 2567 sic
791 2524 966 2567 demum
1010 2525 1198 2582 prodest)
1241 2526 1398 2569 retinet.
1443 2526 1557 2583 Lege
1589 2541 1692 2584 ergo

95 2594 370 2644 περιστέλλων
401 2598 444 2637 et
475 2595 616 2638 confer
644 2595 694 2637 de
734 2596 892 2638 Virtute
918 2601 956 2638 et
983 2596 1082 2639 vitio
1110 2611 1150 2654 p.
1182 2597 1267 2640 100
1285 2596 1341 2641 C:
1371 2591 1414 2645 ἣν
1444 2598 1461 2640 ὁ
1489 2597 1692 2650 ἄνθρωπος

92 2663 333 2707 ἀναδίδωσιν
378 2665 423 2716 ἐξ
451 2666 597 2709 ἑαυτοῦ
630 2667 858 2719 θερμότητα
893 2667 1047 2718 ταύτην
1083 2669 1104 2718 ἦ
1140 2669 1252 2718 ἐσθὴς
1288 2671 1341 2720 τῷ
1377 2670 1540 2720 σώματι
1573 2686 1691 2722 προσ-

94 2739 280 2778 πεσοῦσα
313 2737 477 2791 συνέχει
512 2738 581 2785 καὶ
617 2738 890 2789 περιστέλλει.

151 2805 210 2850 92
228 2805 262 2851 O
309 2806 357 2850 Si
398 2810 495 2865 quis
537 2812 661 2866 putat
690 2810 911 2865 fortunam
953 2809 1089 2854 solam
1131 2825 1220 2855 esse
1263 2826 1436 2855 causam
1479 2827 1555 2855 cur
1586 2827 1689 2856 suus

89 2878 290 2921 inimicus
322 2879 367 2920 in
399 2880 598 2922 omnibus
631 2880 756 2923 rebus
788 2880 902 2924 felici
932 2885 1083 2925 utatur
1113 2897 1322 2935 successu,
1355 2884 1519 2927 invidia
1551 2899 1690 2929 mace-

91 2949 268 3001 rabitur,
301 2964 409 3008 quae
440 2951 550 2994 nihil
581 2953 622 2995 ei
652 2952 864 3009 proderit:
