2002 3372
1070 185 1158 229 294

378 308 582 359 Maxime,
630 311 680 349 ut
720 308 879 362 opinor,
924 306 1002 349 sub
1043 305 1172 350 finem
1212 306 1348 350 libelli
1390 308 1491 350 haec
1533 306 1905 363 deprehendamur

318 382 439 423 vitia.
473 378 630 420 Audite
661 377 808 420 modo:
1670 368 1673 372 ’

382 449 524 504 „Ergo
567 448 668 490 haec
710 451 772 489 est
812 445 1055 502 opulentiae
1088 446 1288 490 felicitas:
1322 448 1628 503 spectatoribus
1659 450 1758 505 eget
1789 449 1906 491 testi-

322 520 483 574 busque
525 519 637 559 inter
678 531 781 572 quos
815 515 1050 572 splendeat;
1084 518 1174 559 sine
1204 517 1292 560 illis
1324 517 1449 560 nihili
1483 521 1557 561 est.
1591 518 1648 561 At
1679 531 1763 561 non
1794 519 1905 561 eius-

320 589 435 631 modi
469 588 727 630 continentia
759 591 833 638 est,
862 586 1143 642 philosophia,
1170 591 1283 630 recta
1311 588 1361 630 de
1390 587 1470 630 diis
1499 589 1654 644 opinio.
1685 587 1908 631 Eiusmodi

320 673 398 709 res,
433 659 599 700 etiamsi
632 657 826 699 homines
856 655 1005 707 latent,
1039 671 1165 699 suum
1197 658 1277 700 sibi
1305 658 1461 700 habent
1487 657 1767 713 splendorem,
1794 659 1837 701 et
1861 658 1907 700 in

321 731 413 784 ipsa
456 731 597 770 mente
639 741 843 783 magnam
876 728 1047 782 pariunt
1078 727 1219 770 lucem
1251 727 1515 784 solidamque
1546 727 1770 780 laetitiam,
1803 727 1907 770 dum

321 800 412 854 ipsa
453 797 496 839 id
539 796 649 853 quod
683 798 838 839 bonum
873 801 936 839 est
967 798 1129 853 arripit,
1157 793 1288 852 'atque
1320 797 1429 839 illud
1460 799 1552 840 sive
1584 799 1664 840 scit
1693 801 1909 854 praeterea

323 868 476 924 aliquis
509 869 600 910 sive
631 869 830 924 ignorant
862 881 1006 910 omnes
1038 867 1099 909 di,-
1130 868 1419 924 hominesque.
1454 868 1516 910 Ex
1550 882 1598 911 eo
1628 882 1782 926 genere
1809 872 1909 912 sunt

325 941 476 989 virtus,
506 940 676 988 veritas,
706 937 1026 994 disciplinarum
1055 938 1455 981 mathematicarum
1473 942 1515 981 et·
1532 939 1908 982 astronomicarum

326 1008 616 1064 pulchritudo.
660 1006 770 1051 Oum
813 1008 891 1050 his'
923 1022 1027 1050 num
1069 1011 1246 1063 possunt
1289 1011 1524 1064 comparari
1567 1008 1765 1065 phalerae
1803 1011 1910 1053 istae

326 1079 550 1135 bullasque
576 1078 827 1121 divitiarum
855 1077 1145 1134 puellariaque
1172 1078 1423 1134 spectacula,
1452 1092 1558 1135 qnae
1585 1081 1622 1121 si
1646 1093 1770 1123 nemo
1794 1079 1912 1123 videt

327 1148 721 1205 contemplaturque
763 1162 909 1191 revera
942 1150 1058 1191 omni
1090 1153 1234 1191 carent
1265 1147 1511 1205 splendore?
1544 1149 1618 1192 Vir
1649 1149 1781 1202 dives,
1812 1163 1911 1193 cum

330 1234 458 1262 uxore
501 1232 652 1261 cenans
689 1218 1041 1271 familiaribusve,
1075 1221 1234 1262 auratis
1267 1221 1355 1262 suis
1387 1221 1544 1262 mensis
1574 1221 1798 1277 negotium
1826 1234 1911 1263 non

328 1290 496 1332 facessit
540 1303 676 1344 neque
716 1288 880 1345 poculis
913 1291 1065 1339 aureis,
1098 1289 1170 1332 sed
1203 1290 1449 1346 quotidiana
1481 1291 1620 1333 utitur
1650 1289 1912 1348 supellectile
1949 1324 1951 1326 -

330 1365 371 1402 et
414 1373 523 1401 uxor
565 1359 721 1402 assidet
754 1358 940 1415 simplici
970 1359 1120 1402 induta
1152 1363 1271 1403 veste
1303 1362 1392 1402 sine
1423 1374 1525 1403 auro
1556 1374 1812 1417 purpurave.
1854 1361 1914 1403 At

330 1444 428 1473 cum
471 1431 731 1480 convivium,
775 1430 854 1472 hoc
886 1434 949 1472 est
980 1444 1135 1486 pompa
1167 1434 1209 1472 et
1241 1430 1532 1486 spectaculum
1563 1430 1819 1487 opulentiae,
1849 1432 1912 1474 in-

331 1501 514 1551 ducitur,
547 1504 650 1542 tunc

546 1585 567 1613 0
598 1585 705 1613 nave
737 1572 820 1613 huc
853 1571 1041 1627 tripodas
1073 1572 1178 1614 ferte
1209 1573 1325 1614 ocius
1356 1575 1483 1627 atque
1515 1571 1674 1614 lebetas

331 1642 498 1691 clamat,
542 1645 635 1685 tum
678 1640 898 1697 poliuntur
940 1641 1102 1698 lychni,
1136 1649 1236 1684 111110
1269 1643 1461 1698 occupati
1493 1646 1593 1685 sunt
1624 1643 1734 1685 circa
1764 1641 1914 1685 calices

330 1711 497 1763 famuli,
531 1715 753 1754 mutantur
783 1713 1015 1767 pincernae,
1043 1714 1185 1754 omnia
1211 1727 1321 1755 nova
1347 1712 1585 1755 induuntur
1609 1717 1741 1764 veste,
1770 1714 1915 1756 omnia

332 1797 408 1825 suo
441 1787 667 1825 moventur
698 1781 804 1833 loco,
837 1796 1005 1833 aurum,
1038 1787 1278 1839 argentum,
1308 1782 1467 1825 caelata
1492 1785 1635 1826 omnia
1660 1786 1916 1840 promuntur

332 1857 459 1908 atque
503 1854 561 1894 sic
596 1884 605 1894 .
626 1884 635 1894 .
657 1884 695 1894 ..
731 1853 888 1894 fatetur
930 1853 1126 1897 dominus
1169 1867 1211 1895 se
1244 1855 1287 1895 in
1321 1853 1470 1896 mediis
1503 1855 1591 1896 suis
1623 1854 1787 1896 divitiis
1817 1855 1916 1896 sim·

331 1924 499 1980 pliciter
541 1924 683 1965 vivere
725 1923 870 1965 solere.
910 1923 991 1966 Sed
1024 1924 1178 1979 quibus
1212 1925 1335 1967 rebus
1367 1926 1410 1966 in
1443 1924 1520 1967 tali
1551 1926 1747 1968 convivio
1777 1938 1915 1968 carere

331 1999 471 2051 potest
502 2008 639 2044 nemo,
673 2007 744 2036 eae
775 1995 905 2036 etiam
938 1994 1079 2037 adesse
1107 1995 1258 2037 debent
1285 2009 1383 2037 cum
1410 1994 1524 2038 solus
1551 2000 1672 2039 cenat
1697 1995 1912 2039 dominus:

331 2064 522 2107 hilaritas
554 2068 596 2106 et
626 2065 707 2106 cibi
737 2065 841 2107 bene
873 2065 1054 2120 parati.''

392 2136 649 2191 Agnoscisne
676 2135 759 2186 1110,
789 2149 956 2190 quaeso,
986 2135 1199 2191 placidum
1229 2140 1425 2178 nostrum
1452 2136 1676 2192 leuemque
1703 2141 1914 2194 pastorem

331 2203 700 2249 Chaeronensem?
731 2205 824 2248 Non
856 2219 947 2262 ego.
981 2206 1122 2249 Pauca
1154 2220 1206 2248 ex
1231 2207 1309 2249 hoc
1338 2207 1427 2249 loco
1452 2207 1764 2262 protrahamus.
1797 2206 1916 2250 Post-

331 2290 457 2332 quam
486 2276 754 2318 enumeravit
781 2277 959 2332 scriptor
985 2278 1126 2319 omnia
1155 2290 1261 2332 quae
1287 2277 1442 2319 divites
1458 2277 1651 2320 homines
1666 2278 1912 2320 convivium

330 2349 579 2402 apparantes
611 2345 849 2389 moliuntur
875 2347 1224 2402 protrahuntque,
1251 2347 1353 2389 haec
1380 2346 1518 2389 addit:
1553 2347 1697 2394 ἁπλῶς
1725 2353 1914 2390 πλουτεῖν

332 2416 638 2466 ὁμολογοῦντες.
683 2415 799 2468 Quae
841 2417 969 2459 verba
1012 2418 1046 2458 si
1088 2421 1200 2459 recte
1234 2416 1431 2474 intelligo
1461 2417 1539 2460 1100
1569 2417 1832 2474 significant:
1865 2431 1914 2461 eo

330 2489 422 2542 ipso
464 2486 588 2542 quod,
629 2501 728 2529 cum
770 2489 1016 2531 convivium
1049 2492 1112 2530 est
1143 2487 1446 2544 apparandum,
1481 2489 1598 2531 tanto
1628 2502 1734 2544 opus
1764 2492 1830 2531 est
1857 2488 1914 2531 la·

332 2558 429 2600 bore
472 2560 674 2613 tantoque
718 2557 911 2600 tumultu
955 2562 1192 2614 agnoscunt
1235 2573 1279 2601 se
1309 2558 1487 2614 quamvis
1517 2559 1601 2600 sint
1631 2558 1790 2611 divitae,
1821 2558 1913 2600 aim-

324 2627 492 2680 pliciter
536 2628 665 2669 vivere
706 2627 841 2670 solere.
884 2628 963 2670 Est
1005 2643 1106 2684 ergo
1149 2628 1257 2671 illud
1294 2628 1576 2685 „simpliciter
1606 2629 1762 2672 divites
1793 2629 1911 2672 esse''

332 2697 561 2739 admodum
606 2698 738 2740 facete
780 2698 957 2749 dictum,
991 2699 1062 2741 sed
1095 2699 1454 2755 quemadmodum
1489 2700 1620 2741 totius
1650 2698 1750 2742 libri
1779 2701 1912 2742 oratio

331 2768 468 2809 acerbi
510 2767 670 2823 aliquid
711 2768 851 2819 habet,
894 2770 1009 2811 acuti
1043 2772 1085 2811 et
1118 2770 1316 2820 concitati,
1351 2783 1374 2812 a
1405 2784 1488 2825 quo
1519 2769 1728 2812 scribendi
1757 2782 1912 2826 genere

333 2842 418 2878 tam
446 2837 641 2879 abhorret
667 2837 944 2893 philosophus
972 2837 1278 2882 Chaeronensis
1311 2865 1366 2870 —
1399 2842 1550 2895 reputa
1579 2839 1705 2882 modo
1736 2853 1810 2895 pro
1833 2838 1911 2882 'l'a-

330 2908 436 2948 citeo
476 2906 551 2948 illo
595 2912 771 2957 „neuter
812 2907 944 2950 falso’'
978 2923 1076 2951 eum
1112 2909 1217 2952 hanc
1248 2909 1344 2951 dare
1368 2908 1578 2965 placidam
1606 2909 1911 2965 verbosamqne
