2002 3372
906 255 993 300 359

150 379 356 438 hodierna
383 381 548 430 ratione
577 393 669 424 rem
700 378 984 436 significem):
1020 381 1240 430 „invenire
1271 379 1432 423 lineam
1461 380 1585 422 cuius
1612 377 1749 436 longi·

150 451 256 497 tudo
285 453 344 495 sit
376 457 440 500 W
459 451 532 495 2'’.
564 451 648 496 Sed
678 450 890 508 quomodo
922 450 967 494 id
998 451 1096 494 inde
1129 451 1351 495 extraham
1384 465 1469 494 non
1502 450 1640 494 video.

211 587 349 633 580A
394 587 593 632 Ridicula
634 591 699 631 est
740 586 1009 646 philosophia
1049 602 1158 645 quae
1190 589 1388 646 confugit
1418 587 1471 631 ad
1503 586 1674 631 oracula
1708 592 1750 630 et

149 659 208 721 εἰς
241 660 349 721 θεοὺς
383 661 654 716 ἐπαναχωρεῖ
682 664 757 711 τῆς
789 663 866 702 τῶν
901 658 1085 712 πράξεων
1119 663 1268 714 ἀρχῆς.

208 721 438 777 Audaciori
470 733 711 776 coniectura
742 731 793 775 Β.
824 732 1018 775 restituit
1049 733 1094 775 id
1127 731 1239 789 quod
1264 732 1524 789 requiritur:
1553 731 1609 779 εἰς
1639 729 1748 779 θεοὺς

148 803 402 863 ἐξαναφέρῃ
436 804 514 852 τὰς
546 807 625 848 τῶν
657 801 845 858 πράξεων
876 803 1033 858 ἀρχάς.

208 873 441 919 Adduntur
484 875 612 919 haec:
656 875 708 922 ὦς
750 878 821 918 τοῦ
863 874 991 927 λόγου
1034 876 1352 928 καταφρονοῦσα
1397 874 1467 917 καὶ
1503 874 1595 923 τὶιν
1629 873 1752 917 ἁπό-

147 944 320 997 &uzu
353 944 379 1001 ᾗ
409 945 562 990 δοκεῖ
590 946 879 1000 διαφέρειν
913 946 1263 997 ἀτιμάσασα.

206 1016 375 1061 Ultima
415 1018 476 1061 sic
518 1017 746 1062 vertenda:
791 1021 961 1075 „spreta
994 1032 1138 1061 rerum
1171 1017 1530 1089 demonstratione
1565 1029 1648 1074 qua
1680 1031 1750 1060 ex-

146 1087 326 1147 cellere
330 1087 504 1133 videtur
535 1088 891 1146 (philosophia)’'.

207 1214 343 1261 5800
386 1215 772 1273 „Philosophiam”
806 1218 867 1259 ait
899 1215 1186 1260 Galaxidorus
1221 1229 1273 1268 „a
1305 1215 1556 1273 Pythagora
1582 1218 1625 1258 et
1651 1213 1749 1257 Em-

144 1286 318 1355 peducle
338 1286 563 1347 oppletam
589 1288 767 1330 insaniis
794 1287 987 1331 Socrates
1004 1287 1148 1331 εἴθισεν
1165 1284 1299 1340 ὥσπερ
1318 1289 1413 1339 πρὸς
1431 1287 1487 1330 τὰ
1506 1286 1749 1339 πράγματα

146 1359 424 1403 xeruvooaafl'

166 1430 383 1496 sanavit
423 1431 527 1478 haec
559 1429 627 1475 W.
668 1429 851 1488 legendo
894 1430 1040 1474 εἴθισεν
1081 1427 1135 1474 αὖ
1179 1447 1269 1484 περι
1306 1430 1361 1473 τὰ
1400 1446 1643 1483 πραγματα
1676 1445 1747 1472 πε·

144 1476 336 1547 πνῦσθαι.
389 1502 485 1547 Non
527 1501 738 1546 utendum
782 1500 937 1546 Graeci
979 1501 1155 1546 editoris
1198 1502 1385 1547 remedio
1428 1501 1572 1546 εἴθισεν
1615 1499 1747 1554 ὥσπερ

145 1570 260 1629 ἔρωτι
294 1575 391 1628 πρὸς
421 1574 478 1618 τὰ
511 1573 754 1627 πράγματα
788 1574 1036 1618 πεπνῦσθαι.

204 1645 295 1714 Sed
318 1650 433 1692 recte
463 1645 579 1690 idem
609 1647 655 1689 in
688 1647 964 1704 sequentibus
997 1642 1073 1689 οἷον
1104 1644 1289 1699 Ὅμηρος
1322 1646 1524 1689 Ὀδυσσεῖ
1548 1644 1746 1694 πεποίηκε

143 1711 218 1783 τὴν
258 1702 434 1773 Ᾰῶιναν
482 1719 553 1771 »εν
594 1718 798 1770 πάντεσσι
840 1717 993 1762 πόνοισι
1036 1716 1377 1771 παρισταμένην”
1421 1717 1616 1766 τοιαύτην
1659 1716 1746 1760 κτὲ.

144 1805 221 1848 pro
251 1784 329 1834 οἷον
360 1791 552 1848 reposuit
583 1806 684 1834 οιαν.

156 1896 362 1962 ³⁴'5810'³
383 1916 575 1961 Socrates
615 1918 662 1960 in
694 1921 945 1975 paupertate
978 1918 1271 1975 perseveravit
1302 1917 1375 1961 σὺν
1409 1915 1526 1971 ἡδονῇ
1559 1915 1629 1959 καὶ
1662 1915 1747 1970 χοὶ-

143 1984 221 2043 βίτι
253 1991 333 2033 τῶν
362 1983 548 2034 διδόντων
582 1988 696 2043 ἔχειν
728 1988 965 2041 δυνάμενος.

203 2060 399 2106 Notabili
431 2061 644 2106 brevitate
675 2062 746 2105 hic
778 2060 892 2116 ἔχειν
923 2076 1000 2118 pro
1034 2062 1246 2114 „divitem
1278 2061 1395 2104 esse''
1430 2061 1595 2104 dictum
1626 2064 1704 2103 est.

149 2186 345 2232 *⁴581n
390 2187 692 2246 „Pyrilampes
744 2189 859 2245 apud
906 2187 1084 2232 Delium
1129 2188 1181 2232 ab
1213 2187 1410 2232 hostibus
1441 2193 1613 2245 captus,
1646 2201 1747 2230 cum

144 2260 334 2305 audisset
363 2259 583 2304 Socratem
613 2274 714 2303 cum
745 2260 966 2304 Alcibiade
999 2259 1140 2304 salvos
1175 2261 1359 2303 evasisse
1386 2260 1529 2302 πολλοὶ
1557 2259 1633 2308 μὲν
1660 2261 1748 2300 τοῦ·

144 2340 217 2376 τον
256 2330 557 2384 ἀνεκαλέσατο,
599 2331 741 2375 πολλοὶ
784 2333 825 2375 δὲ
868 2333 1017 2386 φίλους
1050 2348 1179 2384 τινας,
1213 2333 1287 2389 qui
1317 2332 1368 2375 ab
1400 2331 1596 2375 hostibus
1627 2334 1747 2373 erant

144 2402 318 2495 occisi”.

157 2473 370 2519 Graeca
394 2475 715 2531 perversissime
742 2475 803 2518 sic
831 2475 1041 2532 interpres
1070 2476 1221 2519 vertit:
1253 2473 1434 2527 „multis
1452 2474 1747 2530 semetipsum

142 2547 373 2598 incusavit,
421 2545 574 2589 multis
621 2547 780 2589 amicos
827 2561 926 2590 suos
968 2546 1223 2604 quosdam’st
1267 2546 1420 2590 Veram
1463 2559 1612 2589 eorum
1654 2546 1746 2588 vim

143 2619 320 2676 egregie
348 2617 542 2661 illustrat
572 2617 690 2660 locus
721 2616 935 2662 Ciceronis
965 2619 1010 2661 in
1044 2617 1243 2662 Caeliana
1274 2617 1373 2675 §59
1407 2618 1468 2670 (in
1502 2618 1652 2660 mortis
1683 2630 1747 2659 ar-

145 2688 278 2733 ticulo
305 2687 529 2742 Metellus)
564 2689 739 2740 „crebro
769 2687 991 2741 Catulum,
1025 2703 1148 2747 saepe
1181 2704 1264 2741 me,
1299 2689 1548 2746 saepissime
1576 2702 1746 2745 rempu-

143 2759 302 2805 biic'am
334 2759 629 2805 nominabat''.

207 2886 340 2932 5811*Ἰ
388 2885 677 2931 Gubernatori
717 2901 841 2944 saepe
873 2887 1103 2944 procellam
1136 2887 1386 2945 praedicunt
1417 2892 1460 2932 et
1492 2887 1575 2932 alia
1606 2887 1746 2932 multa

144 2961 188 3003 et
217 2958 508 3011 πελάγους
538 2957 743 3011 Φθόγγος.

204 3029 306 3073 Avis
338 3031 511 3074 nomine
544 3044 650 3087 opus
681 3029 775 3083 hic;
809 3029 944 3073 editor
976 3030 1191 3084 πελαγίας
1225 3031 1461 3088 proposuit.
