2002 3372
1069 199 1155 244 182

321 322 466 365 Locum
508 322 711 379 praebent
754 321 912 378 Delphi
948 320 1188 378 Rhodopidi
1215 323 1245 366 i.
1264 337 1299 366 e.
1331 323 1421 366 eius
1451 325 1635 367 statuam
1665 324 1711 366 in
1743 321 1902 380 templo

322 395 422 450 poni
463 395 762 450 permiserunt,
806 396 934 448 atque
975 392 1090 436 idem
1131 393 1183 436 ab
1224 394 1278 437 iis
1317 393 1552 438 Praxiteles
1591 407 1692 438 suae
1721 394 1904 438 amasiae

293 509 302 516 ‚
322 466 537 521 impetrat.

386 589 519 633 401Ε
567 588 713 633 Croesi
755 603 982 632 novercam
1024 590 1144 632 aiunt
1187 589 1408 643 φάρμακον
1449 591 1580 633 δοῦναι
1626 597 1676 644 τῇ
1708 591 1904 643 ἀρτοποιῷ

327 660 394 702 καὶ
440 663 632 702 κελεῦσαι
668 658 967 702 διαπλάσασαν
999 658 1117 712 ἄρτον
1151 658 1194 710 ἐξ
1226 662 1351 703 αὐτοῦ
1385 662 1439 714 τῷ
1473 662 1621 714 Κροίσῳ
1653 661 1906 714 παραθεῖναι.

388 731 609 784 Quomodo
631 730 742 786 finqi
772 731 906 787 possit
935 732 1054 787 panis
1085 746 1105 773 e
1135 746 1278 787 veneno
1311 746 1392 775 non
1424 732 1562 775 video.

387 866 445 909 ib.
480 866 668 924 Tyranni
695 866 930 910 Phocenses
959 880 1010 909 ex
1036 868 1173 909 aureis
1199 869 1493 925 argenteisque
1514 867 1695 912 donariis
1711 879 1909 912 nummos

328 939 518 981 fecerunt
564 942 607 980 et
654 952 728 994 per
769 938 894 980 urbes
934 941 1177 993 sparserunt
1188 951 1198 990 ;
1243 942 1337 981 tum
1380 938 1557 995 Opuntii
1598 938 1910 992 συναγαγόντες

329 1008 446 1052 ὅσον
480 1011 683 1061 ἀργύριον,
721 1009 852 1061 ὑδρίαν
885 1004 1083 1062 ἔπεμψαν
1117 1009 1253 1052 ἐνθάδε
1285 1011 1340 1062 τῷ
1372 1011 1442 1063 θεῷ
1475 1010 1542 1052 καὶ
1577 1010 1834 1063 καθιέρωσαν.

389 1080 542 1124 Infelix
574 1084 637 1123 est
663 1080 880 1138 Madvigii
907 1082 1147 1123 coniectura
1174 1078 1289 1132 ὅσιον,
1317 1094 1417 1123 nam
1443 1083 1675 1137 requiritur
1698 1083 1913 1138 praeterea

329 1153 458 1194 etiam
509 1151 714 1194 articulus
763 1155 805 1194 et
852 1151 944 1193 auri
987 1152 1161 1194 mentio.
1219 1150 1378 1194 Eiectis
1420 1151 1559 1195 verbis
1599 1149 1686 1194 ὅσον
1730 1151 1913 1206 ἀργύριον

333 1223 477 1265 omnia
510 1222 652 1265 ordine
685 1221 938 1278 procedunt:
972 1236 1135 1278 sparsos
1166 1221 1262 1264 illos
1292 1237 1490 1266 nummos
1521 1222 1708 1280 undique
1738 1221 1916 1279 college-

330 1297 432 1336 runt
458 1293 614 1347 (denuo
642 1292 875 1336 conflarunt
902 1296 944 1336 et
970 1307 1121 1336 urnam
1148 1293 1454 1347 confecerunt);
1473 1293 1580 1337 hanc
1596 1298 1691 1337 tum
1706 1295 1918 1337 miserunt

331 1364 535 1422 Delphos.
570 1362 739 1407 Inclusa
771 1363 893 1407 facile
926 1365 970 1406 ἐκ
1002 1369 1078 1406 τῶν
1110 1364 1457 1418 συμφραζομένων
1488 1363 1753 1422 supplentur.

393 1499 539 1544 402A
587 1504 790 1554 πλῆκτρον
838 1500 1034 1549 ἀνέθηκαν
1080 1501 1134 1554 τῷ
1183 1501 1252 1553 θεῷ
1298 1504 1471 1553 χρυσοῦν
1520 1501 1816 1550 ἐπιστήσαντες
1862 1503 1914 1549 ὥς

334 1571 433 1614 ἔοικε
472 1571 650 1624 Σκυθίνῳ
684 1571 847 1623 λέγοντι
881 1575 1135 1628 (sequnntur
1164 1573 1292 1615 huius
1323 1575 1469 1628 poetae
1500 1575 1680 1626 versus).

391 1642 507 1686 Male
550 1644 760 1698 interpres
805 1642 1099 1691 ἐπιστήσαντες
1142 1645 1272 1687 vertit
1313 1643 1625 1698 obtemperantes.
1665 1642 1794 1686 Haud
1823 1656 1917 1686 raro

330 1714 442 1770 apud
484 1713 740 1756 Plutarchus
784 1714 1010 1762 ἐπιστῆσαι
1053 1714 1131 1756 hoc
1172 1714 1257 1757 fere
1296 1728 1421 1756 sensu
1453 1713 1636 1770 legitur:
1669 1713 1916 1757 considerare

329 1786 503 1842 aliquam
533 1800 626 1828 rem.
662 1783 957 1842 Supplendum
990 1773 1105 1828 enim
1137 1790 1200 1828 est
1232 1785 1299 1826 τὸν
1331 1787 1431 1827 νοῦν.

394 1909 531 1954 402Β
574 1911 662 1963 περὶ
696 1910 848 1953 τούτων
881 1910 1117 1961 ἀκούσωμεν
1150 1911 1320 1953 ἐνταῦθα
1356 1910 1614 1958 καθίσαντες.

392 1981 458 2024 En
489 1982 657 2038 insigne
691 1981 938 2038 exemplum
971 1982 1145 2024 ἐνταῦθα
1176 1996 1252 2038 pro
1284 1981 1420 2024 ἐνθάδε
1452 1980 1602 2038 positi!

400 2107 537 2151 402D
569 2108 639 2150 οὐκ
670 2107 785 2160 ὀρθῶς
819 2105 882 2151 οὖν
914 2106 1087 2159 Εὔδοξος
1119 2107 1332 2150 ἐπίστευσε
1366 2112 1450 2155 τοῖς
1483 2108 1647 2159 Στυγὸς
1674 2105 1772 2160 ὕδωρ
1797 2109 1914 2150 τοῦτο

333 2181 549 2222 καλεῖσθαι
584 2181 809 2230 πεφήνασι.
1151 2223 1153 2225 ,

395 2249 505 2302 Quid
550 2251 594 2292 in
636 2248 792 2292 ultimo
835 2248 1041 2293 vocabulo
1082 2248 1214 2292 lateat
1247 2250 1470 2301 incertum,
1504 2249 1576 2292 sed
1608 2263 1691 2292 non
1723 2248 1833 2306 quod
1864 2248 1914 2292 B.

334 2320 530 2377 proponit
559 2336 612 2371 ys
643 2321 818 2373 φήσασι.

396 2446 530 2491 402Ε
573 2446 804 2490 afferuntur
835 2460 980 2491 versus
1016 2445 1111 2499 duo,
1146 2460 1328 2503 quorum
1361 2448 1477 2503 prior
1509 2450 1572 2490 est
1601 2447 1864 2489 hexameter:

396 2519 628 2572 συμφέρετε
661 2518 791 2571 πτεροὲ
825 2520 876 2570 τ’,
910 2518 1045 2569 οἰωνοί,
1081 2517 1192 2569 κηρόν
1221 2535 1280 2570 τε,
1314 2518 1524 2569 μέλισσαι.

394 2589 563 2643 Quidni,
605 2590 788 2641 obsecro,
833 2589 967 2633 editor
1010 2589 1274 2646 obtemperat
1315 2589 1515 2646 Emperio
1556 2590 1673 2645 prius
1714 2587 1824 2630 illud
1863 2603 1907 2630 τε

330 2659 562 2703 inserenti?

391 2730 511 2773 Alter
542 2732 600 2773 sic
632 2730 837 2773 traditur:

392 2799 456 2843 ὅτε
491 2803 545 2854 τῷ
578 2802 648 2853 θεῷ
684 2800 825 2843 ἐπιδεᾶ
859 2801 1078 2852 γενομένην
1112 2800 1347 2851 ἀποβαλεῖν
1381 2801 1425 2842 τὸ
1457 2801 1600 2850 σεμνόν

332 2871 403 2913 sed
446 2876 642 2927 exempto
676 2873 729 2923 τῷ
763 2876 805 2914 et
837 2873 1040 2927 rescripto
1071 2885 1169 2914 cum
1202 2870 1423 2914 Benselero
1457 2872 1549 2913 θεῶν
1580 2869 1716 2914 bellus
1747 2871 1912 2913 exsistit

334 2943 526 2985 creticus.
