2002 3372
879 232 971 277 247

173 355 317 400 4941?
347 356 549 410 Quotidie
580 360 678 400 ante
709 355 854 400 oculos
885 360 985 399 sunt
1014 355 1203 414 gallinae
1235 359 1278 399 et
1309 355 1407 399 aliis
1435 355 1561 399 rebus
1590 353 1722 412 pullis

120 427 210 470 suis
240 428 546 484 prospicientes
578 429 620 471 et
653 428 932 478 προσέρποντα
966 428 1232 481 πανταχόθεν
1265 425 1589 479 α’ναδεχόμεναι.

180 496 404 541 Delectant
440 512 511 541 me
542 497 650 555 pulli
683 500 758 541 isti
790 503 1003 553 reptantes.
1039 497 1226 541 Sustulit
1256 499 1439 554 ineptias
1471 495 1721 539 Doehnerus

119 570 426 622 προστρέχοντα
458 568 658 627 legendo.

178 715 236 759 ib.
288 715 410 763 κύνας
442 715 483 759 δὲ
517 716 586 758 καὶ
620 715 859 767 δράκοντας,
887 715 938 758 ἂν
966 717 1055 768 περὶ
1084 716 1217 758 αὑτῶν
1245 715 1472 767 Φοβήθῶσι,
1501 714 1718 766 Φεύγουσι.

179 785 410 830 Fabulosas
441 786 600 830 bestias
630 787 683 830 ab
715 787 794 830 hoc
824 786 916 831 loco
947 786 1108 831 alienas
1138 792 1257 844 puto,
1289 787 1362 830 sed
1395 786 1499 842 quid
1526 800 1602 842 pro
1631 785 1721 838 δρα-

118 873 264 906 κοντας
298 858 356 900 sit
386 856 620 915 legendum
654 872 738 901 non
770 857 940 902 definio.

174 1003 236 1048 ib.
276 1002 431 1048 Denuo
460 1004 507 1046 in
537 1003 773 1047 animalium
804 1005 978 1047 nomine
1011 1005 1236 1047 turbatum
1268 1007 1346 1055 est,
1381 1003 1455 1046 ubi
1486 1005 1594 1046 hanc
1627 1017 1720 1060 par-

116 1078 207 1119 tem
247 1074 550 1132 disputationis
592 1089 693 1118 suae
726 1076 785 1118 sic
817 1074 1033 1118 concludit
1065 1076 1271 1132 scriptor:
1305 1080 1348 1118 et
1380 1077 1584 1130 putemus
1617 1074 1720 1117 haec

115 1147 260 1190 omnia
291 1147 352 1190 sic
382 1150 583 1190 naturam
617 1160 778 1190 creasse

176 1217 443 1270 ἀλεκτορίδων
480 1218 673 1269 ἐπιγονῆς
707 1218 776 1260 καὶ
811 1222 934 1260 κυνῶν
968 1216 1038 1260 καὶ
1071 1215 1229 1269 ἄρκτων
1262 1220 1506 1268 προνοοῦσαν

114 1292 159 1333 et
189 1299 274 1333 non
306 1290 637 1349 prospicientem
671 1289 920 1333 hominibus
952 1303 1108 1345 eosque
1140 1288 1349 1345 exemplis
1384 1287 1659 1332 monentem?

173 1358 528 1417 Quandoquidem
558 1362 601 1403 in
631 1360 981 1418 praecedentibus
1007 1375 1085 1402 non
1112 1360 1196 1403 fuit
1212 1374 1353 1403 sermo
1370 1359 1422 1403 de
1438 1374 1592 1403 canum
1612 1360 1718 1410 fetu,

113 1434 158 1477 ot
188 1429 259 1475 hic
290 1429 444 1475 siletur
474 1431 526 1475 de
557 1430 826 1489 alcyonibus,
855 1432 906 1475 de
931 1431 1089 1488 quibus
1116 1435 1312 1474 accurate
1339 1435 1404 1474 est
1431 1431 1718 1487 disputatum,

114 1501 296 1547 dubium
338 1516 422 1546 non
464 1506 530 1546 est
573 1504 676 1559 quin
718 1517 794 1559 pro
827 1506 950 1546 κυνῶν
983 1507 1097 1546 recte
1130 1501 1381 1546 Doehnerus
1412 1503 1620 1544 ἀλκυόνων
1655 1515 1718 1544 re-

117 1574 323 1630 posuerit.

174 1710 315 1755 495A
354 1710 603 1755 Admodum
646 1724 740 1754 raro
782 1710 1091 1754 vocabulorum
1134 1725 1216 1754 usu
1259 1711 1328 1754 hic
1360 1712 1475 1754 inter
1508 1725 1553 1754 se
1589 1725 1718 1768 oppo-

111 1787 299 1828 nuntur:
332 1783 367 1826 οἱ
401 1782 603 1834 ἑπόμενοι,
630 1783 664 1825 11
690 1784 766 1838 qui
792 1787 970 1826 naturae
996 1783 1308 1839 obtemperant,
1336 1787 1379 1826 et
1405 1783 1440 1825 οἱ
1469 1783 1718 1834 ἀνάλγητοι,

110 1856 145 1898 11
173 1856 250 1911 qui
280 1856 506 1912 praecepta
537 1855 630 1897 eius
662 1853 944 1911 exemplaque
975 1853 1087 1897 nihil
1118 1859 1282 1897 curant.

173 2000 311 2045 495ss
358 2007 438 2053 γῆν
481 2002 521 2043 ἐν
563 2006 712 2054 Φυτοῒς
755 2001 942 2053 ὀργῶσαν
986 2002 1026 2044 ἐν
1067 2003 1189 2055 καιρῷ
1234 2002 1435 2055 παρέχειν
1479 2001 1606 2045 nihili
1639 2005 1716 2053 est,

110 2072 212 2117 licet
242 2076 418 2116 annotet
449 2071 613 2116 editor:
649 2072 718 2124 υἐν
751 2078 898 2125 φυτοῖς
931 2074 960 2115 1.
979 2087 1015 2116 e.
1050 2073 1116 2116 ἐπὶ
1152 2078 1227 2115 τῶν
1260 2077 1402 2124 Φυτῶν
1436 2073 1594 2116 frustra
1626 2077 1717 2116 ten-

111 2143 274 2197 tatur”‚
306 2158 407 2188 nam
441 2145 525 2187 ista
557 2142 841 2201 explicatione
872 2143 984 2187 nihil
1014 2144 1273 2202 proficimus,
1307 2144 1412 2188 Dele
1445 2146 1564 2202 prius
1597 2145 1637 2186 ἐν
1666 2159 1716 2187 ex

110 2229 252 2260 errore
293 2216 338 2258 in
386 2214 609 2258 Plutarchi
656 2219 778 2258 textu
826 2216 1173 2272 frequentissimo
1220 2220 1396 2259 natum:
1456 2219 1626 2272 oportet
1671 2218 1716 2259 in

111 2290 304 2344 tempore
345 2300 501 2344 agrum
534 2291 757 2343 tamquam
790 2287 996 2344 cupidum
1029 2287 1297 2344 concipiendi
1330 2287 1528 2344 praebere
1559 2286 1714 2330 semini.

170 2432 260 2476 495
272 2433 306 2476 F
347 2432 554 2478 Gontorte
596 2433 829 2477 admodum
872 2439 914 2477 et
956 2435 1092 2478 nimio
1122 2437 1276 2477 ornatu
1308 2434 1483 2477 obscure
1516 2433 1620 2476 haec
1652 2433 1714 2475 di-

109 2518 190 2548 cun
197 2509 267 2548 tur
298 2504 350 2548 de
382 2505 501 2548 foetu
533 2518 641 2561 quae
673 2506 717 2547 in
751 2508 875 2548 utero
906 2504 1060 2548 alitur:

171 2574 273 2630 ἄχρι
304 2574 348 2619 οὗ
381 2576 503 2622 τοὺς
538 2577 915 2627 προσήκοντας
942 2575 1206 2628 ἀριθμοὺς
1232 2582 1293 2629 τῇ
1325 2575 1474 2621 ἐντὸς
1506 2574 1712 2626 αὐξήσει

111 2662 135 2689 κ
147 2663 170 2690 υ
182 2664 204 2696 n
216 2655 235 2690 θ
247 2648 265 2690 ὲ
279 2664 299 2689 ν
333 2647 474 2698 ἑτέρας
509 2650 746 2699 ἀνατροφῆς
780 2647 848 2689 καὶ
884 2648 1022 2701 χώρας
1059 2647 1214 2696 δέηται.

112 2798 114 2800 ’
170 2785 229 2828 ib.
271 2783 384 2828 'l'um
418 2799 517 2828 vero
554 2788 708 2826 natura

170 2854 259 2909 ἔχει
303 2855 700 2908 παρεσκευασμένας
745 2851 822 2896 οἷον
866 2855 1054 2906 ἐγγείους
1099 2855 1121 2904 ἢ
1167 2870 1282 2902 τινας
1327 2854 1472 2907 κρήνας
1520 2854 1707 2906 νάματος

111 2925 370 2978 ἐπιρρέοντος.

171 2995 506 3041 Deliberandum
537 2998 668 3040 etiam
710 2997 795 3039 fuit
833 2995 986 3040 editori
1025 3000 1076 3039 ut
1111 3000 1271 3040 certam
1308 2997 1504 3053 probaret
1544 2996 1711 3041 Reiskii
