2002 3372
862 209 948 255 173

45 354 54 387 ᾖ
103 333 244 389 Ceo-Oua
276 333 353 384 μὲν
383 330 499 382 ἄξιόν
533 332 620 375 ε’στι
655 331 724 374 καὶ
758 335 900 386 φιλεῖν
927 332 976 375 δι’
1006 332 1234 386 εὐφημίαν,
1265 327 1283 374 ὃ
1313 331 1506 383 μάλιστα
1533 335 1704 382 τιμῶσιν

47 408 49 450 j
103 402 155 449 ὧν
184 403 298 449 ἴσασι
331 403 401 446 καὶ
437 404 620 447 ποθοῦσιν
653 404 711 451 εἰς
744 407 862 447 τοῦτο
896 405 1083 452 τιθέντας
1116 407 1187 447 τοῦ
1222 406 1309 447 θεοῦ
1343 406 1417 452 την
1452 403 1644 446 ἐπίνοιαν.

165 475 288 534 Istud
317 475 368 519 δι’
399 475 613 528 εὐφημίαν
641 476 785 519 abesse
818 475 1005 529 vellem3
1039 475 1150 519 nihil
1177 477 1292 519 enim
1321 474 1440 519 aliud
1468 473 1708 532 significare

105 550 248 606 potest
278 559 434 604 quam:
463 546 604 604 „quod
630 547 693 590 ita
718 546 957 604 loquuntur
983 550 1033 590 ut
1061 549 1156 604 pios
1181 547 1378 590 homines
1404 545 1567 598 deeet'’,
1595 545 1708 603 quod

105 618 224 665 idem
263 619 376 664 inest
417 619 463 661 in
495 632 544 661 eo
587 617 700 674 quod
744 620 946 662 continuo
989 620 1197 675 sequitur.
1242 618 1299 661 Et
1329 617 1537 662 articulus
1569 617 1710 660 fuerat

42 691 45 699 ”
109 689 326 736 addendus
357 688 425 733 διὰ
456 690 529 738 τὴν
562 689 791 741 εὐφημίαν.
826 689 960 734 Soioli
991 692 1310 734 annotationem
1343 703 1433 733 esse
1465 694 1584 746 puto.

170 761 398 820 Sequitur:
439 761 493 810 ὥς
534 760 574 804 δὲ
619 765 687 804 νῦν
728 761 768 804 ἐν
808 763 864 815 τῷ
908 763 1122 816 καλλίστῳ
1165 766 1243 804 τῶν
1287 761 1477 804 ἐνυπνίων
1519 762 1587 805 τὸν
1622 760 1706 803 θεὸν

43 878 45 883 ,
108 833 460 886 ὀνειροπολοῦντας
493 832 727 885 ἐγείρωμεν.

42 895 43 907 ³
168 904 286 951 Haeo
316 906 377 949 sio
408 908 636 949 vertuntur
667 905 780 962 apud
814 904 905 948 W.:
941 906 1013 957 „in
1034 905 1270 960 praesentia
1297 908 1442 948 autem
1470 918 1540 948 eos
1566 903 1706 947 Deum

107 978 231 1036 quasi
268 978 313 1020 in
353 975 643 1034 pulcherrimo
685 978 882 1020 omnium
925 979 1190 1020 somniorum
1223 978 1390 1020 somnio
1420 977 1710 1033 imaginantes

43 1054 45 1057 ’
107 1047 390 1096 excitemus’'.
433 1047 654 1101 Perverse,
698 1050 758 1092 sie
791 1050 908 1092 enim
940 1049 1186 1106 oportebat:
1223 1048 1324 1100 „sed
1356 1049 1592 1091 excitemus
1626 1061 1712 1100 eos,

109 1135 202 1165 nant
225 1135 332 1165 nunc
362 1118 683 1177 pulcherimum
715 1119 890 1177 quidem
922 1120 973 1164 de
1006 1119 1096 1164 Deo
1128 1121 1344 1164 somnium
1375 1121 1604 1171 somniant,
1637 1117 1710 1162 sed

42 1186 45 1187 ⁷
111 1193 328 1240 somniant
357 1191 547 1236 tamen''.

113 1297 117 1300 ’
177 1302 311 1349 3940
351 1303 482 1348 Haud
523 1304 599 1348 diu
640 1308 704 1348 est
736 1319 789 1349 ex
821 1319 904 1362 quo
937 1305 1043 1348 tibia
1074 1303 1198 1348 laetis
1231 1303 1423 1347 adhiberi
1453 1303 1579 1356 rebus
1611 1317 1714 1346 ausa

115 1380 203 1422 est:
235 1375 305 1420 τὸν
337 1375 378 1419 δὲ
411 1377 565 1428 πρῶτον
596 1374 737 1430 χρόνον
770 1375 927 1419 εἵλκετο
962 1376 1058 1428 πρὸς
1091 1376 1147 1418 τα
1181 1375 1318 1425 πένθη.

175 1446 289 1492 Mire
330 1447 401 1491 hic
444 1448 556 1490 trahi
596 1448 704 1491 tibia
745 1447 915 1491 dicitur.
958 1447 1042 1490 Sed
1074 1461 1210 1504 neque
1242 1449 1434 1491 activum
1466 1447 1597 1490 huius
1629 1446 1712 1490 loci

33 1559 38 1567 2
113 1519 258 1564 fuerit.
290 1519 520 1577 Exspeotes
545 1519 656 1564 fere:
691 1520 856 1563 ἐκάλεις
885 1518 938 1563 ad
963 1517 1108 1562 luctus
1138 1523 1180 1563 et
1208 1518 1534 1563 lamentationes
1560 1532 1712 1563 vocare

114 1594 157 1635 et
186 1592 374 1636 invitare
406 1590 584 1635 solebat.

175 1714 236 1758 ib.
284 1713 356 1758 Sic
396 1713 502 1758 olim
542 1715 686 1758 omnia
728 1728 856 1758 suum
898 1715 981 1757 sibi
1022 1713 1165 1758 locum
1199 1714 1471 1772 officiumque
1502 1715 1715 1758 habebant

116 1783 194 1830 εἶτ’
225 1786 379 1842 ἐμίχθη
412 1786 702 1830 παντάπασιν.

177 1857 263 1902 Hic
304 1862 430 1912 certe,
474 1859 589 1916 quod
631 1857 770 1902 multo
812 1859 981 1915 saepius
1022 1858 1186 1902 factum
1217 1860 1422 1915 oportuit,
1455 1858 1715 1916 praeclaram

121 1929 316 1987 Emperii
340 1930 685 1974 emendationem
710 1931 755 1973 in
784 1934 954 1973 textum
982 1932 1141 1987 recepit
1162 1930 1236 1974 B.:
1265 1931 1407 1973 πάντα
1431 1933 1549 1974 πᾶσι.
1578 1930 1718 1984 Quam

120 2001 191 2045 hie
231 2015 524 2046 commemoro
566 2003 667 2059 quia
705 2003 750 2044 in
793 2002 1070 2058 sequentibus
1101 2003 1282 2045 recurrit
1315 2003 1474 2045 vitium
1508 2002 1620 2059 quod
1650 2002 1720 2045 hic

117 2071 240 2116 illam
264 2072 513 2132 postulavit.
541 2073 652 2127 Quid
678 2075 792 2116 enim
820 2075 866 2116 in
893 2073 1052 2116 tradita
1078 2072 1259 2117 lectione
1287 2075 1467 2116 minime
1484 2077 1575 2117 erat
1591 2073 1724 2116 feren-

119 2142 248 2188 dum?
274 2143 398 2199 Quod
424 2145 606 2189 verbum
634 2145 786 2199 ἐμίχθη
806 2145 996 2188 subiecto
1013 2149 1140 2189 caret.
1168 2145 1416 2203 Sequuntur
1434 2150 1579 2189 autem
1597 2147 1720 2189 haee:

182 2215 375 2268 μάλιστα
419 2216 462 2260 δὲ
496 2217 552 2260 τὰ
587 2218 674 2260 θεῖα
708 2216 803 2270 πρὸς
837 2216 894 2260 τὰ
928 2215 1117 2268 δαιμόνια
1152 2218 1406 2271 συγχέοντες
1439 2218 1493 2266 εἷς
1529 2219 1721 2270 ταραχὴν

121 2287 272 2335 αὐτοὺς
305 2288 584 2338 κατέστησαν.

183 2358 268 2413 Qui
294 2357 424 2416 quos?
449 2359 625 2404 Partem
651 2360 752 2402 vitii
780 2359 829 2402 Β.
857 2359 1035 2403 sustulit
1061 2359 1243 2417 legendo
1271 2360 1420 2407 αὑτούς
1449 2375 1527 2418 pro
1557 2359 1722 2411 αὐτούς,

49 2481 51 2486 ,
121 2430 194 2475 sed
236 2435 401 2488 partem
442 2431 760 2475 tantummodo.
803 2431 917 2474 Nam
961 2432 1175 2475 obiectum
1218 2432 1440 2484 habemus,
1482 2432 1722 2474 subiectum

121 2502 346 2560 cogitando
378 2502 575 2560 supplere
607 2502 826 2554 debemus,
860 2502 972 2560 quod
1006 2502 1086 2545 hoo
1113 2501 1219 2555 loeo,
1250 2503 1324 2545 ubi
1352 2517 1522 2546 summa
1548 2503 1726 2559 requiri-

121 2577 194 2618 tur
233 2575 530 2635 perspicuitas,
574 2574 730 2618 diserte
761 2577 852 2617 erat
885 2573 1210 2617 enuntiandum.
1245 2574 1458 2631 Equidem
1490 2573 1722 2630 legendum

119 2650 249 2706 puto:
281 2647 338 2694 εἰς
371 2647 562 2701 ταραχὴν
594 2643 687 2688 ἄνθ
699 2660 862 2698 ρωποι
898 2645 1178 2693 κατέστησαν.
1222 2645 1317 2688 Ηοο
1350 2646 1511 2702 requiri
1544 2646 1724 2687 sensisse

37 2723 44 2743 ²
118 2719 329 2776 interpres
369 2717 556 2767 videtur.
606 2718 681 2773 qui
723 2716 826 2760 haee
864 2716 1016 2760 habet:
1054 2731 1349 2774 „magnaeque
1383 2716 1726 2773 perturbationes

121 2790 342 2833 bominibus
381 2789 480 2833 inde
522 2789 693 2832 obortae
738 2787 851 2845 quod
896 2802 963 2831 res
993 2787 1304 2847 deorumlcum
1338 2788 1465 2831 rebus
1497 2788 1724 2845 geniorum

122 2860 510 2920 permiscuerunt''.
567 2860 712 2903 Etiam
766 2873 788 2902 e
842 2859 1095 2917 compendio
1144 2861 1229 2902 ἶνα-ι
1279 2857 1512 2913 (ἄνθρωποι)
1560 2858 1725 2902 multae

43 2948 49 2955 ·
124 2946 389 2991 magnaeque
421 2933 591 2976 obortae
623 2934 724 2974 sunt
756 2932 1098 2988 perturbationes
1128 2930 1329 2974 librariis.
