2002 3372
1056 255 1143 299 390

312 383 511 424 convivas
551 381 772 436 opinemur
814 376 1096 420 Plutarchum
1139 378 1270 428 „satis
1311 392 1388 434 pro
1428 377 1636 434 imperio¹’
1669 377 1886 429 vetantem

314 451 484 494 Platoni
514 451 711 494 audacter
742 448 911 504 obloqui
941 462 981 504 p.
1017 446 1104 491 '700
1116 447 1182 501 B).
1668 463 1804 488 numos»

373 521 643 564 Academicum
677 534 719 562 se
750 523 792 561 et
822 532 911 561 esse
941 522 986 561 et
1016 519 1100 562 dici
1130 518 1387 562 Plutarchus
1418 519 1576 575 ubique
1602 518 1887 575 punitate&

313 606 521 648 nusquam
554 591 752 633 disertius
785 602 913 644 quam
945 588 993 631 L.
1027 589 1089 631 IX
1119 604 1192 646 pr..
1221 590 1291 640 13,
1323 589 1398 633 ubi
1423 603 1447 631 a
1472 589 1888 646 Protogeaezffiitb·

313 667 383 704 tus
413 663 608 716 ineptum
641 663 683 702 et
713 659 1011 715 impudentem
1035 659 1224 717 Sospidis
1249 661 1522 716 grammatici
1545 659 1888 713 ianoQfflam

311 734 522 788 impetum
563 729 743 786 repellit.
786 730 843 772 Et
881 730 1142 787 Protogenes
1181 730 1354 786 quidem
1384 730 1890 776 vehementiexardeoeit

310 804 386 852 ira,
419 801 584 858 placida
611 800 782 856 lenique
810 800 1096 856 disputatione
1123 800 1411 843 adversarium
1438 801 1595 843 refutat
1618 800 1889 853 Plau-uskun,

310 873 381 916 sed
407 872 651 915 firmissime
678 886 754 927 pro
780 885 857 914 sua
885 871 1113 914 Academia
1139 886 1337 928 pugnans
1365 876 1508 915 tamen
1524 871 1889 917 uberrimus-‘nmen

311 943 530 986 fervidiori
559 943 780 985 satisfacit.
1636 955 1638 959 ·
1801 978 1805 979 γ
1860 975 1863 980 ,

368 1028 408 1069 p.
444 1012 576 1057 '746ss
609 1016 747 1055 ταῦτα
780 1011 1023 1062 δεδόξασται
1056 1013 1130 1063 μὲν
1162 1011 1321 1055 ἐοικότα
1353 1018 1438 1060 τοῖς
1470 1012 1730 1064 e'vtluowuwl
1708 1047 1710 1050 -
1740 1027 1778 1051 ιι
1817 1015 1866 1051 Ηι

370 1084 643 1140 Xenophanis
685 1083 797 1125 hunc
842 1098 1015 1126 versum
1054 1085 1097 1126 in
1141 1098 1212 1125 ore
1245 1083 1397 1126 habere
1428 1082 1592 1127 solebat
1622 1082 1890 1139 Ammonius,

311 1158 361 1197 ut
403 1155 552 1211 opinor
592 1152 761 1211 qualem
792 1168 873 1211 ego
906 1168 1018 1196 nunc
1050 1153 1186 1206 affero,
1218 1168 1243 1196 a
1273 1154 1482 1197 Kar-steno
1512 1159 1762 1208 correctum,
1786 1168 1892 1203 ,mm

273 1263 276 1267 ,
313 1225 518 1268 traditum
560 1232 625 1268 est
665 1225 917 1276 δεδοξάσθαι,
961 1225 1073 1282 quod
1114 1239 1239 1268 sensu
1281 1230 1407 1269 caret.
1437 1225 1542 1268 *Eoo
1583 1224 1893 1271 aalaidis-eat

314 1297 620 1352 Xenophanes:
666 1296 779 1347 „veri
818 1298 1028 1352 sapientes
1058 1296 1260 1350 opiniones
1290 1297 1393 1339 haec
1423 1310 1514 1339 esse
1543 1296 1694 1342 dicunt
1716 1301 1767 1342 vt
1786 1296 1894 1341 {vud-

314 1367 487 1409 eimilia:
535 1380 685 1409 verum
731 1381 819 1409 esse
866 1366 1029 1423 aliquid
1075 1371 1119 1410 et
1165 1371 1279 1409 certo
1325 1367 1682 1411 demonstratum*
1702 1367 1895 1413 amuleti

318 1439 526 1494 sapientes
553 1436 739 1480 dicant'’.
772 1437 901 1480 Hunc
927 1453 1028 1494 ergo
1055 1452 1224 1480 versum
1250 1437 1446 1481 afferebat
1461 1438 1716 1483 Ammonius
1730 1441 1894 1496 quoties

317 1509 367 1551 de
398 1507 540 1565 aliqua
572 1509 817 1564 quaestic'me
847 1510 990 1552 variae
1022 1512 1140 1551 erant
1169 1508 1356 1565 prolatae
1386 1511 1632 1561 sententiae,
1658 1508 1895 1567 §phaebi-

319 1583 409 1622 tare
450 1584 493 1621 et
535 1579 701 1632 ἐπέχειν
744 1578 931 1622 malebat
973 1593 1101 1636 quam
1141 1580 1338 1622 dirimere
1367 1579 1504 1624 litem.
1537 1580 1678 1637 Atque
1698 1579 1894 1626 hunam

317 1651 514 1693 habuisse
543 1651 806 1707 magistrum
837 1651 1082 1707 gratissimo
1112 1652 1253 1694 animo
1285 1650 1528 1694 recordatur
1557 1651 1827 1698 Plutawhm.

379 1721 489 1774 Quid
519 1721 634 1777 quod
665 1722 756 1777 ipse
788 1735 953 1777 quoque
985 1722 1206 1764 obscuram
1239 1722 1319 1764 sibi
1347 1721 1893 1779 dubiamqueviderivrem,

318 1793 368 1835 de
400 1806 482 1849 qua
513 1797 678 1849 agatur,
709 1791 891 1835 libenter
923 1795 1181 1848 pronuntiat.
1215 1791 1397 1836 Omnino
1429 1791 1525 1845 πρὸς
1551 1793 1780 1847 Φιλόσοφον
1800 1791 1896 1848 δόξῃ

316 1880 362 1906 τε
394 1863 463 1905 καὶ
496 1862 663 1913 δυνάμει
696 1866 848 1916 πρῶτον
879 1862 1101 1906 Platonem
1126 1878 1210 1906 non
1235 1863 1334 1907 vult
1358 1862 1725 1907 ἀπαυθαδίσασθαι
1753 1877 1896 1921 quem-

317 1948 460 1991 quam,
501 1934 678 1976 minime
709 1947 810 1976 vero
842 1935 887 1976 in
918 1934 1204 1990 disputatione
1235 1934 1323 1987 περὶ
1355 1933 1607 1988 πράγματος
1639 1934 1811 1986 ἀδήλου
1821 1936 1894 2007 pal

318 2005 521 2053 τοσαύτην
552 2004 888 2056 αντιλογίαν
917 2002 1081 2057 ἔχοντος
1115 2003 1298 2058 (¹700B).
1814 2015 1817 2022 ”

378 2076 469 2119 Hoc
511 2089 676 2131 quoque
717 2089 817 2118 vere
863 2074 1171 2119 Plutarcheum
1209 2075 1423 2131 simulque
1453 2075 1755 2120 Academicum
1786 2077 1898 2134 quod

316 2146 547 2189 identidem
579 2149 808 2188 monentur
839 2146 1034 2189 homines
1065 2161 1116 2190 ne
1148 2146 1313 2190 credere
1344 2146 1483 2189 nolint
1512 2145 1778 2191 veram‘esse
1802 2160 1896 2191 eam

317 2231 409 2260 rem
448 2218 571 2259 cuius
612 2230 783 2259 causam
823 2218 1114 2274 rationemque
1156 2231 1239 2260 non
1284 2218 1554 2273 perspiciant.
1595 2217 1694 2260 Ideo
1712 2227 1716 2238 ⁷
1732 2217 1897 2262 nullam

319 2287 623 2345 praetermittit
642 2286 911 2338 ,facultatem
952 2287 1187 2343 proferendi
1219 2286 1390 2344 aliquod
1419 2290 1603 2339 πρᾶγ-μα
1631 2287 1771 2330 ’πίστιν
1801 2287 1898 2341 ἔχον

320 2359 379 2401 ὅτι
421 2358 629 2410 γίγνεται,
672 2359 745 2406 τὴν
789 2357 824 2399 δ’
856 2358 996 2400 αἰτίαν
1029 2356 1124 2412 ἔχον
1156 2357 1304 2411 ἄπορον
1335 2357 1357 2409 ἤ
1390 2357 1897 2412 παγχάλεπωξῖὓθῦ).

321 2430 431 2473 Nam
474 2429 524 2471 de
567 2442 614 2471 ea
656 2427 950 2484 philosophiae
983 2461 993 2472 .
1013 2460 1022 2471 .
1041 2460 1052 2471 .
1085 2433 1213 2485 atque
1254 2428 1491 2486 theologiae
1523 2428 1624 2483 (huc
1655 2426 1897 2472 enim³Plu-

322 2501 455 2542 tarcko
486 2503 642 2542 auctore
675 2500 814 2542 omnis
844 2499 982 2541 tendit
1008 2498 1291 2557 philosophia)
1317 2503 1450 2556 parte,
1478 2512 1585 2556 quae
1609 2501 1804 2543 omnium
1827 2499 1899 2544 vel

325 2568 576 2612 difficillima
619 2572 696 2621 est,
739 2582 832 2612 eam
865 2569 958 2612 dico
990 2584 1096 2626 quae
1127 2570 1180 2613 ad
1211 2570 1404 2612 miracula
1435 2571 1787 2626 pertinet,‘suam
1810 2572 1900 2615 ¹eibi

323 2641 570 2683 informavit
613 2639 848 2682 doctrinam
887 2654 1064 2696 eamque
1096 2641 1222 2683 habet
1251 2642 1296 2683 in
1326 2639 1490 2684 deliciis
1520 2639 1788 2684 Plutarchus.
1819 2642 1898 2684 Ac-

327 2716 470 2754 curate
511 2709 632 2752 illam
674 2711 870 2767 exposui,
911 2709 1110 2767 locosque
1152 2711 1306 2767 quibus
1346 2712 1503 2753 nititur
1545 2708 1672 2753 attuli
1709 2711 1777 2753 in:
1820 2711 1899 2762 „de

328 2780 607 2824 Avondzon'⁷²
638 2795 679 2836 p.
713 2780 950 2823 302—316
982 2781 1214 2824 voluminis
1243 2781 1298 2824 II.

390 2851 457 2903 Et,
499 2854 548 2893 ut
588 2866 610 2893 e
651 2851 760 2894 libro
800 2855 942 2894 nostro
976 2856 1017 2894 et
1048 2852 1209 2895 leviora
1241 2850 1447 2908 quaedam
1477 2850 1660 2902 afferam,
1691 2850 1765 2894 sed
1793 2865 1899 2908 quae

330 2925 466 2964 totam
496 2921 718 2965 Plutarchi
749 2921 1064 2979 philosophiam
1095 2923 1357 2980 lepidissime
1386 2921 1624 2966 illustrent:

393 3007 432 3047 p.
463 2991 595 3034 744ss
626 2994 760 3034 maior
788 2991 863 3034 ille
894 2993 1148 3036 Plutarchus
1179 2992 1438 3036 Ammonius
1467 2993 1654 3035 suaviter
1683 2992 1794 3036 ridet
1817 2993 1901 3037 He·
