2002 3372
870 239 957 282 223

115 363 304 420 expertis
345 361 550 405 audierat.
596 361 745 418 Neque
787 375 888 403 eum
933 375 1027 418 spes
1069 361 1246 415 fefellit:
1287 362 1386 406 inde
1429 363 1559 413 enim,
1592 362 1721 419 idque

111 434 279 487 statim,
322 433 479 490 accipit
519 433 564 476 id
597 447 681 490 quo
713 433 752 475 ei
786 447 893 489 opus
926 437 1002 476 est.
1037 433 1237 476 Primum
1270 435 1426 477 certior
1456 433 1506 477 fit
1536 433 1724 491 praecla-

114 518 216 549 rum
254 503 384 548 illum
425 505 642 547 mentium
684 503 903 547 medicum
946 506 1108 547 sincera
1151 506 1218 548 sui
1261 506 1383 562 tangi
1413 505 1721 548 misericordia.

112 574 226 620 Nam
266 583 317 619 ut
359 574 604 620 Chaeronea
648 589 672 618 a
713 589 758 618 se
799 575 1092 632 proficiscatur
1123 575 1307 619 Romam
1341 578 1520 620 nuntius
1553 578 1627 634 qui
1659 576 1722 619 nil

109 636 212 692 honi
253 650 450 704 apportet
491 647 657 699 Paccio,
690 648 785 690 viro
823 646 891 690 illi
922 652 1011 690 tam
1045 649 1172 704 gravi
1202 647 1412 692 laboranti
1443 649 1607 700 morbo,
1640 649 1720 691 hoc

108 733 136 764 a
176 732 221 763 se
262 720 493 776 impetrare
537 733 622 762 non
663 722 805 775 potest
847 718 1130 772 Plutarchus;
1174 733 1292 777 ergo,
1333 722 1534 777 quamvis
1565 724 1719 778 urgeat

38 843 39 846 Ἰ
110 788 301 848 tempus,
332 789 484 834 Paccio
515 792 692 847 paretur
723 789 958 833 medicina:
993 795 1141 847 parata
1165 792 1307 834 iacent
1331 793 1476 835 omnia
1502 791 1615 835 unde
1641 791 1717 835 illa

30 864 41 894 ἶ
114 865 408 919 componatur,
442 865 486 905 et
516 861 621 918 quid
652 865 947 919 quantumque
978 861 1078 904 inde
1111 864 1167 905 sit
1198 863 1458 906 sumendum
1489 865 1613 907 novit
1645 863 1718 906 do-

112 934 272 978 minus.
305 932 522 977 Solatium
555 933 759 976 mittitur
782 934 855 976 sed
888 933 1061 976 additur
1092 933 1328 978 admonitio
1359 948 1413 978 ne
1438 948 1505 978 res
1532 934 1585 978 ad
1613 935 1720 978 hanc

108 1005 254 1049 vitam
301 1007 346 1047 et
387 1003 441 1048 ad
482 1004 709 1047 hominum
752 1003 1097 1061 reipublicaeque
1139 1004 1426 1048 conditionem
1461 1007 1722 1062 pertinentes

117 1077 250 1120 nimis
290 1077 442 1134 magni
482 1075 622 1119 faciat.
666 1075 811 1119 Multo
843 1089 944 1120 vero
977 1077 1166 1119 maxime
1199 1077 1379 1120 Paccius
1409 1076 1454 1119 id
1485 1077 1622 1120 facere
1655 1091 1723 1120 ve-

116 1149 237 1191 tatur
268 1161 353 1204 quo
385 1145 509 1190 facile
539 1146 772 1190 decurrunt
804 1147 1014 1199 homines,
1049 1148 1123 1203 qui
1153 1147 1309 1190 iisdem
1341 1148 1498 1204 quibus
1526 1147 1602 1191 ille
1629 1162 1724 1191 con-

115 1219 337 1278 flictantur
360 1217 584 1270 molestiis,
612 1223 663 1262 ut
689 1222 778 1271 aut,
807 1222 978 1262 matura
1002 1219 1091 1261 iam
1118 1222 1270 1271 aetate,
1299 1218 1353 1262 ad
1380 1218 1487 1262 alios
1508 1222 1726 1262 transeant

113 1289 295 1342 labores,
326 1293 403 1334 aut
433 1289 486 1333 ad
518 1291 658 1334 vitam
686 1291 903 1347 privatam
929 1293 1152 1346 tamquam
1179 1289 1232 1332 ad
1257 1294 1432 1346 portum
1459 1290 1722 1350 confug-iant.

115 1361 319 1420 Ingratus
358 1366 469 1406 esset
513 1362 707 1414 Paccius,
751 1363 788 1404 si
830 1361 946 1405 idem
987 1362 1168 1405 faceret:
1202 1376 1255 1404 an
1288 1361 1560 1405 obliviscitur
1592 1376 1722 1419 quam

119 1433 262 1477 multa
292 1433 402 1478 bona
432 1434 473 1476 ei
503 1434 764 1490 contigerint
795 1434 841 1475 in
874 1432 1060 1476 clamosa
1091 1432 1166 1476 illa
1198 1431 1330 1476 urbe?
1362 1433 1528 1490 Hospes
1560 1435 1635 1491 qui
1660 1434 1723 1477 ibi

117 1519 194 1563 per
224 1504 353 1549 colles
383 1504 485 1548 illos
515 1509 656 1562 reptat
688 1509 731 1548 et
763 1519 886 1562 saepe
918 1505 1077 1548 frustra
1107 1507 1224 1548 viam
1259 1507 1437 1562 quaerit,
1470 1520 1554 1562 quo
1586 1507 1724 1563 pretio

109 1576 298 1621 Paccius
328 1590 419 1620 esse
451 1575 597 1628 vellet,
627 1578 695 1621 vir
719 1576 793 1619 ille
821 1577 982 1633 ubique
1009 1579 1137 1619 notus
1165 1577 1345 1628 civibus,
1375 1591 1503 1634 quem
1521 1582 1725 1621 verentur

121 1646 254 1692 multi
297 1651 340 1692 et
381 1649 634 1706 suspiciunt.
682 1648 728 1692 Si
771 1650 816 1691 in
859 1662 903 1691 se
944 1650 1038 1705 ipso
1079 1663 1164 1692 non
1208 1650 1312 1692 satis
1354 1649 1483 1692 habet
1524 1649 1728 1707 praesidii

123 1719 316 1772 Paccius,
363 1718 462 1763 illos
504 1721 706 1776 respiciat
745 1733 930 1776 quorum
972 1719 1118 1763 durior
1160 1734 1266 1763 sors.
1315 1719 1399 1763 Sed
1440 1724 1539 1763 ante
1582 1722 1727 1764 omnia

121 1782 259 1835 semet
289 1791 350 1834 sic
381 1790 655 1834 exhortetur:
689 1805 773 1834 non
802 1790 1046 1847 desperabo,
1081 1791 1154 1834 sed
1186 1805 1333 1834 omnes
1363 1791 1586 1835 intendam
1613 1794 1729 1835 vires

122 1865 173 1906 ut
212 1861 266 1906 ad
305 1863 578 1920 propositum
619 1864 865 1919 perveniam
898 1862 1052 1914 finem;
1087 1862 1132 1904 id
1161 1866 1308 1906 tamen
1339 1862 1471 1906 nullis
1503 1865 1584 1906 nisi
1617 1864 1727 1906 bonis

121 1933 311 1978 artibus:
341 1947 443 1977 nam
476 1934 667 1985 mentiri,
699 1932 858 1985 fallere,
894 1932 1002 1976 dolis
1035 1932 1161 1977 malis
1192 1935 1259 1977 uti
1292 1948 1430 1991 neque
1462 1933 1556 1978 volo
1589 1948 1727 1991 neque

122 2018 312 2063 possum.

183 2077 325 2134 Atque
370 2076 474 2120 haec
515 2077 554 2119 ei
595 2079 820 2133 praecepta
858 2075 1015 2119 dantur
1057 2090 1140 2119 non
1184 2077 1236 2119 ab
1279 2080 1506 2132 arrogante
1537 2080 1580 2120 et
1611 2077 1727 2119 tristi

122 2150 346 2207 magistro,
374 2149 450 2206 qui
475 2148 527 2191 de
555 2162 632 2191 sua
658 2161 751 2191 arce
779 2147 982 2191 Paccium
1010 2147 1228 2204 despiciat.
1262 2147 1403 2191 Immo
1430 2162 1532 2191 vero
1560 2162 1728 2205 semper

122 2223 260 2264 semet
298 2221 446 2276 ipsum
486 2220 540 2262 iis
582 2218 836 2262 adnumerat
878 2221 954 2275 qui
996 2218 1199 2262 monendi
1241 2223 1342 2261 sunt
1386 2218 1727 2276 corrigendique.

125 2290 238 2346 Quid
276 2290 391 2348 quod
431 2292 524 2348 ipsa
543 2286 779 2333 'monentis
820 2304 904 2333 vox
945 2291 1116 2333 tristem
1159 2294 1300 2347 potest
1342 2292 1540 2334 excitare.
1583 2290 1730 2334 Multa

126 2363 248 2407 audit
278 2362 457 2406 Paccius
488 2375 596 2419 quae
628 2366 724 2418 post
748 2361 931 2418 longum
956 2360 1239 2405 intervallum
1266 2363 1402 2404 risum
1432 2363 1472 2404 ei
1496 2363 1729 2405 excutiant.

126 2433 279 2478 Nonne
318 2434 435 2477 enim
457 2432 642 2490 *lepidae
673 2436 775 2475 sunt
804 2431 905 2475 illae
937 2431 1186 2476 historiolae
1218 2432 1268 2475 de
1302 2431 1509 2489 Diogene,
1543 2432 1730 2485 Socrate,

127 2504 179 2549 de
221 2506 316 2548 viro
359 2518 436 2561 pro
477 2517 578 2546 cane
619 2516 848 2547 novercam
879 2501 1170 2560 percutiente?
1212 2503 1363 2546 Nonne
1393 2505 1482 2546 iam
1514 2505 1646 2546 etiam
1666 2503 1730 2546 -de

124 2574 306 2619 molesto
338 2574 417 2618 illo
449 2588 627 2617 munere
660 2588 736 2617 suo
769 2587 869 2616 cum
899 2572 986 2616 leni
1014 2574 1201 2630 quodam
1227 2577 1395 2630 poterat
1424 2575 1612 2631 cogitare
1640 2575 1732 2617 risu

127 2660 227 2690 cum
257 2639 454 2690 homines
483 2645 596 2696 illos,
629 2646 704 2702 qui
734 2645 818 2702 ipsi
849 2648 973 2687 tanta
999 2645 1251 2688 exhiberent
1278 2646 1464 2703 negotia,
1493 2647 1733 2702 comparari

126 2718 294 2762 videret
334 2732 434 2761 cum
473 2718 774 2760 instrumentis
806 2716 962 2772 quibus
996 2720 1180 2759 utuntur
1211 2717 1388 2759 dentium
1421 2717 1590 2768 medici,
1623 2731 1731 2773 quae

125 2789 221 2833 ideo
251 2792 418 2833 tantam
449 2788 634 2831 habeant
667 2786 903 2830 utilitatem
931 2787 1044 2844 quod
1072 2791 1161 2830 tam
1190 2789 1276 2830 sint
1305 2791 1510 2839 tortuosa,
1536 2789 1730 2839 incurva,

129 2863 267 2912 acuta,
299 2873 428 2917 seque
454 2860 599 2915 ipsum
627 2873 727 2901 cum
754 2858 965 2901 eiusmodi
991 2858 1168 2910 medico,
1197 2860 1271 2915 qui
1300 2860 1499 2915 quamvis
1527 2860 1584 2902 sit
1611 2858 1732 2901 utilis

129 2930 423 2975 laborantibus
464 2929 626 2973 crudeli
665 2928 943 2990 illo*dolore,
986 2934 1128 2973 tamen
1171 2933 1223 2972 ut
1255 2929 1370 2973 ultro
1399 2930 1452 2973 ab
1485 2930 1733 2973 hominibus

133 3005 360 3060 expetatur
391 3015 612 3058 nunquam
638 2999 889 3058 postulabit.
