2002 3372
833 308 921 353 383

16 447 19 453 ’
80 432 208 486 (αλσο,
224 447 365 491 ηυιω
390 436 573 490 pepetun
597 431 803 490 relinquit
828 447 939 490 aqua
962 434 1143 486 fervens,
1159 447 1319 491 magna
1334 435 1380 477 vi
1395 447 1676 490 prorumpens

10 510 21 565 ἦ
80 505 302 552 aduolant
333 506 482 550 antris.
513 505 708 559 Quantus
739 506 811 548 hic
841 519 1019 562 campus
1050 506 1282 549 fossoribus
1299 503 1451 562 patet!
1483 505 1567 548 Sed
1592 504 1674 555 illi,

10 568 19 638 ⁷]
79 576 301 622 nidificet»
329 576 588 620 Plutarchus
619 577 797 632 eiusque
827 578 970 627 amici,
1003 578 1163 634 quique
1192 579 1339 633 postea
1373 575 1673 633 „philosophi”

78 647 307 704 ihipi'eriaa
348 648 572 706 degerunt,
602 646 734 691 libros
763 660 868 704 quos
900 661 1046 690 secum
1079 647 1270 691 tulerant
1299 647 1580 704 reliquerunt,
1612 646 1675 689 nil

5 699 17 761 f
79 721 185 764 nist
203 723 431 765 mortuum
459 721 682 763 invenient
711 718 969 776 Aedepsum‚
1004 721 1158 762 vivum
1191 719 1400 762 habemus
1431 719 1546 776 apud
1575 717 1679 761 Plu-

0 764 16 837 ἱ
78 791 290 837 molum.
321 790 388 835 Et
410 792 586 835 omnino
617 793 709 835 tota
738 791 973 848 antiquitas
1001 793 1104 834 viva
1130 804 1343 847 nusquam
1371 791 1456 834 nisi
1481 792 1526 833 in
1552 789 1676 832 libris

0 845 11 930 ᾗ
78 865 288 914 servatum,
330 874 355 906 e
394 865 508 906 tarra
536 866 748 906 eruuntur
780 876 888 913 ossa,
920 875 943 905 e
975 862 1132 918 quibus
1163 866 1309 905 tamen
1341 866 1384 905 et
1414 863 1520 918 ipsis
1552 863 1677 905 vivae

77 933 509 991 illius.·<anfiquit.ttis
549 947 574 977 a
613 934 723 977 bono
765 933 927 976 artifice
961 934 1108 990 imago
1141 933 1350 990 quaedam
1381 932 1488 990 fingi
1518 937 1675 989 potest.

0 1030 4 1067 ς
78 1005 163 1063 Sed
201 1005 307 1051 haee
339 1005 630 1049 intransitu.
672 1004 764 1048 Iam
795 1004 936 1048 multo
971 1008 1069 1048 ante
1099 1004 1323 1048 Plutarchi
1355 1008 1539 1048 aetatem
1570 1005 1676 1047 bene

0 1081 3 1084 '
78 1075 348 1122 ssulatim
378 1076 563 1134 Aedepsi
593 1078 784 1133 potuisse
816 1077 909 1120 vivi
938 1078 1126 1120 narratio
1156 1077 1201 1119 in
1231 1077 1318 1118 vita-
1349 1076 1486 1119 Sullae
1515 1079 1569 1130 (c.
1599 1075 1676 1129 26)

0 1169 3 1199 ς
78 1149 340 1196 ᾶοωὲ;«,>,ίὶιί,
367 1147 556 1206 legimus
596 1147 765 1191 Sullam
805 1147 986 1191 thermis
1018 1147 1277 1204 Aedepsanis
1308 1148 1521 1199 morbum,
1553 1147 1678 1204 poda-

0 1211 4 1258 ?
76 1234 193 1279 grae-
219 1230 550 1278 praecursorem,
590 1233 774 1270 curasse,
815 1218 1035 1275 simulque
1066 1220 1207 1262 otium
1238 1233 1367 1262 suum
1398 1218 1676 1263 oblectavisse

77 1305 181 1336 oum
198 1330 202 1333 .
217 1291 385 1337 noenia-'2
417 1290 641 1346 artificibus
671 1289 993 1342 confabulando,
1027 1304 1212 1347 cumque
1242 1292 1287 1334 in
1318 1291 1445 1334 litore
1476 1289 1676 1333 deambu-

0 1391 3 1402 ›
75 1362 185 1408 leret
202 1365 265 1408 sci
305 1363 504 1421 ingentes
546 1361 753 1420 quosdam
795 1363 933 1419 pisces
974 1362 1082 1406 dono
1115 1361 1237 1406 datos
1267 1363 1319 1405 ab
1350 1361 1676 1414 Halaeensibus‚

77 1448 192 1492 quos:
216 1435 329 1478 fian*
348 1447 381 1478 a
416 1448 462 1477 se
505 1435 736 1477 exstinctos
778 1437 963 1491 putaret,
997 1436 1227 1490 mutesque
1256 1432 1354 1477 illos
1386 1433 1677 1490 deprecatores

75 1508 186 1551 inm
226 1507 322 1550 eius
364 1507 612 1563 mitigasse..
647 1505 764 1563 Ergo
805 1506 894 1548 iam
936 1508 1032 1548 tum
1072 1506 1121 1548 in
1162 1505 1320 1548 honore
1353 1504 1547 1547 thermae
1574 1503 1676 1547 illae

76 1581 210 1629 emt,
226 1603 230 1613 ·
246 1579 336 1622 iam
368 1582 467 1621 tum
497 1577 681 1634 Aedepsi
712 1577 845 1620 bonae
877 1579 988 1619 artes
1020 1576 1279 1628 colebantur,
1309 1577 1398 1619 iam
1430 1579 1527 1619 tum
1557 1574 1677 1618 locus

74 1647 151 1693 ille
174 1662 361 1697 ›mnsae
379 1648 636 1692 ‚abundabat
668 1647 844 1691 deliciis.
886 1648 964 1690 Est
995 1651 1040 1691 et
1069 1649 1225 1692 tertius
1255 1647 1307 1691 de
1337 1647 1532 1704 Aedepso
1565 1647 1678 1704 apud

75 1719 359 1765 Plutarchum
382 1719 516 1773 locus,
545 1719 619 1763 sed
648 1719 763 1777 quod
787 1720 850 1762 ibi
875 1718 1066 1776 legimus
1091 1721 1184 1776 ipsa
1210 1723 1275 1762 est
1300 1722 1425 1762 nocte
1442 1719 1677 1762 obscurius.

74 1791 129 1836 In
156 1790 282 1836 libro
327 1793 380 1835 de
423 1792 598 1835 Fater-no
638 1806 770 1834 amore
815 1805 858 1847 p.
901 1789 1037 1835 487F
1079 1790 1342 1834 Plutarchus
1364 1790 1505 1834 >docet
1547 1804 1677 1847 quam

78 1863 272 1908 subestae
295 1877 422 1922 saepe
447 1865 533 1907 sint
557 1865 812 1907 inimicitiae
836 1877 940 1920 quas
965 1867 1196 1919 provocent
1222 1863 1419 1906 homines
1445 1864 1534 1906 suis
1557 1863 1678 1905 bonis

78 1934 313 1992 gloriantes
346 1934 768 1993 „quemadmodum”
801 1935 864 1978 ait
897 1939 1064 1986 „nostra
1089 1939 1221 1977 aetate
1247 1932 1508 1978 Graecorum
1534 1937 1679 1991 poten·

79 2007 239 2053 tais-imi
284 2009 477 2065 primum
523 2007 575 2050 de
620 2007 902 2064 pantomimis
947 2007 1210 2063 musicisque
1250 2005 1477 2063 litigando,
1526 2005 1677 2048 deinde

79 2087 250 2136 semper
287 2078 561 2136 comparandi
590 2092 719 2123 causa
748 2078 1011 2135 Aedepsanis
1042 2077 1236 2130 lacubus,
1268 2076 1490 2134 palaestris
1520 2076 1678 2120 concla-

79 2150 208 2194 vibus
248 2149 483 2203 afferendis,
524 2154 621 2193 tum
664 2163 887 2206 nunquam
918 2164 1006 2193 non
1039 2163 1115 2206 pro
1146 2150 1236 2192 suis
1266 2149 1497 2207 pugnando
1529 2150 1677 2192 civita-

78 2222 212 2275 tibus,
247 2221 435 2280 denique
464 2221 836 2279 vaequaeductibus
873 2221 1236 2279 interrumpendis
1269 2220 1594 2278 avertendisque
1624 2220 1678 2263 ad

79 2302 178 2336 ean
205 2295 309 2337 sunt
337 2292 524 2351 prolapsi
555 2294 767 2337 insaniam
799 2297 850 2336 ut
881 2309 906 2335 a
932 2298 1102 2349 tyranno
1128 2293 1328 2335 omnibus
1353 2291 1529 2349 spoliati
1556 2293 1678 2335 bonis

80 2368 134 2408 et=
153 2364 305 2409 exules
331 2379 623 2423 pauperesque
654 2379 731 2422 pro
763 2364 961 2408 felicibus
992 2370 1036 2408 et
1067 2364 1283 2421 opulentis
1314 2364 1416 2407 facti
1447 2378 1469 2407 e
1495 2365 1678 2420 pristina

80 2448 159 2480 sua
197 2435 436 2480 conditione
476 2440 647 2494 praeter
686 2439 892 2480 mutuum
935 2435 1083 2479 odium
1125 2438 1350 2479 servarunt
1390 2434 1545 2478 nihil.'’
1578 2434 1676 2487 Qui,

80 2507 266 2560 ebsecro,
293 2511 395 2551 sunt
418 2507 488 2551 illi
511 2509 746 2550 Graecorum
765 2507 1039 2562 potentissimi
1066 2511 1123 2559 et,
1151 2506 1263 2564 quod
1288 2508 1431 2564 magis
1447 2520 1517 2549 me
1534 2509 1675 2556 vexat,

80 2579 176 2635 qnia
207 2583 404 2635 tyrannm
432 2577 537 2622 ille?
570 2577 696 2624 Certe
727 2593 805 2621 non
838 2582 903 2621 est
927 2580 1162 2635 imperator
1187 2578 1420 2621 Romanus.
1449 2577 1532 2620 Sed
1559 2581 1677 2619 totus

78 2648 199 2693 locus
230 2649 408 2708 Delphis
441 2649 581 2693 editus
611 2650 796 2694 videtur.
829 2649 1022 2707 Denique
1047 2654 1215 2707 praeter
1239 2648 1525 2692 Plutarchum
1551 2662 1677 2690 nemo

81 2721 315 2779 quidquam
357 2721 408 2766 de
449 2721 643 2779 Aedepso
676 2725 822 2765 narrat
851 2723 935 2765 nisi
965 2722 1212 2765 Athenaeus
1243 2720 1375 2778 (apud
1405 2720 1676 2763 Meinekium

81 2791 168 2836 vol.
199 2791 293 2850 11p.
329 2792 435 2847 134)
475 2792 589 2850 apud
631 2805 759 2849 quem
790 2793 893 2836 haec
923 2791 1136 2850 legimus:
1175 2806 1302 2844 „cum
1334 2805 1471 2834 novus
1502 2790 1677 2847 quidam

80 2861 267 2922 Aedepai
307 2864 402 2908 fons
436 2863 752 2908 saluberrimus
784 2867 896 2906 esset
924 2864 1142 2915 inventus,
1175 2876 1362 2918 cumque
1393 2864 1509 2906 cives
1539 2863 1593 2905 ab
1621 2863 1676 2905 iis

81 2935 156 2991 qui
192 2948 244 2978 eo
282 2937 349 2979 uti
381 2935 544 2980 vellent
576 2937 763 2993 pretium
796 2939 1029 2991 poscerent,
1061 2936 1204 2979 subito
1234 2934 1330 2977 fons
1356 2932 1432 2976 ille
1464 2933 1676 2976 exaruit'’.

81 3004 192 3050 Nam
234 3005 386 3051 Strabo
417 3011 462 3050 et
492 3007 734 3064 Stephanus
767 3005 1032 3064 Byzantinus
1063 3007 1143 3050 hoc
1175 3005 1320 3049 solum
1351 3005 1534 3048 habent:
1570 3005 1677 3057 „Ae-

81 3075 238 3133 depaus
268 3078 343 3121 ubi
375 3082 476 3122 sunt
508 3077 744 3122 thermae'’.
