2002 3372
1096 266 1183 315 350

353 394 576 439 Platonem
606 395 802 437 imitatur
832 397 958 450 atque
989 393 1092 437 adeo
1123 394 1344 438 Platonem
1376 409 1574 452 superare
1605 393 1777 442 studet..
1805 395 1929 452 Quod

352 482 435 510 non
465 471 635 510 tantum
666 466 715 507 de
746 464 910 520 mythis
940 463 1029 507 illis
1060 464 1153 508 dico
1186 479 1290 522 quos
1322 470 1364 509 et
1391 467 1460 508 hic
1487 470 1531 509 et
1556 468 1601 510 in
1625 467 1735 517 libro
1750 470 1809 512 *dc
1832 469 1929 512 Sera

353 537 541 579 Numinis
574 536 762 578 Vindicta
786 534 918 577 doctis
944 537 1163 591 acutisque
1190 536 1334 580 adiicit
1361 537 1731 593 disputationibus,
1759 540 1929 596 quibus-

352 622 432 664 que
463 611 631 650 tantum
663 606 815 648 tribuit
846 609 895 648 ut
926 607 971 648 in
1001 607 1055 648 iis
1085 607 1350 650 exordiendis
1375 622 1459 651 non
1488 612 1685 652 vereatur
1710 609 1928 654 Platonica

351 679 416 719 uti
457 676 658 719 formula:
703 676 854 727 „vobis
897 675 994 719 ficta
1035 676 1252 720 videbitur
1292 677 1461 729 fabella,
1502 679 1612 721 mihi
1651 681 1721 723 rei>
1755 679 1928 724 videtur

351 746 696 798 demonstratio”,
739 746 812 788 sed
843 748 987 798 etiam,
1019 753 1147 803 atque
1178 750 1415 804 praecipue,
1449 749 1500 791 de
1531 763 1654 793 scena
1684 764 1814 806 quam
1843 751 1929 794 dis·

349 817 598 873 putantibus
637 819 826 859 instruit.
881 816 995 869 Quae
1036 824 1181 861 scenae
1221 818 1464 862 Platonicae
1502 819 1732 866 admodum
1770 821 1927 868 similis

349 903 437 931 esse
477 887 597 940 solet,
630 887 702 930 sed
733 901 856 944 saepe
888 887 1028 931 multo
1061 891 1247 932 ornatior
1275 889 1554 946 pluribusque
1585 890 1785 935 distincta
1814 891 1924 936 colo-

349 960 480 1002 ribus.
512 958 562 1000 In
593 958 741 1012 Septem
772 958 1015 1012 Sapientiam
1052 960 1275 1002 Convivium
1306 963 1511 1017 competit
1542 960 1664 1014 illud,
1695 963 1740 1005 in
1771 964 1928 1005 Amato-

349 1029 451 1071 rium
490 1027 679 1085 aliosque
718 1028 848 1071 libros
886 1029 962 1071 ‘sed
1008 1032 1255 1085 praesertim
1298 1032 1344 1072 in
1385 1031 1499 1074 hunc
1540 1036 1767 1075 nostrum„
1789 1032 1926 1086 Quam

349 1099 487 1143 multa
527 1101 726 1156 variaque
766 1100 834 1142 hic
874 1101 1091 1143 mentibus
1133 1106 1260 1157 atque
1291 1101 1393 1145 adeo
1424 1101 1558 1145 oculis
1587 1101 1827 1160 legentium
1856 1117 1926 1147 ex-

348 1171 569 1222 hibentur;
612 1184 739 1226 quam
782 1174 952 1213 strenue
996 1171 1069 1214 dat
1111 1186 1282 1229 operam
1325 1174 1503 1230 scriptor
1542 1177 1590 1217 ut
1619 1187 1786 1231 semper
1813 1188 1926 1219 novo

347 1242 487 1298 aliquo
518 1240 757 1298 spectaculo
788 1256 935 1285 eorum
967 1248 1159 1285 occurrat
1190 1242 1400 1286 satietati!

406 1312 554 1369 Ipsum
600 1317 904 1369 argumentum
947 1326 1075 1369 quam
1117 1317 1212 1370 apte
1255 1319 1320 1357 est
1358 1313 1605 1358 inventum!
1657 1315 1802 1359 Etiam
1847 1315 1925 1359 hac

346 1387 484 1426 aetate
529 1383 799 1426 daemonium
848 1382 1032 1426 Socratis
1077 1384 1190 1439 quod
1236 1385 1365 1427 fuerit
1411 1385 1463 1428 ab
1506 1385 1751 1430 hominibus
1790 1399 1924 1442 neque

345 1454 468 1510 plane
507 1453 725 1496 illiteratis
768 1456 812 1495 et
851 1467 995 1496 rerum
1037 1454 1326 1497 obscuriorum
1370 1456 1614 1499 amantibus
1653 1469 1739 1499 non
1779 1457 1923 1499 minus

346 1525 534 1568 studiose
566 1526 783 1581 quaeritur
813 1538 940 1580 quam
979 1526 1175 1579 Casparus
1204 1526 1413 1568 Hauserus
1439 1528 1534 1582 quis
1558 1527 1700 1579 fuerit,
1726 1528 1825 1584 quis
1849 1527 1923 1570 ille

345 1598 475 1639 miser
514 1595 691 1638 latuerit
733 1596 810 1637 sub
841 1596 987 1652 ferrea
1016 1611 1203 1649 persona.
1251 1596 1410 1649 Quodsi
1441 1599 1537 1653 quis
1578 1597 1705 1654 paulo
1747 1599 1924 1642 certiora

346 1666 396 1709 de
438 1667 492 1708 iis
531 1666 694 1708 tradere
736 1680 780 1708 se
821 1680 941 1722 posse
983 1667 1211 1718 contendit,
1254 1668 1402 1710 statim
1435 1671 1661 1711 accurrunt
1692 1670 1850 1713 curiosi
1881 1674 1923 1712 et

344 1740 512 1780 tantum
552 1751 635 1779 non
677 1750 698 1778 e
738 1737 935 1779 manibus
977 1739 1068 1780 eius
1109 1739 1279 1793 rapiunt
1321 1738 1521 1782 chartam.
1574 1739 1741 1792 Quanto
1782 1740 1922 1783 studio

345 1807 618 1862 descriptum,
665 1810 875 1862 emptum,
920 1806 1162 1850 lectitatum
1209 1822 1453 1851 censeamus
1497 1808 1657 1852 librum
1700 1824 1829 1866 quem
1871 1810 1922 1853 de

344 1872 525 1919 Soa-ralia¹
555 1877 755 1918 daemonio
796 1879 841 1918 in
882 1876 1023 1920 lucem
1054 1878 1242 1921 ediderat
1272 1878 1510 1934 praeclarus
1540 1878 1615 1923 ille
1645 1880 1922 1938 philosophus

345 1945 669 1992 Chaeronensis!
712 1947 794 1999 Qui
834 1947 884 1989 de
925 1962 974 1991 eo
1016 1948 1306 2004 disputantem
1336 1949 1515 2001 inducit,
1547 1954 1674 2007 atque
1703 1952 1749 1994 in
1778 1950 1922 1995 fabula

343 2018 632 2075 philosophica
658 2020 817 2075 primas
845 2023 1043 2075 agentem
1069 2023 1209 2075 partes
1235 2034 1335 2063 eum
1362 2035 1444 2077 quo
1469 2035 1594 2064 nemo
1613 2020 1769 2065 melius
1783 2023 1920 2078 ipsam

344 2103 435 2132 rem
475 2093 620 2132 notam
660 2089 856 2132 habuisse
898 2090 1129 2133 censendus
1171 2095 1293 2142 esset,
1335 2090 1562 2134 Simmiam
1594 2091 1919 2136 dilectissimum

342 2161 478 2215 ipsius
508 2159 689 2202 Socratis
721 2159 991 2215 discipulum.

402 2231 542 2286 Atque
569 2230 618 2272 de
644 2244 689 2272 re
714 2229 792 2272 illa
813 2232 1342 2287 gravissima,-animisque
1359 2234 1584 2276 hominum
1601 2233 1919 2278 commovendis

342 2301 564 2356 aptissima
605 2299 809 2342 Simmiae
850 2300 1043 2357 disputat
1084 2301 1239 2344 Thebis
1279 2304 1500 2354 nimirum,
1542 2303 1644 2346 haec
1684 2305 1799 2347 enim
1827 2305 1919 2347 eius

342 2372 478 2426 patria
519 2374 594 2413 est.
639 2370 721 2413 Sed
763 2371 929 2426 quando
974 2370 1191 2428 disputat?
1233 2372 1325 2425 Quo
1365 2378 1556 2429 tempore
1591 2374 1653 2417 ibi
1680 2373 1917 2430 gloriosum

341 2440 450 2482 illud
481 2441 707 2497 parabatur
736 2440 912 2492 facinus,
946 2455 1029 2497 quo
1060 2443 1203 2485 notius
1235 2441 1407 2486 nullum
1438 2445 1492 2486 iis
1524 2445 1598 2500 qui
1629 2458 1799 2488 omnem
1830 2446 1918 2501 qui-

342 2511 439 2553 dem
478 2516 623 2554 amant
664 2511 900 2562 historiam,
943 2512 1015 2555 sed
1050 2526 1145 2556 eam
1174 2516 1424 2569 praesertim
1455 2528 1563 2570 quae
1594 2515 1834 2572 tragoediae
1865 2516 1918 2558 si-

341 2581 455 2624 milis
503 2584 559 2624 sit
601 2596 780 2638 suasque
822 2583 903 2625 sibi
946 2583 1099 2626 habeat
1139 2587 1402 2636 περιπετείας
1442 2589 1570 2641 atque
1611 2587 1914 2639 καταστροφήν,

341 2666 446 2707 quae
492 2652 758 2695 audientium
805 2655 969 2696 animos
1016 2654 1090 2696 diu
1139 2657 1405 2711 perturbatos
1446 2660 1702 2713 vexatosque
1742 2657 1915 2700 tandem

341 2722 569 2778 aliquando
611 2723 749 2779 placet
786 2729 1039 2781 recreetque.
1071 2726 1198 2781 Apud
1228 2726 1454 2770 Simmiam
1485 2728 1605 2770 enim·
1629 2727 1776 2770 morbo
1805 2726 1916 2770 labo-

341 2797 517 2844 rantem,
561 2796 635 2849 qui
674 2793 784 2837 lecto
817 2795 989 2850 quidem
1021 2810 1120 2838 eum
1153 2801 1293 2839 teneat
1323 2797 1497 2840 affixum
1527 2796 1600 2840 sed
1629 2798 1792 2854 ingenii
1821 2812 1915 2841 acu·

341 2877 439 2904 men
465 2864 661 2906 hebetare
686 2879 768 2907 non
795 2868 941 2921 possit,
970 2866 1159 2909 desident
1186 2867 1487 2923 disputantque
1503 2868 1726 2911 fortissimi
1741 2869 1824 2911 viri
1838 2869 1913 2924 qui

340 2934 512 2975 iamiam
540 2936 722 2989 patriam
746 2935 906 2978 crudeli
932 2936 1233 2992 Spartanorum
1261 2942 1361 2979 sunt
1376 2937 1596 2983 liberaturi
1612 2938 1911 2989 dominatione,

341 3002 588 3058 hostemque
612 3004 830 3059 depulsuri
857 3020 906 3048 ex
933 3021 1026 3049 arce
1052 3022 1181 3062 quam
1198 3008 1343 3051 fraude
1368 3012 1411 3051 et
1426 3008 1659 3064 proditione
1676 3010 1911 3065 occupavit.
