2002 3372
1068 192 1155 235 216

319 315 382 357 ira
422 315 474 356 ad
516 328 643 370 prave
676 313 890 370 agendum
924 312 1096 355 adducit
1124 314 1236 357 inter
1267 327 1311 357 se
1341 315 1484 370 iungit
1516 311 1708 363 κυνηγοὺς
1743 311 1811 355 καὶ
1840 312 1902 366 ῥή-

320 401 453 435 τορας.
487 385 569 427 Pro
597 386 736 440 priore
762 382 1071 426 Kaltwasserus
1096 389 1219 428 acute
1243 386 1436 440 reposuit
1461 382 1712 436 συνηγόρους.
1741 382 1902 435 „Aliud

319 453 452 497 latet’'
480 458 656 497 annotat
681 454 829 496 editor.
865 452 1041 509 Aliquid
1068 458 1224 507 tamen,
1253 457 1414 511 opinor,
1444 455 1486 496 in
1515 468 1609 497 eam
1631 454 1900 499 sententiam.

381 608 515 651 459ss
556 610 675 651 παῖδ’
716 610 803 651 ἰδὼν
849 611 984 660 πατὴρ
1019 610 1306 663 ἐπιχειροῦντά
1338 625 1377 652 τι
1412 608 1567 661 σιδηρίῳ
1601 609 1748 652 διελεῖν
1781 603 1803 659 ἦ
1836 607 1902 651 τε·

320 685 426 729 μεῖν,
459 680 582 725 αὐτὸς
616 679 759 730 λαβὼν
791 680 836 722 τὸ
870 679 1036 730 σιδήριον
1067 679 1244 727 ἐποίησε.
1602 672 1606 675 ’

381 749 493 792 Mire
519 749 674 792 ultima
699 764 782 793 vox
808 750 952 806 friget,
981 750 1155 793 fortasse
1183 754 1326 794 tamen
1351 752 1413 793 ita
1438 751 1607 806 scripsit
1631 749 1903 793 Plutarchus.

323 819 446 863 Certe
492 822 713 876 perspicua
761 821 875 863 haec.
923 815 1161 877 Sequitur}
1195 821 1262 863 καὶ
1313 824 1382 863 τοῦ
1431 821 1555 870 θυμοῦ
1597 822 1668 867 την
1709 821 1904 872 τιμωρίαν

322 891 595 941 παρελόμενος
640 891 762 936 αὐτὸς
806 890 1012 942 άβλαβῶς
1062 891 1130 933 καὶ
1181 892 1397 944 ὠφελίμως
1447 890 1620 934 ἐκόλασε
1667 890 1734 933 τὸν
1779 889 1904 941 ἄξιον.

322 960 494 1016 Optime
535 960 817 1004 Plutarchum
862 975 990 1004 suum
1031 965 1182 1004 notum
1212 961 1362 1004 habuit
1389 961 1678 1018 Stegmannus
1708 962 1782 1019 qui
1813 965 1908 1018 post

322 1031 595 1083 παρελόμενος
630 1033 856 1074 inseruerit
888 1031 904 1073 ’ὃ
939 1032 1078 1083 λόγος.
1113 1031 1234 1075 Talia
1264 1034 1309 1074 in
1339 1035 1511 1075 textum
1543 1046 1628 1075 non
1658 1030 1839 1088 recipi!¹

383 1111 610 1154 Adduntur
640 1112 762 1154 haec:

382 1182 462 1233 οὐχ
493 1182 636 1224 ἑαυτὸν
670 1180 800 1234 ὥσπερ
834 1183 851 1225 ὁ
886 1184 1131 1233 θυμούμενος
1165 1183 1254 1225 άντ’
1289 1182 1436 1225 ἐκείνου
1469 1182 1672 1230 πολλάκις

323 1266 404 1294 non
436 1266 536 1295 vero
569 1266 593 1295 a
624 1252 855 1296 Plutarcho
887 1253 959 1296 sed
990 1253 1042 1296 ab
1072 1255 1216 1309 inepto
1247 1252 1504 1310 magistello.

381 1408 458 1464 ib..
483 1408 599 1459 ὀργαὶ
634 1408 674 1450 δὲ
708 1414 894 1462 συνεχεῖς
927 1410 1067 1451 πολλοὶ
1101 1412 1284 1452 ποιοῦσαι
1319 1411 1637 1463 προσκρούματα
1671 1411 1737 1453 καὶ
1767 1411 1907 1463 σφάλ-

326 1494 447 1526 ματα
491 1478 557 1520 διὰ
592 1480 663 1526 τὴν
696 1479 879 1530 ἐξουσίαν
912 1479 1043 1529 ὥσπερ
1079 1482 1116 1521 ἒν
1149 1481 1337 1534 ὀλισθηρῷ
1369 1482 1516 1535 χωρίῳ,
1548 1481 1715 1533 μηδενὸς
1751 1483 1907 1525 ἐνιστα-

324 1548 444 1598 μένου
479 1550 580 1598 μηδὲ
612 1550 847 1602 κωλύοντος,
882 1551 1167 1601 ὑποφέρουσαι.

382 1619 475 1661 Non
509 1622 752 1675 persanavit
782 1620 923 1663 locum
957 1621 1156 1664 Reiskius
1188 1635 1265 1677 pro
1299 1621 1570 1674 ὑποφέρουσαι
1603 1622 1784 1680 legendo
1815 1622 1907 1666 ὕπο-

321 1689 521 1742 Φέρουσιν.
554 1690 666 1733 Bene
698 1691 870 1734 demum
899 1691 1120 1735 decurrent
1147 1693 1290 1735 omnia
1317 1693 1354 1735 si
1379 1694 1585 1748 scriptum
1612 1695 1694 1741 erit
1721 1694 1904 1753 simplex

322 1760 509 1824 Φέρουσιν
541 1765 584 1804 et
616 1766 863 1818 exemptum
896 1764 1169 1819 participium
1201 1766 1399 1806 ποιοῦσαι.

384 1915 522 1960 4590
578 1917 621 1960 οὐ
666 1918 751 1970 γὰρ
798 1917 906 1961 ἔστιν
957 1917 1243 1970 ἀναμάρτητον
1293 1921 1330 1961 ἐν
1379 1919 1499 1963 πάθει
1547 1922 1592 1964 τὸ
1635 1921 1901 1980 ἀνυπεύθυνον

322 1993 569 2040 κατασχεῖν.

381 2058 500 2101 Istud
543 2059 581 2099 ἐν
623 2059 743 2102 πάθει
788 2060 890 2116 quid
934 2061 1013 2103 sibi
1057 2060 1162 2104 velit
1194 2076 1276 2104 non
1309 2061 1443 2105 video.
1477 2062 1525 2106 Si
1555 2063 1667 2106 absit
1697 2063 1800 2108 haec
1831 2064 1903 2108 ha-

321 2130 497 2171 beamus
524 2130 720 2172 omnibus
747 2129 940 2173 absoluta
966 2132 1176 2174 numeris:
1208 2146 1317 2183 „non
1343 2135 1461 2188 potes
1485 2132 1657 2190 plenam
1680 2133 1898 2183 licentiam

320 2202 530 2254 praestare
571 2200 811 2243 immunem
852 2202 1078 2258 peccatis’'‚
1121 2203 1206 2244 nisi
1246 2202 1356 2259 quod
1387 2216 1463 2259 pro
1494 2210 1729 2257 κατασχεῖν
1756 2204 1900 2263 legere

321 2274 556 2321 παρασχεῖν
586 2274 784 2326 praestet.
1804 2269 1806 2276 ’

377 2426 434 2468 ib.
478 2425 610 2469 Video
653 2426 811 2470 multos
838 2427 1101 2475 ’δουλεύοντας
1137 2429 1279 2480 ἑτέροις
1314 2428 1398 2471 άπὸ
1431 2429 1628 2480 νεύματος
1663 2431 1731 2474 καὶ
1764 2438 1895 2486 σιωπῇ

315 2496 423 2550 [καὶ]
457 2491 742 2549 προθυμότερον
776 2497 797 2547 ἢ
829 2500 942 2548 μετὰ
977 2503 1146 2550 πληγῶν
1180 2499 1246 2541 καὶ
1295 2500 1539 2551 στιγμάτων
1572 2501 1730 2554 ἑτέροις.

376 2566 479 2618 Quis
521 2566 764 2610 admonitus
806 2583 886 2611 non
920 2568 1038 2612 videt
1068 2568 1282 2612 inclusum
1314 2570 1430 2613 istud
1463 2571 1535 2613 καί
1564 2571 1662 2615 hinc
1693 2559 1896 2624 facessere

317 2635 496 2679 debere?

375 2784 511 2828 459D
554 2785 633 2827 οὔθ’
665 2786 682 2827 ὁ
717 2785 889 2836 τοξεύειν
925 2786 1033 2837 ἦμΞς
1068 2786 1236 2837 διδάξας
1271 2787 1447 2829 ἐκώλυσε
1474 2787 1657 2839 βάλλειν
1688 2789 1805 2831 ἆλλὰ
1833 2789 1892 2840 μὴ

315 2854 619 2906 διαμαρτάνειν.
1905 2868 1908 2871 ’

373 2926 555 2967 Minime
581 2925 959 2981 obtemperandum
987 2927 1138 2970 editori
1167 2928 1353 2970 ἐκέλευσε
1380 2942 1456 2984 pro
1483 2928 1658 2971 ἐκώλυσε
1683 2928 1892 2972 suadenti.
