2002 3372
865 215 951 261 187

603 429 660 461 Dr.
691 427 882 461 numeru
915 426 1211 459 ORAOULORUM.

170 561 428 609 Absolvitur
466 566 510 608 et
552 561 772 621 perficitur
813 562 892 605 hoc
924 560 1072 604 libello
1104 558 1406 617 corpusculum
1435 557 1547 601 illud
1582 555 1708 610 „Del-

109 635 318 696 phicum”
351 634 465 692 (111οᾶ
497 638 574 678 aut
605 632 738 677 nullis
772 636 847 676 aut
878 632 1082 676 brevibus
1112 630 1356 674 intervallis
1387 644 1411 674 a
1441 632 1586 673 nostro
1617 629 1708 686 phi-

107 706 287 766 losopho
329 710 374 751 et
405 705 621 750 sacerdote
653 706 864 762 scriptum
897 704 1010 746 mihi
1040 703 1177 747 videri
1208 704 1336 746 toties
1365 703 1454 744 iam
1487 701 1591 753 dixi,
1625 714 1709 757 qua

107 779 154 823 in
193 791 320 823 eausa
359 779 503 822 nescio
545 791 600 820 an
641 778 858 820 neminem
900 776 1080 818 habeam
1113 774 1419 825 adversarium,
1452 776 1543 815 tam
1574 774 1709 814 semet

104 851 200 909 ipsa
224 848 510 894 commendat.
544 848 638 892 Hac
663 862 751 891 una
779 852 924 891 tamen
949 860 994 890 re
1021 847 1090 889 hic
1116 845 1288 889 libellus
1314 860 1339 888 a
1362 843 1709 901 praecedentibus

107 921 320 979 discrepat
351 920 466 979 (111οᾶ
498 924 635 964 semet
666 921 811 976 ipsum
842 922 1060 962 auctorem
1091 919 1184 961 eius
1217 931 1307 960 esse
1339 916 1596 959 Plutarchus
1627 914 1709 957 dis-

107 993 301 1038 simulat.
347 992 524 1037 Etenim
567 990 831 1048 colloquium
877 990 948 1033 hic
986 989 1169 1033 refertur
1209 988 1363 1032 multis
1404 988 1557 1031 abhinc
1589 987 1710 1029 annis

107 1065 322 1118 habitum,
355 1068 400 1109 et
431 1064 618 1108 refertur
648 1077 734 1106 non
765 1077 790 1106 a
815 1061 1048 1105 Plutarcho
1073 1061 1146 1104 sed
1172 1075 1196 1104 a
1218 1061 1347 1103 fratre
1375 1061 1467 1103 eius
1493 1058 1709 1115 Lampria,

107 1135 209 1180 vide
238 1150 281 1194 p.
319 1135 408 1180 413
420 1135 474 1179 D.
486 1135 537 1178 E.
572 1134 717 1189 (1110ᾶο
750 1139 950 1190 coeptum
983 1137 1047 1176 est
1078 1131 1381 1189 colloquium):

172 1202 353 1262 ἧτυχίας
398 1207 440 1250 δὲ
481 1205 705 1259 γενομένης
751 1207 816 1249 ἐπ’
856 1206 1011 1257 ὀλίγον,
1055 1205 1072 1247 ὅ
1115 1204 1348 1255 Ἀμμώνιος
1385 1202 1476 1254 ἐμὲ
1510 1216 1712 1255 προσαγο-

111 1278 259 1334 ρεύσας
303 1276 404 1332 »ὅρα
447 1279 490 1322 τί
521 1277 742 1329 ποιοῦμεν”
778 1275 891 1320 εἶπεν
928 1274 983 1328 ,,ὦ
1017 1277 1308 1328 Λαμπρία,
1342 1274 1412 1317 καὶ
1446 1272 1626 1327 πρόσεχε
1657 1272 1713 1324 τῷ

113 1351 227 1404 λόγῳ
259 1351 332 1400 τὴν
365 1349 573 1394 διάνοιαν”
608 1350 693 1392 κτὲ.

173 1423 317 1480 Atque
347 1423 442 1480 ipse
472 1420 583 1465 liber
614 1423 674 1464 sic
705 1421 883 1478 incipit:

174 1493 321 1542 ἀετούς
352 1504 469 1541 τινας
505 1495 528 1544 ἢ
564 1492 747 1543 κύκνους,
781 1489 808 1534 ὦ
841 1491 1031 1543 Τερέντιε
1064 1491 1229 1543 uptus,
1261 1491 1555 1541 μυθολογοῦσιν
1588 1486 1674 1530 κτὲ.

30 1596 35 1607 ⁷-
111 1579 217 1624 ergo
259 1565 485 1623 Lamprias
525 1563 686 1608 librum
729 1562 928 1607 Terentio
970 1563 1116 1606 Prisco
1161 1561 1341 1613 dedicat,
1382 1562 1421 1604 is
1462 1563 1538 1603 aut
1570 1571 1717 1602 revera

113 1652 216 1683 eum
258 1638 443 1695 scripsit,
476 1640 552 1680 aut
584 1661 641 1669 —
676 1635 788 1693 quod
826 1634 967 1678 multo
999 1638 1064 1678 est
1096 1633 1377 1677 verisimilius
1410 1657 1466 1665 -
1500 1632 1717 1688 scripsisse

112 1709 310 1769 fingitur.
354 1707 435 1752 Ille
467 1707 696 1751 Terentius
727 1707 902 1750 Priscus
933 1706 1050 1750 haud
1082 1706 1210 1749 dubie
1241 1704 1396 1748 nobilis
1429 1703 1605 1761 quidam
1635 1703 1721 1745 fuit

108 1780 348 1835 Romanus,
381 1781 509 1824 0111110
540 1780 778 1837 patrocinio
812 1792 912 1822 cum
944 1780 1038 1835 ipso
1069 1777 1216 1822 libello
1247 1776 1600 1821 commendantur
1632 1787 1720 1818 ora-

29 1912 31 1914 ,
112 1852 211 1899 cula
239 1851 416 1898 Graeca.

172 1923 251 1969 rat
291 1927 438 1968 autem
479 1922 654 1967 libellus
695 1922 812 1966 lectu
848 1922 1201 1974 iucundissimus,
1233 1923 1350 1966 vitae
1382 1920 1535 1978 plenus
1567 1922 1610 1962 et
1642 1919 1717 1975 qui

113 2009 191 2041 sua
234 1997 438 2040 varietate
477 1993 672 2053 legentes
705 1995 916 2046 detineat;
953 1995 1087 2037 oratio
1118 1992 1258 2037 multo
1290 1997 1354 2037 est
1385 2007 1515 2050 quam
1547 2004 1714 2049 praece-

30 2122 31 2126 *
114 2067 311 2112 dentium
341 2066 575 2124 limpidior.
607 2065 663 2108 Et
695 2079 796 2123 prae
829 2066 1006 2109 caeteris
1037 2063 1228 2108 indolem
1259 2064 1382 2121 plane
1413 2063 1714 2106 Plutarcheam

112 2140 263 2198 spira-t.
308 2138 374 2184 Ne
411 2137 552 2183 multa
583 2137 768 2190 afferam,
805 2138 983 2181 observa
1015 2140 1279 2194 quantopere
1309 2137 1379 2179 hic
1410 2137 1591 2192 scriptor
1622 2133 1714 2177 Pla-

111 2212 225 2256 tonis
266 2210 433 2255 dictum
477 2209 590 2254 illud
632 2209 871 2253 admiretur
911 2208 1111 2263 (430D):
1155 2211 1203 2256 ὥς
1251 2207 1364 2262 ἔχειν
1397 2209 1442 2251 τὸ
1476 2210 1560 2250 πᾶν
1593 2207 1713 2258 εἰκὸς,

115 2281 160 2327 οὗ
190 2283 274 2331 θεὸς
307 2281 478 2334 ἄπεστι,
510 2281 626 2339 (111οᾶ
658 2281 792 2325 1111010
824 2285 867 2325 et
899 2295 949 2324 ex
981 2282 1191 2325 memoria
1221 2281 1292 2324 hic
1324 2282 1442 2332 citat,
1475 2293 1574 2322 nam
1601 2277 1714 2335 apud

114 2354 340 2400 Platonem
383 2355 445 2408 (in
486 2353 664 2397 ‘l'imaeo
709 2352 829 2406 5313)
871 2353 1058 2411 legitur:
1105 2351 1237 2405 ὥσπερ
1285 2353 1388 2398 εἰκὸς
1437 2351 1548 2404 ἔχειν
1597 2349 1714 2393 ἅπαν

35 2482 41 2487 .
115 2425 215 2472 ὅταν
247 2427 338 2480 ἀπῇ
369 2426 474 2474 τινὸς
507 2426 606 2472 θεός.
640 2424 768 2470 Vides
800 2427 846 2468 in
879 2425 1043 2468 deliciis
1075 2425 1154 2468 hoc
1186 2425 1317 2468 fuisse
1349 2425 1545 2481 scriptori
1570 2426 1714 2466 nostro

111 2498 390 2557 proverbium
433 2497 546 2555 quod
577 2499 636 2540 sic
668 2511 796 2540 suum
829 2496 1102 2540 redddiderit.
1137 2496 1219 2540 Sed
1251 2498 1392 2552 magis
1423 2498 1514 2552 ipse
1548 2493 1714 2537 Plutar-

113 2570 220 2614 chus
265 2569 407 2627 prodit
453 2583 507 2612 ex
553 2571 607 2612 iis
651 2583 760 2625 quae
801 2583 843 2626 p.
879 2568 1015 2612 410ss
1058 2568 1264 2626 legimus.
1307 2567 1566 2610 Plutarchus
1598 2567 1714 2609 enim

113 2654 367 2699 unaquaque
399 2652 530 2698 quam
563 2642 734 2697 scripsit
761 2642 920 2698 pagina
948 2641 1232 2696 omnibusque
1260 2639 1414 2682 studiis
1441 2640 1530 2681 suis
1557 2639 1714 2680 tacitus

113 2711 301 2757 declarat
341 2725 618 2769 quaecunque
663 2717 841 2769 quaerat
882 2713 1203 2769 investigetque
1247 2725 1296 2754 ea
1330 2702 1475 2754 omnia
1504 2709 1599 2753 ideo
1632 2710 1715 2752 sibi

30 2812 33 2814 -
111 2783 229 2828 cordi
270 2797 360 2827 esse
406 2783 519 2840 quod
557 2783 610 2826 ad
640 2785 784 2840 ipsum
816 2783 957 2827 Deum
990 2783 1147 2827 melius
1180 2782 1520 2840 cognoscendum
1552 2783 1611 2824 sic
1643 2782 1715 2825 via

111 2857 346 2900 muniatur.
378 2855 428 2898 In
460 2855 540 2898 hoc
573 2859 719 2898 autem
751 2854 860 2898 libro
893 2855 1050 2899 diserte
1084 2854 1270 2897 declarat
1301 2858 1360 2910 (p.
1395 2853 1483 2896 410
1495 2853 1547 2907 Β)
1578 2852 1715 2910 philo-

26 2952 32 2970 -,
111 2927 307 2985 sophiam
339 2926 603 2984 theologiam
635 2926 752 2974 τέλος
788 2926 913 2979 ἔχειν,
946 2926 1265 2984 philosophiam
1297 2927 1333 2968 si
1364 2930 1476 2968 recte
1507 2928 1716 2968 tractetur

114 2997 360 3056 theologiae
405 3012 532 3042 causa
575 2999 761 3042 tractari.
812 2998 878 3041 Ad
921 3012 1028 3055 quae
1070 2998 1197 3041 verba
1239 2996 1454 3040 Hirzelius
1496 2998 1540 3040 in
1581 2995 1714 3040 nobili
