2002 3372
880 201 934 243 81

64 332 75 374 52
99 318 148 372 ln
189 319 408 378 publicam
447 325 559 365 esset
598 321 792 366 editurus
834 321 977 367 lucem
1022 339 1237 383 suumque
1262 319 1443 371 'auctori
1475 328 1706 372 habiturus

66 386 69 424 ’-
96 388 322 448 Macron,
352 391 427 436 sed
457 393 581 437 docta
611 393 662 437 de
693 397 980 439 controversia
1005 411 1129 454 saepe
1157 400 1320 456 agitata
1347 399 1543 452 diatribe,
1573 414 1702 457 quam

68 462 196 521 ‚silue
224 462 484 508 Plutarchus
515 463 779 522 divulgavit.
814 465 906 519 Quo
938 468 1064 512 modo
1095 469 1140 511 id
1172 470 1319 514 fecerit
1351 473 1457 515 scire
1484 472 1705 528 pervelim.

75 531 180 587 ⁴&
191 539 337 583 nostra
373 537 554 580 vixisset
583 540 737 589 aetate,
770 542 970 594 paratum
1001 540 1053 582 ad
1086 555 1180 584 eam
1212 544 1505 598 quaestionem
1537 543 1703 587 habere-

66 607 77 656 's
102 617 209 657 m
227 620 493 664 responsum.
522 607 736 665 Scriptam
765 611 880 652 enim
905 611 1012 654 hanc
1037 611 1274 656 diceremus
1291 613 1705 672 disputatiunculam

64 700 66 702 v
99 679 159 729 nt
184 677 470 724 bibliothecae
495 679 626 724 alicui
651 682 923 734 insereretur,
953 697 1082 740 quam
1110 684 1162 727 ad
1190 685 1484 742 philosophiae
1510 686 1703 729 studium

57 782 63 806 3
98 750 444 808 &amovendum
486 754 714 809 quotannis
756 752 826 796 vel
868 758 972 810 quot
1015 757 1234 799 mensibus
1275 756 1562 815 colligendam
1605 757 1706 800 Plu·

56 820 277 873 ’1112011118
315 826 496 867 curaret.
542 822 626 866 Sed
661 823 766 867 tales
798 829 900 868 tunc
934 825 1216 879 collectiones,
1248 829 1374 871 certis
1406 829 1612 886 temporis
1642 830 1704 871 in-

99 892 294 942 aaronis
317 895 363 939 in
385 893 529 939 lucem
546 895 816 952 prodeuntes,
842 895 988 940 nullae
1005 898 1134 941 fuisse
1152 899 1366 943 videntur.
1395 900 1542 956 Neque
1560 904 1704 943 tamen

64 962 281 1014 flubium
321 969 388 1010 est
430 967 535 1024 quin
577 966 720 1024 aliquo
764 968 890 1011 modo
934 983 983 1012 ea
1023 983 1191 1026 quoque
1234 974 1372 1014 aetate
1403 972 1704 1019 communibus

55 1033 328 1081 ..doctorum
354 1038 411 1080 sit
437 1037 684 1081 consultum
702 1039 954 1082 commodis.
987 1040 1079 1083 Non
1098 1041 1257 1084 fuerint
1274 1042 1498 1085 Plutarchi
1514 1047 1704 1099 tempore

58 1104 67 1124 ⁶
96 1105 239 1157 diaria
276 1107 588 1166 philosophica,
627 1111 842 1154 exstitisse
875 1115 977 1155 tunc
1009 1126 1176 1169 quoque
1207 1112 1369 1170 aliquid
1400 1116 1523 1156 cuius
1555 1114 1703 1156 eadem

53 1241 58 1244 Ι
100 1182 216 1229 meet
256 1180 656 1238 naturaidemque
697 1181 925 1225 consilium
967 1197 1136 1226 sumere
1178 1183 1299 1227 nobis
1330 1183 1445 1227 licet.
1489 1184 1572 1226 Sed
1605 1198 1706 1240 quo-

100 1262 270 1309 eunque
317 1252 446 1296 modo
491 1267 536 1296 se
579 1266 628 1296 ea
669 1267 736 1296 res
777 1253 917 1306 habet,
961 1253 1217 1297 documento
1260 1255 1382 1297 nobis
1422 1254 1492 1296 hic
1532 1253 1706 1297 libellus

57 1342 66 1370 5.
101 1321 318 1380 multique
359 1322 435 1367 alii
477 1337 530 1367 ex
572 1323 722 1367 eodem
762 1338 918 1381 genere
962 1349 1020 1357 —-
1062 1339 1247 1388 magnus
1289 1327 1404 1368 enim
1445 1339 1595 1368 eorum
1641 1328 1705 1367 est

50 1420 54 1429 .
100 1407 309 1443 numerus
341 1419 398 1427 —
431 1409 522 1439 esse
565 1398 744 1452 possunt
786 1399 945 1452 quanta
985 1397 1099 1439 inter
1139 1395 1335 1453 aequales
1367 1396 1482 1439 fama
1512 1395 1705 1438 floruerit

46 1507 49 1509 .
102 1464 378 1519 Plutarchus,
421 1467 497 1524 qui
537 1468 737 1523 quamvis
781 1468 991 1524 exiguum
1023 1466 1223 1510 libellum
1255 1481 1278 1510 e
1310 1466 1596 1511 Chaeronensi
1628 1480 1704 1509 suo

46 1550 50 1551 ’
101 1550 301 1596 promere
343 1542 486 1596 posset
532 1539 633 1589 otio,
677 1537 794 1581 haud
836 1538 1036 1581 dubitans
1079 1540 1182 1595 quin
1224 1553 1325 1581 suos
1368 1539 1451 1581 sibi
1492 1541 1706 1594 emptores

98 1607 362 1668 lectoresque
393 1613 505 1653 esset
537 1610 805 1653 inventurus.
839 1610 954 1654 Satis
986 1611 1174 1653 sincerus
1206 1609 1279 1653 ille
1312 1609 1364 1652 ad
1398 1623 1472 1652 nos
1495 1609 1706 1665 pervenit,

19 1673 38 1685 J
97 1682 246 1739 paucis
290 1684 433 1726 tamen
464 1680 570 1725 locis
601 1682 851 1725 etiamnunc
881 1695 1061 1724 manum
1094 1684 1339 1738 exspectare
1371 1680 1704 1724 emendatricem

38 1760 43 1774 ⁷
99 1751 286 1802 uidetur.

131 1823 273 1869 98Β
320 1823 403 1868 Fac
445 1823 583 1868 dicere
615 1823 803 1881 aliquem
837 1824 949 1878 τύχη
985 1825 1040 1867 τὰ
1075 1829 1151 1868 τῶν
1182 1824 1425 1876 βλεπόντων
1458 1823 1702 1878 πράγματα

98 1899 202 1951 (11011
243 1897 364 1940 visus
405 1895 637 1953 oculique),
681 1897 749 1938 καὶ
796 1897 907 1949 τύχη
938 1897 994 1938 τὰ
1030 1901 1108 1939 τῶν
1142 1896 1365 1939 ἀκουόντων
1397 1899 1499 1948 (non
1530 1895 1703 1938 auditus

98 1971 326 2026 auresque)
358 1968 487 2012 καλὸν
522 1965 577 2020 ἦν,
611 1970 661 2015 ὥς
697 1966 834 2020 ἔοικεν,
869 1968 1141 2019 εὐλαβεῖσθαι
1175 1968 1247 2015 τὴν
1283 1967 1482 2015 αἴσθησιν.

47 2032 49 2034 ’
158 2039 248 2086 Gur
286 2039 358 2084 hic
397 2039 536 2084 editor
581 2038 771 2084 Graecus
806 2037 864 2091 ἦν,
898 2040 1011 2096 (111οᾱ
1044 2043 1109 2083 est
1139 2041 1182 2082 in
1217 2038 1606 2097 Wyttenbachiana
1632 2036 1706 2080 Di-

39 2118 56 2151 <⁷
97 2110 366 2172 definitaque,
407 2112 454 2154 in
495 2110 537 2154 δέ
580 2113 830 2163 mutaverit,
864 2125 1003 2168 neque
1035 2111 1142 2154 dicit
1171 2125 1309 2167 neque
1341 2113 1529 2167 apparet.
1563 2109 1702 2152 Immo

46 2215 60 2226 ,.
97 2196 199 2231 vero
227 2185 335 2242 ‚ipsa
363 2197 432 2228 res
461 2182 574 2227 illud
605 2185 730 2226 unice
763 2197 916 2227 verum
950 2197 1040 2226 esse
1071 2182 1242 2226 clamat.
1276 2182 1450 2225 Etenim
1483 2185 1580 2238 post
1611 2195 1702 2237 pro-

46 2250 49 2255 ’
94 2257 210 2303 tasin
246 2254 386 2312 qualis
417 2254 521 2298 haec
553 2258 642 2298 est:
679 2256 745 2307 „si
778 2256 875 2310 quis
907 2255 987 2298 hoc
1018 2253 1089 2298 vel
1118 2254 1228 2297 illud
1261 2253 1462 2304 diceret”,
1495 2266 1703 2309 quaenam

36 2354 58 2383 ·.,
94 2325 296 2386 legitima
338 2327 478 2384 magis
520 2329 586 2370 est
628 2325 822 2382 apodosis
865 2340 995 2382 quam
1038 2326 1165 2369 haec:
1218 2324 1480 2382 ,‚oportebat,
1529 2323 1704 2367 decebat

35 2398 46 2457 'j
97 2396 272 2454 (uosY'Y
301 2397 422 2449 Esto,
449 2396 563 2440 illud
590 2394 634 2445 ἦν
665 2398 814 2454 utique
842 2399 1094 2442 retinemus.
1127 2397 1245 2440 Num
1272 2395 1437 2452 reliqua
1463 2408 1563 2437 sana
1591 2408 1702 2436 nunc

31 2458 38 2484 ³
98 2468 228 2518 suut?
270 2469 365 2514 Non
409 2470 572 2526 opinor.
617 2468 730 2522 Quid
773 2470 889 2511 enim
922 2482 998 2511 nos
1030 2468 1164 2511 facere
1198 2471 1365 2524 oportet
1398 2471 1488 2509 tam
1522 2465 1704 2508 absurda

98 2539 349 2586 audientes?
392 2540 510 2584 Num
554 2554 691 2582 cavere
733 2537 909 2582 sensus?
951 2539 1091 2582 Immo
1132 2539 1301 2581 fortiter
1334 2537 1599 2592 firmiterque
1631 2550 1701 2578 eos

38 2620 45 2639 ‘
97 2614 332 2672 defendere.
362 2612 414 2656 In
438 2612 548 2655 hanc
573 2611 831 2655 sententiam
857 2609 967 2653 illud
993 2610 1267 2660 εὐλαβεῖσθαι
1295 2606 1596 2665 corrigendum
1624 2610 1703 2649 est.

97 2685 208 2732 Nam
240 2683 355 2743 quod
385 2683 459 2727 dat
490 2684 723 2739 interpres:
753 2683 878 2738 „quis
909 2696 995 2724 nou
1026 2685 1224 2724 vereatur
1248 2681 1327 2723 hoc
1355 2677 1482 2722 modo
1509 2677 1702 2720 sensibus

95 2753 392 2808 htrahereP',
438 2755 542 2798 satis
586 2753 758 2810 quidem
802 2755 954 2809 aptum
997 2752 1099 2796 huic
1140 2751 1233 2796 loco
1276 2754 1340 2794 est
1382 2749 1456 2792 sed
1497 2762 1519 2791 e
1562 2748 1704 2791 verbis

37 2841 49 2886 ἦ
97 2826 272 2874 Gnosis
297 2827 542 2883 extorqueri
569 2824 688 2867 nullo
717 2823 844 2867 modo
872 2826 1026 2879 potest.
1053 2823 1203 2879 Ipsum
1222 2821 1402 2866 verbum
1420 2833 1504 2862 uon
1521 2822 1701 2874 praesto,

35 2899 51 2939 ἶ’
95 2898 170 2945 flod
210 2896 346 2944 semel
375 2911 452 2954 pro
484 2895 756 2947 εὐλαβεῖσθαι
792 2895 978 2950 reposito
1012 2894 1140 2937 verbo
1174 2892 1286 2949 quod
1318 2890 1539 2947 defendere
1571 2890 1704 2946 signi-

43 2957 45 2962 ·
97 2969 209 3023 ficet,
237 2970 402 3026 optime
428 2970 488 3011 sic
516 2968 603 3011 fere
631 2968 848 3024 pergitur:
881 2966 1030 3020 „atqui
1057 2979 1206 3008 sensus
1233 2966 1334 3006 sunt
1360 2962 1518 3004 mentis
1546 2961 1702 3002 instru-

1484 3041 1503 3071 6
