<?xml version="1.0" encoding="UTF-8"?>
<!DOCTYPE html PUBLIC "-//W3C//DTD XHTML 1.0 Transitional//EN"
    "http://www.w3.org/TR/xhtml1/DTD/xhtml1-transitional.dtd">
<html xmlns="http://www.w3.org/1999/xhtml" xml:lang="en" lang="en">
 <head>
  <title>
</title>
<meta http-equiv="Content-Type" content="text/html;charset=utf-8" />
  <meta name='ocr-system' content='tesseract 3.04.00' />
  <meta name='ocr-capabilities' content='ocr_page ocr_carea ocr_par ocr_line ocrx_word'/>
</head>
<body>
  <div class='ocr_page' id='page_1' title='image "./deplutarchoscrip00hartuoft_0316.png"; bbox 0 0 2002 3372; ppageno 0'>
   <div class='ocr_carea' id='block_1_1' title="bbox 1071 222 1159 266">
    <p class='ocr_par' dir='ltr' id='par_1_1' title="bbox 1071 222 1159 266">
     <span class='ocr_line' id='line_1_1' title="bbox 1071 222 1159 266; baseline 0.011 -1"><span class='ocrx_word' id='word_1_1' title='bbox 1071 222 1159 266; x_wconf 85' lang='lat'><strong>300</strong></span> 
     </span>
    </p>
   </div>
   <div class='ocr_carea' id='block_1_2' title="bbox 319 342 1905 1438">
    <p class='ocr_par' dir='ltr' id='par_1_2' title="bbox 320 342 1900 674">
     <span class='ocr_line' id='line_1_2' title="bbox 320 342 1900 402; baseline 0.003 -18"><span class='ocrx_word' id='word_1_2' title='bbox 320 344 412 398; x_wconf 86' lang='lat' dir='ltr'><strong>ipsa</strong></span> <span class='ocrx_word' id='word_1_3' title='bbox 441 344 555 385; x_wconf 88' lang='lat' dir='ltr'><strong>enim</strong></span> <span class='ocrx_word' id='word_1_4' title='bbox 589 356 653 384; x_wconf 91' lang='lat' dir='ltr'><strong>res</strong></span> <span class='ocrx_word' id='word_1_5' title='bbox 685 356 797 384; x_wconf 93' lang='lat' dir='ltr'><strong>nunc</strong></span> <span class='ocrx_word' id='word_1_6' title='bbox 828 356 956 398; x_wconf 90' lang='lat' dir='ltr'><strong>quam</strong></span> <span class='ocrx_word' id='word_1_7' title='bbox 983 342 1298 399; x_wconf 87' lang='lat' dir='ltr'><strong>simplicissime</strong></span> <span class='ocrx_word' id='word_1_8' title='bbox 1323 359 1398 387; x_wconf 86' lang='lat' dir='ltr'><strong>suo</strong></span> <span class='ocrx_word' id='word_1_9' title='bbox 1425 346 1595 388; x_wconf 89' lang='lat' dir='ltr'><strong>nomine</strong></span> <span class='ocrx_word' id='word_1_10' title='bbox 1620 345 1900 402; x_wconf 68' lang='lat' dir='ltr'><strong>significatur.</strong></span> 
     </span>
     <span class='ocr_line' id='line_1_3' title="bbox 322 412 1752 471; baseline 0.003 -17"><span class='ocrx_word' id='word_1_11' title='bbox 322 412 357 454; x_wconf 83' lang='grc' dir='ltr'>Ε</span> <span class='ocrx_word' id='word_1_12' title='bbox 389 413 661 467; x_wconf 76' lang='lat' dir='ltr'>sequentibus</span> <span class='ocrx_word' id='word_1_13' title='bbox 693 412 775 454; x_wconf 93' lang='lat' dir='ltr'><strong>huc</strong></span> <span class='ocrx_word' id='word_1_14' title='bbox 808 412 1018 455; x_wconf 86' lang='lat' dir='ltr'><strong>aberrasse</strong></span> <span class='ocrx_word' id='word_1_15' title='bbox 1048 418 1169 469; x_wconf 84' lang='lat' dir='ltr'><strong>puto.</strong></span> <span class='ocrx_word' id='word_1_16' title='bbox 1202 414 1449 471; x_wconf 84' lang='lat' dir='ltr'><strong>Sequuntur</strong></span> <span class='ocrx_word' id='word_1_17' title='bbox 1479 417 1593 458; x_wconf 89' lang='lat' dir='ltr'><strong>enim</strong></span> <span class='ocrx_word' id='word_1_18' title='bbox 1625 416 1752 459; x_wconf 82' lang='lat' dir='ltr'><strong>haec:</strong></span> 
     </span>
     <span class='ocr_line' id='line_1_4' title="bbox 322 482 1191 533; baseline 0.002 -9"><span class='ocrx_word' id='word_1_19' title='bbox 322 484 364 524; x_wconf 83' lang='grc' dir='ltr'><strong>οὐ</strong></span> <span class='ocrx_word' id='word_1_20' title='bbox 396 482 478 533; x_wconf 70' lang='grc' dir='ltr'><strong>γὰρ</strong></span> <span class='ocrx_word' id='word_1_21' title='bbox 511 482 627 531; x_wconf 82' lang='grc' dir='ltr'><strong><em>μόνον</em></strong></span> <span class='ocrx_word' id='word_1_22' title='bbox 661 485 852 532; x_wconf 73' lang='grc' dir='ltr'><strong><em>γίγνεται</em></strong></span> <span class='ocrx_word' id='word_1_23' title='bbox 885 482 1035 525; x_wconf 80' lang='grc' dir='ltr'><strong><em>δούλων</em></strong></span> <span class='ocrx_word' id='word_1_24' title='bbox 1067 484 1191 526; x_wconf 82' lang='grc' dir='ltr'><strong><em>τέκνα</em></strong></span> 
     </span>
     <span class='ocr_line' id='line_1_5' title="bbox 623 553 1577 605; baseline 0.004 -12"><span class='ocrx_word' id='word_1_25' title='bbox 623 553 820 594; x_wconf 72' lang='grc' dir='ltr'><strong><em>ἀκόλασθ’</em></strong></span> <span class='ocrx_word' id='word_1_26' title='bbox 854 553 1010 602; x_wconf 80' lang='grc' dir='ltr'><em>ὁμιλεῖν</em></span> <span class='ocrx_word' id='word_1_27' title='bbox 1042 555 1235 605; x_wconf 71' lang='grc' dir='ltr'><strong><em>γίγνεται</em></strong></span> <span class='ocrx_word' id='word_1_28' title='bbox 1271 555 1419 597; x_wconf 78' lang='grc' dir='ltr'><strong><em>δούλων</em></strong></span> <span class='ocrx_word' id='word_1_29' title='bbox 1453 554 1577 597; x_wconf 84' lang='grc' dir='ltr'><strong><em>τέκνα</em></strong></span> 
     </span>
     <span class='ocr_line' id='line_1_6' title="bbox 322 622 837 674; baseline 0.004 -10"><span class='ocrx_word' id='word_1_30' title='bbox 322 624 438 665; x_wconf 77' lang='grc' dir='ltr'><strong><em>άλλοὶ</em></strong></span> <span class='ocrx_word' id='word_1_31' title='bbox 472 623 537 664; x_wconf 72' lang='grc' dir='ltr'><strong>καὶ</strong></span> <span class='ocrx_word' id='word_1_32' title='bbox 573 622 837 674; x_wconf 72' lang='grc' dir='ltr'><strong><em>μικρολόγων.</em></strong></span> 
     </span>
    </p>

    <p class='ocr_par' dir='ltr' id='par_1_3' title="bbox 321 692 1905 886">
     <span class='ocr_line' id='line_1_7' title="bbox 381 692 1905 752; baseline 0.004 -19"><span class='ocrx_word' id='word_1_33' title='bbox 381 692 449 734; x_wconf 86' lang='lat' dir='ltr'><strong>Sic</strong></span> <span class='ocrx_word' id='word_1_34' title='bbox 490 696 602 735; x_wconf 88' lang='lat' dir='ltr'><strong>certe</strong></span> <span class='ocrx_word' id='word_1_35' title='bbox 643 692 925 735; x_wconf 83' lang='lat' dir='ltr'><strong>Bernardakis</strong></span> <span class='ocrx_word' id='word_1_36' title='bbox 966 693 1111 745; x_wconf 78' lang='lat' dir='ltr'><strong>edidit,</strong></span> <span class='ocrx_word' id='word_1_37' title='bbox 1154 696 1198 737; x_wconf 93' lang='lat' dir='ltr'><strong>in</strong></span> <span class='ocrx_word' id='word_1_38' title='bbox 1243 709 1440 746; x_wconf 87' lang='lat' dir='ltr'><strong>errorem,</strong></span> <span class='ocrx_word' id='word_1_39' title='bbox 1473 699 1523 738; x_wconf 93' lang='lat' dir='ltr'><strong>ut</strong></span> <span class='ocrx_word' id='word_1_40' title='bbox 1554 696 1716 752; x_wconf 85' lang='lat' dir='ltr'>opinor,</span> <span class='ocrx_word' id='word_1_41' title='bbox 1747 696 1905 739; x_wconf 82' lang='lat' dir='ltr'><strong>nescio-</strong></span> 
     </span>
     <span class='ocr_line' id='line_1_8' title="bbox 321 762 1903 824; baseline 0.003 -20"><span class='ocrx_word' id='word_1_42' title='bbox 321 762 531 818; x_wconf 91' lang='lat' dir='ltr'><strong>quomodo</strong></span> <span class='ocrx_word' id='word_1_43' title='bbox 556 762 768 805; x_wconf 86' lang='lat' dir='ltr'><strong>inductus.</strong></span> <span class='ocrx_word' id='word_1_44' title='bbox 796 763 906 806; x_wconf 86' lang='lat' dir='ltr'><strong>Nam</strong></span> <span class='ocrx_word' id='word_1_45' title='bbox 934 766 975 806; x_wconf 90' lang='lat' dir='ltr'><strong>et</strong></span> <span class='ocrx_word' id='word_1_46' title='bbox 998 766 1042 806; x_wconf 94' lang='lat' dir='ltr'><strong>in</strong></span> <span class='ocrx_word' id='word_1_47' title='bbox 1060 763 1444 824; x_wconf 82' lang='lat' dir='ltr'><strong>Wyttenbachiana</strong></span> <span class='ocrx_word' id='word_1_48' title='bbox 1460 765 1502 808; x_wconf 75' lang='lat' dir='ltr'><strong>et</strong></span> <span class='ocrx_word' id='word_1_49' title='bbox 1517 766 1563 807; x_wconf 92' lang='lat' dir='ltr'><strong>in</strong></span> <span class='ocrx_word' id='word_1_50' title='bbox 1580 765 1805 810; x_wconf 75' lang='lat' dir='ltr'><strong>Didotiana</strong></span> <span class='ocrx_word' id='word_1_51' title='bbox 1819 769 1903 809; x_wconf 85' lang='lat' dir='ltr'><strong>est:</strong></span> 
     </span>
     <span class='ocr_line' id='line_1_9' title="bbox 321 832 1254 886; baseline 0.002 -12"><span class='ocrx_word' id='word_1_52' title='bbox 321 834 363 875; x_wconf 80' lang='grc' dir='ltr'><strong>οὐ</strong></span> <span class='ocrx_word' id='word_1_53' title='bbox 397 834 480 884; x_wconf 71' lang='grc' dir='ltr'><strong>γὰρ</strong></span> <span class='ocrx_word' id='word_1_54' title='bbox 511 832 629 883; x_wconf 85' lang='grc' dir='ltr'><strong><em>μόνον</em></strong></span> <span class='ocrx_word' id='word_1_55' title='bbox 664 834 802 875; x_wconf 74' lang='grc' dir='ltr'><strong><em>κατὰ</em></strong></span> <span class='ocrx_word' id='word_1_56' title='bbox 836 835 924 876; x_wconf 84' lang='grc' dir='ltr'><strong>τὸν</strong></span> <span class='ocrx_word' id='word_1_57' title='bbox 957 835 1254 886; x_wconf 75' lang='grc' dir='ltr'><strong><em>Εὐριπίδην</em></strong></span> 
     </span>
    </p>

    <p class='ocr_par' dir='ltr' id='par_1_4' title="bbox 321 903 1571 1025">
     <span class='ocr_line' id='line_1_10' title="bbox 622 903 1571 956; baseline 0.003 -11"><span class='ocrx_word' id='word_1_58' title='bbox 622 903 820 946; x_wconf 69' lang='grc' dir='ltr'><strong><em>ἀκόλασθ’</em></strong></span> <span class='ocrx_word' id='word_1_59' title='bbox 853 905 1009 954; x_wconf 80' lang='grc' dir='ltr'><strong><em>ὃμιλεῖν</em></strong></span> <span class='ocrx_word' id='word_1_60' title='bbox 1041 906 1237 956; x_wconf 71' lang='grc' dir='ltr'><strong><em>γίγνεται</em></strong></span> <span class='ocrx_word' id='word_1_61' title='bbox 1270 905 1418 948; x_wconf 77' lang='grc' dir='ltr'><strong><em>δούλων</em></strong></span> <span class='ocrx_word' id='word_1_62' title='bbox 1450 906 1571 948; x_wconf 82' lang='grc' dir='ltr'><strong><em>τέκνα</em></strong></span> 
     </span>
     <span class='ocr_line' id='line_1_11' title="bbox 321 973 838 1025; baseline 0.002 -10"><span class='ocrx_word' id='word_1_63' title='bbox 321 973 438 1015; x_wconf 70' lang='grc' dir='ltr'><strong><em>ἀλλὰ</em></strong></span> <span class='ocrx_word' id='word_1_64' title='bbox 472 973 541 1015; x_wconf 77' lang='grc' dir='ltr'><strong>καὶ</strong></span> <span class='ocrx_word' id='word_1_65' title='bbox 573 974 838 1025; x_wconf 75' lang='grc' dir='ltr'><strong><em>μικρολόγων.</em></strong></span> 
     </span>
    </p>

    <p class='ocr_par' dir='ltr' id='par_1_5' title="bbox 319 1038 1905 1438">
     <span class='ocr_line' id='line_1_12' title="bbox 381 1038 1903 1100; baseline 0.003 -15"><span class='ocrx_word' id='word_1_66' title='bbox 381 1044 491 1086; x_wconf 87' lang='lat' dir='ltr'><strong>Puto</strong></span> <span class='ocrx_word' id='word_1_67' title='bbox 532 1058 634 1100; x_wconf 83' lang='lat' dir='ltr'><strong>ergo</strong></span> <span class='ocrx_word' id='word_1_68' title='bbox 676 1044 781 1087; x_wconf 90' lang='lat' dir='ltr'><strong>olim</strong></span> <span class='ocrx_word' id='word_1_69' title='bbox 823 1038 954 1087; x_wconf 69' lang='lat' dir='ltr'><strong>fuiSse</strong></span> <span class='ocrx_word' id='word_1_70' title='bbox 986 1045 1091 1087; x_wconf 84' lang='lat' dir='ltr'><strong>duas</strong></span> <span class='ocrx_word' id='word_1_71' title='bbox 1122 1045 1344 1089; x_wconf 84' lang='lat' dir='ltr'><strong>lectiones:</strong></span> <span class='ocrx_word' id='word_1_72' title='bbox 1378 1046 1421 1088; x_wconf 82' lang='grc' dir='ltr'><strong>οὐ</strong></span> <span class='ocrx_word' id='word_1_73' title='bbox 1453 1046 1538 1097; x_wconf 72' lang='grc' dir='ltr'><strong>γὰρ</strong></span> <span class='ocrx_word' id='word_1_74' title='bbox 1570 1044 1688 1096; x_wconf 85' lang='grc' dir='ltr'><strong><em>μόνον</em></strong></span> <span class='ocrx_word' id='word_1_75' title='bbox 1719 1046 1903 1099; x_wconf 75' lang='grc' dir='ltr'><strong><em>καθάπερ</em></strong></span> 
     </span>
     <span class='ocr_line' id='line_1_13' title="bbox 321 1115 1904 1173; baseline 0.003 -17"><span class='ocrx_word' id='word_1_76' title='bbox 321 1115 511 1165; x_wconf 73' lang='grc' dir='ltr'><strong><em>λέγουσιν</em></strong></span> <span class='ocrx_word' id='word_1_77' title='bbox 546 1120 587 1157; x_wconf 77' lang='lat' dir='ltr'><strong>et</strong></span> <span class='ocrx_word' id='word_1_78' title='bbox 619 1117 661 1157; x_wconf 80' lang='grc' dir='ltr'><strong>οὐ</strong></span> <span class='ocrx_word' id='word_1_79' title='bbox 694 1116 776 1167; x_wconf 70' lang='grc' dir='ltr'><strong>γὰρ</strong></span> <span class='ocrx_word' id='word_1_80' title='bbox 805 1115 922 1165; x_wconf 89' lang='grc' dir='ltr'><strong><em>μόνον</em></strong></span> <span class='ocrx_word' id='word_1_81' title='bbox 957 1115 1067 1157; x_wconf 74' lang='grc' dir='ltr'><strong><em>κατὰ</em></strong></span> <span class='ocrx_word' id='word_1_82' title='bbox 1102 1116 1168 1158; x_wconf 82' lang='grc' dir='ltr'><strong><em>τὸν</em></strong></span> <span class='ocrx_word' id='word_1_83' title='bbox 1201 1117 1431 1168; x_wconf 77' lang='grc' dir='ltr'><strong><em>Εὐριπίδην,</em></strong></span> <span class='ocrx_word' id='word_1_84' title='bbox 1470 1130 1651 1173; x_wconf 79' lang='lat' dir='ltr'><strong>quarum</strong></span> <span class='ocrx_word' id='word_1_85' title='bbox 1688 1117 1791 1160; x_wconf 77' lang='lat' dir='ltr'><strong>haec</strong></span> <span class='ocrx_word' id='word_1_86' title='bbox 1827 1131 1904 1160; x_wconf 80' lang='lat' dir='ltr'><strong>suo</strong></span> 
     </span>
     <span class='ocr_line' id='line_1_14' title="bbox 320 1184 1904 1241; baseline 0.001 -14"><span class='ocrx_word' id='word_1_87' title='bbox 320 1187 377 1227; x_wconf 86' lang='lat' dir='ltr'><strong>sit</strong></span> <span class='ocrx_word' id='word_1_88' title='bbox 408 1184 498 1227; x_wconf 94' lang='lat' dir='ltr'><strong>loco</strong></span> <span class='ocrx_word' id='word_1_89' title='bbox 530 1187 680 1241; x_wconf 82' lang='lat' dir='ltr'><strong>posita,</strong></span> <span class='ocrx_word' id='word_1_90' title='bbox 713 1185 789 1228; x_wconf 87' lang='lat' dir='ltr'><strong>illa</strong></span> <span class='ocrx_word' id='word_1_91' title='bbox 821 1187 866 1227; x_wconf 90' lang='lat' dir='ltr'><strong>in</strong></span> <span class='ocrx_word' id='word_1_92' title='bbox 898 1185 1085 1228; x_wconf 86' lang='lat' dir='ltr'><strong>alienum</strong></span> <span class='ocrx_word' id='word_1_93' title='bbox 1121 1187 1392 1230; x_wconf 85' lang='lat' dir='ltr'><strong>aberraverit.</strong></span> <span class='ocrx_word' id='word_1_94' title='bbox 1435 1186 1594 1239; x_wconf 81' lang='lat' dir='ltr'><strong>Quodsi</strong></span> <span class='ocrx_word' id='word_1_95' title='bbox 1627 1186 1904 1230; x_wconf 72' lang='lat' dir='ltr'><strong>Bernardakis</strong></span> 
     </span>
     <span class='ocr_line' id='line_1_15' title="bbox 320 1255 1905 1311; baseline 0.002 -14"><span class='ocrx_word' id='word_1_96' title='bbox 320 1255 454 1297; x_wconf 79' lang='lat' dir='ltr'><strong>edidit</strong></span> <span class='ocrx_word' id='word_1_97' title='bbox 498 1255 610 1311; x_wconf 88' lang='lat' dir='ltr'><strong>quod</strong></span> <span class='ocrx_word' id='word_1_98' title='bbox 654 1257 698 1297; x_wconf 90' lang='lat' dir='ltr'><strong>in</strong></span> <span class='ocrx_word' id='word_1_99' title='bbox 745 1258 832 1298; x_wconf 88' lang='lat' dir='ltr'><strong>suis</strong></span> <span class='ocrx_word' id='word_1_100' title='bbox 878 1258 1043 1299; x_wconf 88' lang='lat' dir='ltr'><strong>invenit</strong></span> <span class='ocrx_word' id='word_1_101' title='bbox 1088 1257 1315 1308; x_wconf 78' lang='lat' dir='ltr'><strong>codicibus,</strong></span> <span class='ocrx_word' id='word_1_102' title='bbox 1365 1257 1629 1300; x_wconf 77' lang='lat' dir='ltr'><strong>manifestior</strong></span> <span class='ocrx_word' id='word_1_103' title='bbox 1669 1258 1798 1300; x_wconf 84' lang='lat' dir='ltr'><strong>etiam</strong></span> <span class='ocrx_word' id='word_1_104' title='bbox 1837 1271 1905 1300; x_wconf 86' lang='lat' dir='ltr'><strong>res</strong></span> 
     </span>
     <span class='ocr_line' id='line_1_16' title="bbox 320 1326 1905 1383; baseline 0.002 -16"><span class='ocrx_word' id='word_1_105' title='bbox 320 1330 402 1377; x_wconf 84' lang='lat' dir='ltr'><strong>est;</strong></span> <span class='ocrx_word' id='word_1_106' title='bbox 447 1326 510 1367; x_wconf 87' lang='lat' dir='ltr'><strong>bis</strong></span> <span class='ocrx_word' id='word_1_107' title='bbox 557 1327 669 1368; x_wconf 87' lang='lat' dir='ltr'><strong>enim</strong></span> <span class='ocrx_word' id='word_1_108' title='bbox 715 1331 816 1369; x_wconf 88' lang='lat' dir='ltr'><strong>tunc</strong></span> <span class='ocrx_word' id='word_1_109' title='bbox 856 1326 992 1370; x_wconf 83' lang='lat' dir='ltr'><strong>lineae</strong></span> <span class='ocrx_word' id='word_1_110' title='bbox 1031 1342 1126 1383; x_wconf 84' lang='lat' dir='ltr'><strong>pars</strong></span> <span class='ocrx_word' id='word_1_111' title='bbox 1167 1329 1211 1370; x_wconf 90' lang='lat' dir='ltr'><strong>in</strong></span> <span class='ocrx_word' id='word_1_112' title='bbox 1253 1329 1512 1383; x_wconf 85' lang='lat' dir='ltr'><strong>superiorem</strong></span> <span class='ocrx_word' id='word_1_113' title='bbox 1555 1330 1620 1370; x_wconf 85' lang='lat' dir='ltr'><strong>est</strong></span> <span class='ocrx_word' id='word_1_114' title='bbox 1662 1327 1905 1371; x_wconf 80' lang='lat' dir='ltr'><strong>transducta</strong></span> 
     </span>
     <span class='ocr_line' id='line_1_17' title="bbox 319 1395 488 1438; baseline 0 0"><span class='ocrx_word' id='word_1_115' title='bbox 319 1395 488 1438; x_wconf 84' lang='lat' dir='ltr'><strong>lincam.</strong></span> 
     </span>
    </p>
   </div>
   <div class='ocr_carea' id='block_1_3' title="bbox 316 1536 1905 2916">
    <p class='ocr_par' dir='ltr' id='par_1_6' title="bbox 321 1536 1905 1662">
     <span class='ocr_line' id='line_1_18' title="bbox 383 1536 1905 1594; baseline 0.003 -16"><span class='ocrx_word' id='word_1_116' title='bbox 383 1536 516 1579; x_wconf 67' lang='lat'>52611}</span> <span class='ocrx_word' id='word_1_117' title='bbox 552 1538 682 1580; x_wconf 85' lang='lat' dir='ltr'><strong>Avari</strong></span> <span class='ocrx_word' id='word_1_118' title='bbox 709 1537 893 1580; x_wconf 83' lang='lat' dir='ltr'><strong>hominis</strong></span> <span class='ocrx_word' id='word_1_119' title='bbox 921 1537 999 1579; x_wconf 88' lang='lat' dir='ltr'><strong>filii</strong></span> <span class='ocrx_word' id='word_1_120' title='bbox 1026 1539 1127 1581; x_wconf 84' lang='lat' dir='ltr'><strong>vivo</strong></span> <span class='ocrx_word' id='word_1_121' title='bbox 1155 1540 1284 1580; x_wconf 89' lang='lat' dir='ltr'><strong>etiam</strong></span> <span class='ocrx_word' id='word_1_122' title='bbox 1312 1542 1434 1594; x_wconf 42' lang='lat' dir='ltr'><strong>patre*</strong></span> <span class='ocrx_word' id='word_1_123' title='bbox 1457 1538 1564 1581; x_wconf 87' lang='lat' dir='ltr'><strong>bona</strong></span> <span class='ocrx_word' id='word_1_124' title='bbox 1590 1540 1681 1582; x_wconf 89' lang='lat' dir='ltr'><strong>eius</strong></span> <span class='ocrx_word' id='word_1_125' title='bbox 1708 1539 1905 1583; x_wconf 73' lang='lat' dir='ltr'><strong>furantur</strong></span> 
     </span>
     <span class='ocr_line' id='line_1_19' title="bbox 321 1606 1110 1662; baseline 0.001 -13"><span class='ocrx_word' id='word_1_126' title='bbox 321 1612 362 1650; x_wconf 90' lang='lat' dir='ltr'><strong>et</strong></span> <span class='ocrx_word' id='word_1_127' title='bbox 395 1612 614 1662; x_wconf 85' lang='lat' dir='ltr'><strong>tamquam</strong></span> <span class='ocrx_word' id='word_1_128' title='bbox 647 1606 795 1650; x_wconf 86' lang='lat' dir='ltr'><strong>alienis</strong></span> <span class='ocrx_word' id='word_1_129' title='bbox 826 1609 879 1650; x_wconf 85' lang='lat' dir='ltr'><strong>iis</strong></span> <span class='ocrx_word' id='word_1_130' title='bbox 909 1608 1110 1650; x_wconf 88' lang='lat' dir='ltr'><strong>fruuntur</strong></span> 
     </span>
    </p>

    <p class='ocr_par' dir='ltr' id='par_1_7' title="bbox 322 1677 1900 1799">
     <span class='ocr_line' id='line_1_20' title="bbox 381 1677 1900 1729; baseline 0.002 -10"><span class='ocrx_word' id='word_1_131' title='bbox 381 1677 668 1727; x_wconf 76' lang='grc' dir='ltr'><strong>μεταδιδόντες</strong></span> <span class='ocrx_word' id='word_1_132' title='bbox 693 1680 845 1729; x_wconf 80' lang='grc' dir='ltr'><em>Φίλοις,</em></span> <span class='ocrx_word' id='word_1_133' title='bbox 871 1679 1160 1726; x_wconf 70' lang='grc' dir='ltr'><strong>ἀναλίσκοντες</strong></span> <span class='ocrx_word' id='word_1_134' title='bbox 1186 1680 1240 1724; x_wconf 80' lang='grc' dir='ltr'><strong>εἰς</strong></span> <span class='ocrx_word' id='word_1_135' title='bbox 1260 1679 1476 1728; x_wconf 77' lang='grc' dir='ltr'><strong><em>ἐπιθυμίας</em></strong></span> <span class='ocrx_word' id='word_1_136' title='bbox 1506 1678 1585 1721; x_wconf 80' lang='grc' dir='ltr'><strong>ἔτι</strong></span> <span class='ocrx_word' id='word_1_137' title='bbox 1611 1679 1900 1727; x_wconf 68' lang='grc' dir='ltr'><strong><em>ἀκούοντες</em></strong></span> 
     </span>
     <span class='ocr_line' id='line_1_21' title="bbox 322 1747 816 1799; baseline 0 -9"><span class='ocrx_word' id='word_1_138' title='bbox 322 1747 399 1790; x_wconf 82' lang='grc' dir='ltr'><strong>ἔτι</strong></span> <span class='ocrx_word' id='word_1_139' title='bbox 434 1748 816 1799; x_wconf 73' lang='grc' dir='ltr'><strong><em>μανθάνοντες.</em></strong></span> 
     </span>
    </p>

    <p class='ocr_par' dir='ltr' id='par_1_8' title="bbox 316 1818 1903 2916">
     <span class='ocr_line' id='line_1_22' title="bbox 381 1818 1903 1877; baseline 0.002 -16"><span class='ocrx_word' id='word_1_140' title='bbox 381 1819 449 1861; x_wconf 86' lang='lat' dir='ltr'><strong>Sic</strong></span> <span class='ocrx_word' id='word_1_141' title='bbox 491 1818 538 1860; x_wconf 90' lang='lat' dir='ltr'><strong>B.</strong></span> <span class='ocrx_word' id='word_1_142' title='bbox 583 1818 728 1869; x_wconf 89' lang='lat' dir='ltr'><strong>edidit,</strong></span> <span class='ocrx_word' id='word_1_143' title='bbox 772 1819 928 1874; x_wconf 85' lang='lat' dir='ltr'><strong>partim</strong></span> <span class='ocrx_word' id='word_1_144' title='bbox 970 1832 1068 1860; x_wconf 92' lang='lat' dir='ltr'><strong>cum</strong></span> <span class='ocrx_word' id='word_1_145' title='bbox 1106 1818 1345 1875; x_wconf 79' lang='lat' dir='ltr'><strong>Madvigio‚</strong></span> <span class='ocrx_word' id='word_1_146' title='bbox 1388 1820 1545 1874; x_wconf 85' lang='lat' dir='ltr'><strong>partim</strong></span> <span class='ocrx_word' id='word_1_147' title='bbox 1578 1833 1676 1862; x_wconf 93' lang='lat' dir='ltr'><strong>cum</strong></span> <span class='ocrx_word' id='word_1_148' title='bbox 1709 1819 1903 1877; x_wconf 87' lang='lat' dir='ltr'><strong>Wytten-</strong></span> 
     </span>
     <span class='ocr_line' id='line_1_23' title="bbox 320 1887 1902 1944; baseline 0.002 -13"><span class='ocrx_word' id='word_1_149' title='bbox 320 1889 470 1932; x_wconf 85' lang='lat' dir='ltr'><strong>bachio</strong></span> <span class='ocrx_word' id='word_1_150' title='bbox 512 1890 585 1944; x_wconf 92' lang='lat' dir='ltr'><strong>qui</strong></span> <span class='ocrx_word' id='word_1_151' title='bbox 625 1890 712 1930; x_wconf 85' lang='lat' dir='ltr'><strong>iam</strong></span> <span class='ocrx_word' id='word_1_152' title='bbox 753 1903 828 1944; x_wconf 88' lang='lat' dir='ltr'><strong>pro</strong></span> <span class='ocrx_word' id='word_1_153' title='bbox 870 1890 1016 1931; x_wconf 87' lang='lat' dir='ltr'><strong>insano</strong></span> <span class='ocrx_word' id='word_1_154' title='bbox 1056 1891 1138 1931; x_wconf 86' lang='lat' dir='ltr'><strong>isto</strong></span> <span class='ocrx_word' id='word_1_155' title='bbox 1181 1887 1241 1930; x_wconf 75' lang='grc' dir='ltr'><strong>ὅτι</strong></span> <span class='ocrx_word' id='word_1_156' title='bbox 1287 1889 1496 1936; x_wconf 68' lang='grc' dir='ltr'><strong><em>ἀκούοντές</em></strong></span> <span class='ocrx_word' id='word_1_157' title='bbox 1532 1906 1570 1932; x_wconf 87' lang='grc' dir='ltr'><strong>τι</strong></span> <span class='ocrx_word' id='word_1_158' title='bbox 1604 1891 1848 1939; x_wconf 74' lang='grc' dir='ltr'><strong><em>μανθάνουσι</em></strong></span> <span class='ocrx_word' id='word_1_159' title='bbox 1880 1905 1902 1934; x_wconf 83' lang='lat' dir='ltr'><strong>e</strong></span> 
     </span>
     <span class='ocr_line' id='line_1_24' title="bbox 320 1958 1902 2014; baseline 0.001 -13"><span class='ocrx_word' id='word_1_160' title='bbox 320 1959 482 2002; x_wconf 87' lang='lat' dir='ltr'><strong>duobus</strong></span> <span class='ocrx_word' id='word_1_161' title='bbox 524 1958 739 2001; x_wconf 77' lang='lat' dir='ltr'><strong>codicibus</strong></span> <span class='ocrx_word' id='word_1_162' title='bbox 780 1960 939 2014; x_wconf 89' lang='lat' dir='ltr'><strong>recepit</strong></span> <span class='ocrx_word' id='word_1_163' title='bbox 979 1959 1267 2010; x_wconf 78' lang='grc' dir='ltr'><strong><em>μανθάνοντες,</em></strong></span> <span class='ocrx_word' id='word_1_164' title='bbox 1302 1959 1450 2002; x_wconf 84' lang='lat' dir='ltr'><strong>deinde</strong></span> <span class='ocrx_word' id='word_1_165' title='bbox 1482 1961 1660 2003; x_wconf 86' lang='lat' dir='ltr'><strong>coniecit</strong></span> <span class='ocrx_word' id='word_1_166' title='bbox 1691 1959 1751 2002; x_wconf 79' lang='grc' dir='ltr'><strong>ἔτι</strong></span> <span class='ocrx_word' id='word_1_167' title='bbox 1783 1960 1902 2003; x_wconf 71' lang='grc' dir='ltr'><strong><em>ἑκού-</em></strong></span> 
     </span>
     <span class='ocr_line' id='line_1_25' title="bbox 318 2029 1902 2087; baseline 0.003 -18"><span class='ocrx_word' id='word_1_168' title='bbox 318 2045 426 2076; x_wconf 86' lang='grc' dir='ltr'><strong><em>οντες</em></strong></span> <span class='ocrx_word' id='word_1_169' title='bbox 462 2029 528 2071; x_wconf 74' lang='grc' dir='ltr'><strong>καὶ</strong></span> <span class='ocrx_word' id='word_1_170' title='bbox 561 2029 849 2078; x_wconf 73' lang='grc' dir='ltr'><strong><em>μανθάνοντες.</em></strong></span> <span class='ocrx_word' id='word_1_171' title='bbox 881 2029 927 2071; x_wconf 84' lang='lat' dir='ltr'><strong>Si</strong></span> <span class='ocrx_word' id='word_1_172' title='bbox 959 2043 1060 2085; x_wconf 83' lang='lat' dir='ltr'><strong>ergo</strong></span> <span class='ocrx_word' id='word_1_173' title='bbox 1093 2029 1140 2072; x_wconf 89' lang='grc' dir='ltr'><strong>Β.</strong></span> <span class='ocrx_word' id='word_1_174' title='bbox 1175 2043 1318 2072; x_wconf 81' lang='lat' dir='ltr'><strong>veram</strong></span> <span class='ocrx_word' id='word_1_175' title='bbox 1351 2031 1540 2072; x_wconf 68' lang='lat' dir='ltr'><strong>restituit</strong></span> <span class='ocrx_word' id='word_1_176' title='bbox 1570 2031 1786 2087; x_wconf 74' lang='lat' dir='ltr'><strong>scriptoris</strong></span> <span class='ocrx_word' id='word_1_177' title='bbox 1816 2045 1902 2074; x_wconf 78' lang='lat' dir='ltr'><strong>ma-</strong></span> 
     </span>
     <span class='ocr_line' id='line_1_26' title="bbox 318 2099 1902 2158; baseline 0.002 -17"><span class='ocrx_word' id='word_1_178' title='bbox 318 2114 436 2151; x_wconf 89' lang='lat' dir='ltr'><strong>num,</strong></span> <span class='ocrx_word' id='word_1_179' title='bbox 477 2101 634 2142; x_wconf 86' lang='lat' dir='ltr'><strong>rectius</strong></span> <span class='ocrx_word' id='word_1_180' title='bbox 666 2099 732 2142; x_wconf 91' lang='lat' dir='ltr'><strong>W.</strong></span> <span class='ocrx_word' id='word_1_181' title='bbox 776 2114 904 2155; x_wconf 86' lang='lat' dir='ltr'><strong>quam</strong></span> <span class='ocrx_word' id='word_1_182' title='bbox 947 2100 1009 2141; x_wconf 91' lang='lat' dir='ltr'><strong>M.</strong></span> <span class='ocrx_word' id='word_1_183' title='bbox 1052 2100 1359 2143; x_wconf 80' lang='lat' dir='ltr'><strong>emendationis</strong></span> <span class='ocrx_word' id='word_1_184' title='bbox 1403 2105 1550 2143; x_wconf 81' lang='lat' dir='ltr'><strong>auctor</strong></span> <span class='ocrx_word' id='word_1_185' title='bbox 1582 2101 1769 2145; x_wconf 90' lang='lat' dir='ltr'><strong>dicetur:</strong></span> <span class='ocrx_word' id='word_1_186' title='bbox 1800 2102 1902 2158; x_wconf 89' lang='lat' dir='ltr'><strong>quid</strong></span> 
     </span>
     <span class='ocr_line' id='line_1_27' title="bbox 318 2169 1900 2227; baseline 0.001 -14"><span class='ocrx_word' id='word_1_187' title='bbox 318 2172 432 2213; x_wconf 87' lang='lat' dir='ltr'><strong>enim</strong></span> <span class='ocrx_word' id='word_1_188' title='bbox 464 2171 640 2212; x_wconf 84' lang='lat' dir='ltr'><strong>interest·</strong></span> <span class='ocrx_word' id='word_1_189' title='bbox 671 2173 819 2212; x_wconf 88' lang='lat' dir='ltr'><strong>utrum</strong></span> <span class='ocrx_word' id='word_1_190' title='bbox 854 2170 942 2212; x_wconf 84' lang='grc' dir='ltr'><strong><em>ἔτι.</em></strong></span> <span class='ocrx_word' id='word_1_191' title='bbox 965 2201 972 2211; x_wconf 96' lang='grc'><strong><em>.</em></strong></span> <span class='ocrx_word' id='word_1_192' title='bbox 995 2172 1095 2212; x_wconf 77' lang='grc' dir='ltr'><strong><em>,καί</em></strong></span> <span class='ocrx_word' id='word_1_193' title='bbox 1127 2184 1179 2212; x_wconf 89' lang='lat' dir='ltr'><strong>an</strong></span> <span class='ocrx_word' id='word_1_194' title='bbox 1212 2169 1271 2212; x_wconf 80' lang='grc' dir='ltr'><strong>ἔτι</strong></span> <span class='ocrx_word' id='word_1_195' title='bbox 1291 2202 1300 2213; x_wconf 91' lang='grc'><strong>.</strong></span> <span class='ocrx_word' id='word_1_196' title='bbox 1321 2203 1330 2214; x_wconf 89' lang='grc'><strong>.</strong></span> <span class='ocrx_word' id='word_1_197' title='bbox 1352 2169 1438 2212; x_wconf 80' lang='grc' dir='ltr'><strong><em>..ἔτι</em></strong></span> <span class='ocrx_word' id='word_1_198' title='bbox 1470 2169 1668 2227; x_wconf 80' lang='lat' dir='ltr'><strong>legatur?</strong></span> <span class='ocrx_word' id='word_1_199' title='bbox 1709 2170 1791 2215; x_wconf 85' lang='lat' dir='ltr'><strong>Sed</strong></span> <span class='ocrx_word' id='word_1_200' title='bbox 1822 2172 1900 2215; x_wconf 92' lang='lat' dir='ltr'><strong>hoc</strong></span> 
     </span>
     <span class='ocr_line' id='line_1_28' title="bbox 317 2240 1901 2296; baseline 0.001 -13"><span class='ocrx_word' id='word_1_201' title='bbox 317 2242 361 2283; x_wconf 89' lang='lat' dir='ltr'><strong>in</strong></span> <span class='ocrx_word' id='word_1_202' title='bbox 394 2242 591 2290; x_wconf 85' lang='lat' dir='ltr'><strong>transitu,</strong></span> <span class='ocrx_word' id='word_1_203' title='bbox 623 2244 672 2282; x_wconf 92' lang='lat' dir='ltr'><strong>ut</strong></span> <span class='ocrx_word' id='word_1_204' title='bbox 704 2240 1001 2296; x_wconf 83' lang='lat' dir='ltr'><strong>pervulgatam</strong></span> <span class='ocrx_word' id='word_1_205' title='bbox 1035 2241 1112 2283; x_wconf 86' lang='lat' dir='ltr'><strong>hac</strong></span> <span class='ocrx_word' id='word_1_206' title='bbox 1142 2244 1278 2283; x_wconf 85' lang='lat' dir='ltr'><strong>aetate</strong></span> <span class='ocrx_word' id='word_1_207' title='bbox 1311 2242 1502 2284; x_wconf 86' lang='lat' dir='ltr'><strong>virorum</strong></span> <span class='ocrx_word' id='word_1_208' title='bbox 1537 2241 1758 2284; x_wconf 91' lang='lat' dir='ltr'><strong>doctorum</strong></span> <span class='ocrx_word' id='word_1_209' title='bbox 1790 2243 1901 2285; x_wconf 81' lang='lat' dir='ltr'><strong>frau-</strong></span> 
     </span>
     <span class='ocr_line' id='line_1_29' title="bbox 318 2310 1901 2368; baseline 0.001 -15"><span class='ocrx_word' id='word_1_210' title='bbox 318 2311 414 2354; x_wconf 92' lang='lat' dir='ltr'><strong>dem</strong></span> <span class='ocrx_word' id='word_1_211' title='bbox 447 2315 603 2362; x_wconf 89' lang='lat' dir='ltr'><strong>notem,</strong></span> <span class='ocrx_word' id='word_1_212' title='bbox 636 2313 710 2367; x_wconf 94' lang='lat' dir='ltr'><strong>qui</strong></span> <span class='ocrx_word' id='word_1_213' title='bbox 741 2325 863 2367; x_wconf 85' lang='lat' dir='ltr'><strong>saepe</strong></span> <span class='ocrx_word' id='word_1_214' title='bbox 896 2326 919 2353; x_wconf 85' lang='lat' dir='ltr'><strong>a</strong></span> <span class='ocrx_word' id='word_1_215' title='bbox 951 2325 995 2353; x_wconf 91' lang='lat' dir='ltr'><strong>se</strong></span> <span class='ocrx_word' id='word_1_216' title='bbox 1025 2313 1246 2355; x_wconf 84' lang='lat' dir='ltr'><strong>inventam</strong></span> <span class='ocrx_word' id='word_1_217' title='bbox 1273 2310 1514 2368; x_wconf 83' lang='lat' dir='ltr'><strong>gloriantur</strong></span> <span class='ocrx_word' id='word_1_218' title='bbox 1545 2310 1803 2367; x_wconf 81' lang='lat' dir='ltr'><strong>praeclaram</strong></span> <span class='ocrx_word' id='word_1_219' title='bbox 1834 2326 1901 2355; x_wconf 82' lang='lat' dir='ltr'><strong>an·</strong></span> 
     </span>
     <span class='ocr_line' id='line_1_30' title="bbox 317 2381 1900 2438; baseline 0.001 -14"><span class='ocrx_word' id='word_1_220' title='bbox 317 2383 427 2437; x_wconf 90' lang='lat' dir='ltr'><strong>tiqui</strong></span> <span class='ocrx_word' id='word_1_221' title='bbox 467 2383 602 2423; x_wconf 83' lang='lat' dir='ltr'><strong>critici</strong></span> <span class='ocrx_word' id='word_1_222' title='bbox 643 2381 993 2431; x_wconf 83' lang='lat' dir='ltr'><strong>emendationem,</strong></span> <span class='ocrx_word' id='word_1_223' title='bbox 1036 2396 1162 2437; x_wconf 89' lang='lat' dir='ltr'><strong>quam</strong></span> <span class='ocrx_word' id='word_1_224' title='bbox 1204 2384 1286 2438; x_wconf 90' lang='lat' dir='ltr'><strong>ipsi</strong></span> <span class='ocrx_word' id='word_1_225' title='bbox 1329 2381 1444 2424; x_wconf 83' lang='lat' dir='ltr'><strong>facili</strong></span> <span class='ocrx_word' id='word_1_226' title='bbox 1475 2381 1617 2438; x_wconf 80' lang='lat' dir='ltr'><strong>aliqua</strong></span> <span class='ocrx_word' id='word_1_227' title='bbox 1647 2384 1900 2426; x_wconf 86' lang='lat' dir='ltr'><strong>correctione</strong></span> 
     </span>
     <span class='ocr_line' id='line_1_31' title="bbox 316 2450 1899 2508; baseline 0.001 -15"><span class='ocrx_word' id='word_1_228' title='bbox 316 2451 618 2508; x_wconf 86' lang='lat' dir='ltr'><strong>perpoliverint</strong></span> <span class='ocrx_word' id='word_1_229' title='bbox 662 2453 804 2494; x_wconf 87' lang='lat' dir='ltr'><strong>ctiam.</strong></span> <span class='ocrx_word' id='word_1_230' title='bbox 848 2452 894 2494; x_wconf 85' lang='lat' dir='ltr'><strong>Si</strong></span> <span class='ocrx_word' id='word_1_231' title='bbox 936 2466 1081 2495; x_wconf 87' lang='lat' dir='ltr'><strong>revera</strong></span> <span class='ocrx_word' id='word_1_232' title='bbox 1118 2454 1285 2508; x_wconf 86' lang='lat' dir='ltr'><strong>scripsit</strong></span> <span class='ocrx_word' id='word_1_233' title='bbox 1317 2456 1459 2494; x_wconf 86' lang='lat' dir='ltr'><strong>noster</strong></span> <span class='ocrx_word' id='word_1_234' title='bbox 1490 2450 1548 2494; x_wconf 83' lang='grc' dir='ltr'><strong>ἔτι</strong></span> <span class='ocrx_word' id='word_1_235' title='bbox 1581 2451 1808 2502; x_wconf 69' lang='grc' dir='ltr'><strong><em>ἀκούοντες,</em></strong></span> <span class='ocrx_word' id='word_1_236' title='bbox 1841 2453 1899 2495; x_wconf 82' lang='grc' dir='ltr'><strong>ἔτι</strong></span> 
     </span>
     <span class='ocr_line' id='line_1_32' title="bbox 317 2521 1899 2579; baseline 0.003 -17"><span class='ocrx_word' id='word_1_237' title='bbox 317 2522 602 2572; x_wconf 75' lang='grc' dir='ltr'><strong><em>μανθάνοντες,</em></strong></span> <span class='ocrx_word' id='word_1_238' title='bbox 632 2522 771 2565; x_wconf 87' lang='lat' dir='ltr'><strong>fucate</strong></span> <span class='ocrx_word' id='word_1_239' title='bbox 797 2522 1026 2564; x_wconf 86' lang='lat' dir='ltr'><strong>admodum</strong></span> <span class='ocrx_word' id='word_1_240' title='bbox 1053 2522 1312 2579; x_wconf 82' lang='lat' dir='ltr'><strong>significavit</strong></span> <span class='ocrx_word' id='word_1_241' title='bbox 1338 2523 1450 2565; x_wconf 86' lang='lat' dir='ltr'><strong>fures</strong></span> <span class='ocrx_word' id='word_1_242' title='bbox 1477 2521 1576 2565; x_wconf 83' lang='lat' dir='ltr'><strong>illos</strong></span> <span class='ocrx_word' id='word_1_243' title='bbox 1594 2526 1736 2565; x_wconf 79' lang='lat' dir='ltr'><strong>tenera</strong></span> <span class='ocrx_word' id='word_1_244' title='bbox 1752 2524 1899 2566; x_wconf 82' lang='lat' dir='ltr'><strong>etiam-</strong></span> 
     </span>
     <span class='ocr_line' id='line_1_33' title="bbox 317 2591 1900 2648; baseline 0.002 -15"><span class='ocrx_word' id='word_1_245' title='bbox 317 2607 428 2634; x_wconf 89' lang='lat' dir='ltr'><strong>nunc</strong></span> <span class='ocrx_word' id='word_1_246' title='bbox 470 2606 557 2634; x_wconf 82' lang='lat' dir='ltr'><strong>esse</strong></span> <span class='ocrx_word' id='word_1_247' title='bbox 595 2597 755 2635; x_wconf 84' lang='lat' dir='ltr'><strong>aetate:</strong></span> <span class='ocrx_word' id='word_1_248' title='bbox 790 2597 864 2635; x_wconf 86' lang='lat' dir='ltr'><strong>aut</strong></span> <span class='ocrx_word' id='word_1_249' title='bbox 895 2594 1024 2635; x_wconf 86' lang='lat' dir='ltr'><strong>ctiam</strong></span> <span class='ocrx_word' id='word_1_250' title='bbox 1058 2592 1209 2635; x_wconf 88' lang='lat' dir='ltr'><strong>ludum</strong></span> <span class='ocrx_word' id='word_1_251' title='bbox 1242 2593 1512 2648; x_wconf 82' lang='lat' dir='ltr'><strong>frequentant</strong></span> <span class='ocrx_word' id='word_1_252' title='bbox 1541 2591 1792 2644; x_wconf 82' lang='lat' dir='ltr'><strong>literarium,</strong></span> <span class='ocrx_word' id='word_1_253' title='bbox 1824 2597 1900 2636; x_wconf 79' lang='lat' dir='ltr'><strong>aut</strong></span> 
     </span>
     <span class='ocr_line' id='line_1_34' title="bbox 317 2663 1898 2720; baseline 0.001 -16"><span class='ocrx_word' id='word_1_254' title='bbox 317 2665 402 2704; x_wconf 88' lang='lat' dir='ltr'><strong>iam</strong></span> <span class='ocrx_word' id='word_1_255' title='bbox 445 2663 495 2704; x_wconf 88' lang='lat' dir='ltr'><strong>ad</strong></span> <span class='ocrx_word' id='word_1_256' title='bbox 538 2663 838 2719; x_wconf 84' lang='lat' dir='ltr'><strong>philosophum</strong></span> <span class='ocrx_word' id='word_1_257' title='bbox 884 2678 907 2706; x_wconf 83' lang='lat' dir='ltr'><strong>a</strong></span> <span class='ocrx_word' id='word_1_258' title='bbox 939 2667 1057 2720; x_wconf 85' lang='lat' dir='ltr'><strong>patre</strong></span> <span class='ocrx_word' id='word_1_259' title='bbox 1090 2664 1207 2706; x_wconf 83' lang='lat' dir='ltr'><strong>ducti</strong></span> <span class='ocrx_word' id='word_1_260' title='bbox 1239 2667 1340 2706; x_wconf 79' lang='lat' dir='ltr'><strong>sunt</strong></span> <span class='ocrx_word' id='word_1_261' title='bbox 1370 2663 1465 2715; x_wconf 91' lang='lat' dir='ltr'><strong>(hoc</strong></span> <span class='ocrx_word' id='word_1_262' title='bbox 1496 2665 1609 2706; x_wconf 90' lang='lat' dir='ltr'><strong>enim</strong></span> <span class='ocrx_word' id='word_1_263' title='bbox 1641 2665 1753 2706; x_wconf 85' lang='lat' dir='ltr'><strong>inter</strong></span> <span class='ocrx_word' id='word_1_264' title='bbox 1783 2665 1898 2707; x_wconf 71' lang='grc' dir='ltr'><strong><em>οἱκού-</em></strong></span> 
     </span>
     <span class='ocr_line' id='line_1_35' title="bbox 317 2733 1899 2789; baseline 0.003 -17"><span class='ocrx_word' id='word_1_265' title='bbox 317 2749 424 2777; x_wconf 72' lang='grc' dir='ltr'><strong><em>οντες</em></strong></span> <span class='ocrx_word' id='word_1_266' title='bbox 458 2738 498 2775; x_wconf 92' lang='lat' dir='ltr'><strong>et</strong></span> <span class='ocrx_word' id='word_1_267' title='bbox 530 2733 799 2783; x_wconf 77' lang='grc' dir='ltr'><strong><em>μανθάνοντες</em></strong></span> <span class='ocrx_word' id='word_1_268' title='bbox 834 2736 1035 2777; x_wconf 83' lang='lat' dir='ltr'><strong>interesse</strong></span> <span class='ocrx_word' id='word_1_269' title='bbox 1062 2735 1334 2789; x_wconf 83' lang='lat' dir='ltr'><strong>putaverim).</strong></span> <span class='ocrx_word' id='word_1_270' title='bbox 1367 2733 1477 2776; x_wconf 83' lang='lat' dir='ltr'><strong>Tum</strong></span> <span class='ocrx_word' id='word_1_271' title='bbox 1509 2733 1623 2776; x_wconf 80' lang='lat' dir='ltr'><strong>haud</strong></span> <span class='ocrx_word' id='word_1_272' title='bbox 1655 2733 1766 2776; x_wconf 81' lang='lat' dir='ltr'><strong>male</strong></span> <span class='ocrx_word' id='word_1_273' title='bbox 1797 2734 1899 2777; x_wconf 85' lang='lat' dir='ltr'><strong>haec</strong></span> 
     </span>
     <span class='ocr_line' id='line_1_36' title="bbox 318 2802 1898 2858; baseline 0.002 -14"><span class='ocrx_word' id='word_1_274' title='bbox 318 2808 611 2858; x_wconf 87' lang='lat' dir='ltr'><strong>opponuntur:</strong></span> <span class='ocrx_word' id='word_1_275' title='bbox 645 2802 744 2845; x_wconf 75' lang='grc' dir='ltr'><strong><em>ὅταν</em></strong></span> <span class='ocrx_word' id='word_1_276' title='bbox 778 2804 810 2845; x_wconf 79' lang='grc' dir='ltr'><strong>δ’</strong></span> <span class='ocrx_word' id='word_1_277' title='bbox 844 2805 1120 2847; x_wconf 71' lang='grc' dir='ltr'><strong><em>ἀποθανόντων</em></strong></span> <span class='ocrx_word' id='word_1_278' title='bbox 1153 2807 1227 2851; x_wconf 77' lang='grc' dir='ltr'><strong>τὰς</strong></span> <span class='ocrx_word' id='word_1_279' title='bbox 1264 2810 1375 2852; x_wconf 82' lang='grc' dir='ltr'><strong><em>κλεῖς</em></strong></span> <span class='ocrx_word' id='word_1_280' title='bbox 1407 2803 1701 2856; x_wconf 79' lang='grc' dir='ltr'><strong><em>παραλάβωσι.</em></strong></span> <span class='ocrx_word' id='word_1_281' title='bbox 1749 2803 1898 2847; x_wconf 81' lang='lat' dir='ltr'><strong>Metuo</strong></span> 
     </span>
     <span class='ocr_line' id='line_1_37' title="bbox 318 2876 643 2916; baseline 0.006 -2"><span class='ocrx_word' id='word_1_282' title='bbox 318 2878 456 2915; x_wconf 85' lang='lat' dir='ltr'><strong>tamen</strong></span> <span class='ocrx_word' id='word_1_283' title='bbox 489 2876 643 2916; x_wconf 85' lang='lat' dir='ltr'><strong>omnia.</strong></span> 
     </span>
    </p>
   </div>
  </div>
 </body>
</html>
