2002 3372
870 207 926 252 67

162 325 246 384 Qu'i
284 329 365 374 hoo
404 328 582 374 dicunt?
621 329 744 374 Nulli
780 331 825 372 in
858 330 1205 387 praecedentibus
1239 335 1339 374 sunt
1370 332 1695 374 commemorati

101 395 154 446 ad
185 412 292 459 quos
319 400 432 445 illud
465 401 631 454 λέγουσι
665 400 754 445 ullo
785 401 934 444 referri
966 402 1091 446 modo
1122 405 1270 460 possit.
1309 402 1403 460 Ipse
1434 402 1694 447 Plutarchus

99 471 455 517 hancreummam
486 487 538 516 ex
569 471 710 517 allatis
740 473 907 516 conficit
940 474 1158 531 exemplis.
1194 474 1440 518 Dubiumne
1471 489 1574 532 ergo
1605 489 1694 518 esse

98 546 241 603 potest
270 545 377 602 quin
408 547 523 588 recte
554 545 734 596 λέγομεν
766 558 841 602 pro
873 545 1039 596 λέγουσι
1072 548 1297 590 coniecerit
1326 545 1558 590 Reiskius?

158 613 217 660 83
234 614 270 660 E
317 614 460 661 Oitato
490 615 683 660 Platonis
715 615 766 659 de
798 618 976 660 somniis
1007 619 1182 675 tyranni
1212 617 1320 672 loco,
1353 617 1570 675 allatoque
1596 617 1696 661 Stil-

96 688 219 745 ponis
249 701 348 731 cum
380 687 583 745 Neptuno
614 687 827 745 colloquio
859 689 919 731 sic
946 689 1030 732 fere
1057 693 1199 732 noster
1224 690 1333 733 hanc
1360 693 1526 747 partem
1554 690 1695 748 dispu-

46 783 47 786 =
94 759 272 803 tationis
314 758 554 803 concludit:
598 761 695 811 „aio
739 773 841 820 ergo
884 757 984 814 (οὖν)
1027 775 1210 817 quorum
1255 765 1343 805 tam
1387 767 1487 805 sunt
1528 761 1695 819 placida

46 843 47 846 ’
95 831 262 874 somnia
284 839 432 888 'quam
473 822 557 874 fu‘it
597 830 707 874 illud
749 830 969 888 Stilponis,
1012 846 1082 875 eos
1125 833 1273 876 fecisse
1311 847 1586 891 progressum
1619 835 1694 890 qui

96 901 411 960 quodammodo
440 915 493 946 ex
522 903 627 959 ipsis
660 903 838 946 somniis
869 901 1180 959 resplendescat
1208 907 1299 958 (τῆς
1329 910 1532 956 προκοπῆς
1561 908 1693 947 inav-

51 968 53 970 ’
96 974 291 1026 raynonis
334 991 449 1021 τινας
493 971 626 1028 εἶναι),
659 979 703 1018 at
736 976 810 1031 qui
843 979 964 1018 nocte
996 975 1100 1018 diris
1133 977 1409 1032 perturbatur
1440 974 1693 1034 spectaculis

94 1045 156 1089 sic
198 1045 272 1089 dat
302 1044 607 1089 documentum
643 1060 686 1088 se
718 1045 909 1088 nondum
942 1048 1159 1103 propriam
1193 1047 1274 1090 sibi
1306 1047 1452 1090 fecisse
1485 1050 1693 1091 virtutem

92 1115 167 1160 sed
207 1116 384 1161 formari
425 1118 557 1160 etiam
598 1116 869 1174 opinionibus
912 1120 954 1160 et
996 1117 1180 1175 legibus,
1224 1119 1380 1174 quibus
1418 1133 1494 1175 per
1524 1124 1691 1162 noctem

90 1186 259 1232 solutus
299 1201 449 1231 rursus
490 1190 535 1231 in
579 1190 813 1245 pristinum
854 1193 1017 1231 statum
1060 1188 1320 1232 relabatur''.
1362 1189 1444 1233 Sed
1476 1196 1692 1247 praeterea

93 1258 198 1303 haec
228 1258 467 1303 adduntur:

155 1333 295 1374 ταῦτα
328 1330 404 1381 μὲν
436 1329 501 1374 οὖν
533 1330 822 1374 συνεπισκόπει
855 1331 923 1374 καὶ
959 1331 1097 1384 αὐτός,
1132 1331 1212 1375 εἴτε
1241 1338 1443 1384 προκοπῆς
1473 1333 1580 1375 ἐστιν
1608 1332 1691 1376 εἴτε

94 1401 200 1460 ιιζιιιὸις
242 1400 360 1454 ἕξεως
406 1402 478 1453 ἤδη
520 1402 785 1454 βεβαιότητα
827 1403 896 1445 καὶ
941 1403 1085 1455 κράτος
1126 1403 1298 1455 ἐχούσης
1333 1404 1398 1446 ἐπὶ
1433 1410 1515 1451 τοῖς
1549 1404 1687 1455 λόγοις

36 1479 38 1483 ’
93 1472 326 1516 ἀσάλευτον

93 1547 138 1588 et
167 1547 264 1588 tum
297 1543 480 1602 denique
512 1544 565 1588 ad
595 1543 680 1588 alia
712 1547 866 1588 transit
896 1546 1001 1598 (ἐπεὶ
1037 1546 1111 1598 δέ).

155 1615 258 1660 Fuit
297 1629 397 1660 eum
438 1620 635 1674 putarem
677 1616 748 1660 hic
789 1631 873 1660 non
907 1616 1191 1660 Plutarchum
1221 1615 1342 1674 loqui
1373 1617 1446 1660 sed
1478 1631 1502 1660 a
1533 1617 1689 1662 lectore

91 1701 193 1732 eum
223 1686 489 1746 interpellari
520 1689 595 1745 qui
627 1702 710 1731 non
734 1689 950 1745 profectus
981 1690 1063 1731 ista
1097 1702 1186 1731 esse
1214 1690 1338 1746 signa
1365 1689 1590 1732 contendat
1617 1689 1690 1732 sed

36 1775 37 1778 ¹
90 1760 247 1804 mentis
271 1761 360 1803 iam
386 1772 518 1817 paene
545 1759 767 1816 perfectae,
800 1764 947 1816 utpote
973 1773 1079 1817 quae
1097 1760 1148 1802 ad
1166 1759 1415 1803 firmitatem
1433 1763 1687 1817 pervenerit.

90 1829 175 1875 Sed
205 1831 384 1876 fortasse
417 1835 552 1875 semet
581 1832 727 1888 ipsum
759 1830 1016 1874 Plutarchus
1047 1833 1107 1875 sic
1140 1833 1341 1889 corrigit:
1377 1834 1539 1884 „immo
1571 1847 1687 1885 vero,

89 1903 181 1960 ipse
220 1901 438 1947 considera
479 1915 618 1945 annon
650 1903 736 1946 sint
768 1904 926 1946 mentis
957 1903 1060 1946 haec
1091 1905 1232 1946 maius
1265 1902 1429 1960 aliquid
1462 1918 1590 1961 quam
1624 1908 1690 1948 est

90 1986 340 2032 progressus
386 1973 680 2018 consecutae''.
730 1975 871 2031 Atque
918 1974 970 2017 ad
1018 1977 1158 2018 maius
1204 1974 1316 2017 illud
1363 1975 1688 2019 describendum

89 2046 232 2089 utitur
260 2047 454 2104 imagine
483 2046 620 2098 navis,
653 2059 761 2102 quae
789 2047 834 2088 in
861 2046 1014 2089 mediis
1041 2045 1243 2089 fluct-ibus
1270 2051 1414 2089 manet
1440 2048 1688 2090 inconcussa

89 2116 372 2172 (ἀσάλευτον).
416 2118 529 2175 Apta
570 2118 759 2174 profecto
790 2119 938 2174 imago
970 2121 1013 2161 et
1045 2132 1158 2160 nunc
1191 2132 1358 2175 quoque
1391 2119 1685 2161 usitatissima.

43 2217 45 2219 ·
88 2187 171 2232 Sed
202 2203 338 2232 unum
370 2189 440 2232 hic
472 2189 654 2232 verbum
686 2203 768 2232 non
801 2203 1016 2246 concoquo
1050 2188 1204 2240 λόγοις.
1239 2189 1353 2242 Quae
1381 2193 1444 2232 est
1471 2191 1586 2233 enim
1611 2189 1688 2233 illa

90 2261 248 2304 mentis
279 2260 469 2304 condicio
501 2274 609 2317 quae
643 2260 708 2302 ἐπὶ
743 2265 828 2308 τοῖς
862 2261 1002 2311 λόγοις
1034 2262 1335 2304 inconcussum
1368 2261 1495 2304 habet
1527 2260 1686 2305 robur?

36 2370 37 2374 ,
89 2330 355 2389 Praepositio
399 2332 467 2374 ἐπί
509 2331 765 2375 documento
806 2336 870 2375 est
911 2347 1009 2375 cum
1053 2333 1244 2389 imagine
1286 2333 1406 2376 nobis
1447 2347 1536 2375 rem
1571 2347 1684 2376 esse:

90 2402 455 2461 quemadmodum
481 2401 618 2446 solida
644 2404 767 2446 navis
796 2403 862 2444 ἐπὶ
891 2408 975 2451 τοῖς
1004 2403 1159 2454 κύμασι
1187 2405 1435 2447 inconcussa
1451 2409 1609 2456 manet,
1627 2405 1686 2448 sic

60 2486 61 2490 ’
89 2486 211 2518 mens
237 2475 442 2532 sapientis
470 2476 618 2517 manet
641 2475 890 2517 inconcussa
918 2475 982 2516 ε’π)
1013 2480 1095 2522 τοῖς
1126 2475 1284 2526 κύμασι
1313 2478 1382 2517 τοῦ
1410 2475 1503 2526 βίον
1520 2474 1592 2518 vel
1609 2480 1686 2517 τῶν

37 2597 59 2606 ι,
87 2544 214 2600 ἔργων
241 2545 312 2590 vel
338 2545 457 2590 aliud
484 2544 587 2603 quid
611 2547 656 2588 in
684 2545 859 2588 eandem
888 2547 1156 2589 sententiam.
1191 2545 1391 2603 Suspicor
1417 2561 1519 2603 ergo
1546 2547 1682 2598 λόγοις

85 2618 308 2676 irrepsisse
323 2618 369 2661 in
387 2616 586 2660 vocabuli
604 2617 735 2669 ἔργοις
752 2616 820 2659 vel
837 2617 1021 2661 alicuius
1038 2618 1139 2661 huic
1156 2619 1328 2675 cognati
1345 2617 1501 2669 locum,
1521 2617 1589 2661 vel
1606 2633 1682 2675 pro

38 2683 39 2686 Ἰ
87 2693 174 2738 τοῒς
200 2687 340 2741 λόγοις
365 2687 598 2746 legendum
628 2701 717 2730 esse
745 2693 836 2734 ταῖς
866 2688 1074 2739 πράξεσιν.
1108 2687 1173 2733 Cf.
1202 2689 1260 2732 84
1278 2689 1312 2731 Β
1340 2688 1431 2734 τοὺς
1460 2688 1606 2740 λέγους
1624 2692 1682 2739 μὴ

42 2755 46 2758 ’
85 2758 233 2812 λόγους
262 2759 333 2802 ε’ὃὶν
352 2760 469 2802 ἄλλο),
489 2757 657 2808 προέξεις
677 2765 803 2801 ποιεῖν
821 2763 864 2802 et
881 2759 938 2803 85
958 2760 994 2803 A
1012 2759 1259 2814 βαδίζοντας
1281 2760 1345 2802 ἐπὶ
1366 2759 1533 2811 πράξεις
1554 2777 1682 2809 τινας.

145 2828 256 2875 840
305 2830 429 2883 „Non
469 2829 629 2873 iudicio
669 2834 889 2874 contentos
931 2846 1005 2875 nos
1047 2846 1137 2875 esse
1178 2835 1346 2888 oportet
1388 2831 1457 2874 sed
1493 2831 1544 2875 ad
1578 2847 1684 2890 opus

87 2900 197 2946 illud
237 2901 508 2946 transferre”.
551 2901 675 2944 Hanc
716 2904 972 2946 sententiam
1005 2904 1064 2947 sic
1094 2902 1308 2946 illustrat:
1345 2905 1502 2954 „ceteri
1534 2918 1681 2948 omnes

38 2975 41 2978 “
87 2973 409 3019 admirabantur
439 2972 738 3016 tantummodo
770 2972 982 3018 Miltiadis
1014 2975 1276 3020 virtutem’':
