2002 3372
1080 224 1167 267 224

1994 302 2002 351 ’ἑ

393 346 448 388 Et
480 348 543 387 est
575 345 751 386 Paccius
783 346 922 385 orator
954 357 1182 400 amansque
1214 345 1451 388 literarum.
1487 345 1635 388 Nonne
1666 347 1739 402 qui
1770 347 1810 389 ei
1840 345 1917 389 ali·
1999 386 2002 390 Α

333 417 434 472 quid
481 430 531 458 ex
579 414 667 456 illis
714 414 872 469 profert
914 413 1068 457 similis
1109 419 1173 458 est
1214 415 1414 472 prudenti
1453 415 1522 458 illi
1564 418 1670 467 viro,
1694 418 1787 472 vqui
1817 430 1916 460 cum

332 488 517 529 amicum
562 483 787 527 offenderet
828 485 1021 540 graviter
1061 486 1235 538 iratum,
1279 488 1426 528 statim
1467 500 1566 528 eum
1607 485 1793 542 placaret
1823 500 1917 530 con-

330 558 463 599 versis
505 557 548 597 in
582 568 801 611 gemmam
834 554 1047 610 quandam
1080 555 1228 608 oculis,
1262 571 1389 613 quam
1422 557 1473 599 ab
1506 556 1584 600 illo
1617 558 1796 600 maximi
1829 556 1919 599 fieri

330 630 596 683 cognoverat.
638 624 722 667 Hic
763 638 863 667 vero
895 624 1073 682 legenda
1105 627 1358 682 praebentur
1389 628 1539 670 Paccio
1570 626 1709 671 multa
1739 640 1846 684 quae
1878 628 1918 670 ei

331 697 446 739 cordi
487 710 575 738 esse
618 694 808 745 debeant,
852 709 1042 751 quaeque
1081 696 1212 738 simul
1255 711 1383 753 quam
1425 699 1612 740 maxime
1651 697 1781 740 huius
1804 700 1915 740 sunt

330 768 546 823 temporis.
574 765 788 822 Egregius
814 766 1001 821 profecto
1029 766 1098 809 hic
1123 770 1335 820 mentium
1362 767 1551 811 medicus
1578 771 1642 810 est
1666 769 1741 824 qui
1766 767 1913 811 liberis

329 838 479 880 orbum
528 835 688 879 solatur
735 836 942 892 exemplis
984 837 1159 880 Romuli
1201 842 1243 880 et
1284 838 1451 881 Numae
1493 837 1712 894 Pompilii,
1753 839 1828 895 qui
1870 841 1914 881 et

328 909 411 964 ipsi
454 908 544 950 orbi
587 911 686 949 sunt
732 909 904 949 mortui.
938 907 1058 949 Nihil
1088 907 1176 950 illis
1209 922 1273 951 ex·
1293 910 1467 964 antiqua
1500 909 1677 952 historia
1708 907 1914 965 exemplis

329 980 472 1021 notius
499 979 592 1020 viro
619 979 664 1019 in
691 977 905 1034 republica
934 982 1098 1021 versato
1127 982 1253 1034 atque
1281 981 1424 1031 etiam,
1452 982 1501 1021 ut
1527 980 1687 1035 opinor,
1715 980 1760 1022 in
1778 978 1915 1030 Livio,

330 1047 525 1105 Virgilio,
559 1046 766 1090 Varrone!
801 1047 937 1100 Quam
970 1048 1182 1104 praeclare
1214 1049 1284 1092 hic
1314 1051 1427 1091 inter
1453 1063 1497 1091 se
1523 1053 1804 1106 opponuntur·
1819 1049 1919 1092 Per-

330 1133 441 1170 seus,
484 1119 562 1174 qui.
599 1118 694 1160 ideo
736 1120 864 1160 miser
902 1123 964 1160 est
998 1118 1197 1162 dicendus
1229 1121 1328 1176 quia
1359 1121 1588 1175 imperium
1621 1119 1768 1162 amisit
1797 1132 1918 1162 neco-

329 1191 473 1246 pinato
504 1193 547 1231 et
573 1188 783 1231 Aemilius
808 1189 971 1232 Paulus
999 1191 1072 1245 qui
1099 1189 1281 1232 libenter
1307 1204 1435 1232 suum
1463 1191 1694 1246 imperium
1720 1188 1916 1248 deposuit

330 1262 429 1317 quia
461 1274 650 1302 annuum
683 1259 792 1302 illud
826 1275 915 1303 esse
942 1259 1080 1303 multo
1112 1265 1209 1303 ante
1242 1265 1429 1304 noverat.
1462 1261 1565 1313 Quis
1597 1275 1785 1318 unquam
1811 1262 1917 1318 apti-

330 1344 446 1373 orem
482 1344 558 1372 suo
591 1331 808 1386 proposito
840 1345 891 1372 ex
923 1330 1111 1373 Homero
1144 1329 1294 1374 attulit
1324 1330 1467 1374 locum
1499 1345 1626 1387 quam
1659 1330 1914 1375 Plutarchus

324 1414 503 1444 ‘narrans
536 1401 702 1456 quando
733 1400 909 1458 Ulysses
942 1403 1175 1444 immotum
1203 1404 1382 1446 servarit
1408 1401 1582 1446 vultum
1609 1405 1652 1445 et
1677 1401 1843 1459 quando
1868 1403 1914 1445 in

330 1471 478 1514 fletum
511 1473 711 1527 eruperit.

391 1541 583 1597 Denique
631 1556 713 1584 non
760 1546 822 1584 est
870 1544 915 1584 in
962 1542 1254 1599 philosophiae
1303 1543 1482 1586 historia
1525 1543 1677 1601 hospes
1722 1543 1912 1587 Paccius.

331 1612 568 1655 Possuntne
606 1627 687 1655 non
721 1627 894 1656 movere
926 1627 1025 1655 eum
1059 1617 1282 1670 praecepta
1314 1613 1390 1656 illa
1421 1613 1472 1656 de
1503 1613 1823 1658 contemnendis
1853 1627 1917 1657 re-

329 1682 409 1724 bus
456 1682 508 1724 ad
555 1685 772 1725 externam
820 1683 1007 1725 hominis
1054 1685 1366 1739 pertinentibus
1413 1683 1721 1737 conditionem
1775 1698 1911 1728 nonne

330 1753 597 1796 confirmabit
628 1767 728 1796 eum
760 1755 1017 1796 conscientia
1048 1755 1210 1797 virium
1241 1753 1430 1807 illarum,
1463 1769 1570 1811 quae
1599 1757 1645 1798 in
1671 1758 1813 1798 mente
1837 1768 1914 1798 sua

330 1838 441 1866 nunc
466 1822 623 1865 lateant
648 1824 823 1866 fortasse
850 1824 922 1866 sed
947 1826 992 1866 in
1018 1824 1158 1867 lucem
1186 1825 1377 1881 protrahi
1404 1829 1447 1867 et
1473 1827 1636 1881 possint
1649 1829 1692 1869 et
1708 1823 1913 1869 debeant?

329 1894 386 1935 Et
426 1907 525 1935 cum
569 1893 741 1936 tandem
783 1893 835 1935 ad
875 1893 1140 1950 praeclarum
1181 1894 1312 1937 illum
1342 1897 1538 1951 pervenit
1567 1894 1712 1939 locum
1742 1895 1794 1939 de
1825 1896 1914 1938 vita

329 1964 528 2014 hominis,
573 1963 651 2006 Dei
683 1962 858 2019 templo,
890 1965 932 2006 in
967 1978 1051 2020 quo
1084 1964 1337 2008 mortalibus
1367 1967 1527 2009 versari
1558 1980 1641 2009 non
1672 1965 1797 2009 liceat
1827 1966 1913 2008 nisi

329 2033 457 2077 vultu
488 2033 615 2076 hilari
648 2037 691 2076 et
717 2036 859 2077 animo
890 2038 1027 2091 grato,
1059 2049 1197 2078 nonne
1228 2039 1323 2078 tum
1354 2050 1397 2079 se
1430 2037 1560 2093 erigit
1591 2040 1634 2079 et
1666 2036 1797 2089 bonae
1819 2037 1912 2093 spei

328 2103 479 2159 plenus
511 2103 770 2146 curriculum
804 2118 931 2146 suum
965 2119 1131 2148 currere
1162 2104 1333 2162 pergit?

393 2174 477 2224 „At
508 2174 610 2216 haec
642 2176 785 2216 omnia
816 2174 1073 2218 Plutarchus
1099 2175 1348 2232 compilavit
1375 2190 1424 2219 ex
1457 2208 1466 2217 .
1487 2208 1496 2218 .
1517 2208 1526 2219 .
1547 2176 1585 2218 .'’
1616 2176 1790 2220 Facesse
1815 2177 1915 2220 hinc

328 2244 505 2287 moleste
546 2244 851 2301 interpellator,
896 2259 1049 2302 meque
1093 2245 1373 2289 Plutarchum
1415 2260 1562 2290 meum
1600 2246 1842 2305 intelligere
1871 2247 1917 2290 id

329 2320 393 2358 est
425 2315 625 2366 admirari
657 2319 813 2372 patere.
1869 2315 1871 2317 ’

389 2385 452 2428 De
483 2387 576 2441 ipso
609 2386 758 2428 Paccio
786 2386 887 2428 haec
914 2385 1039 2437 addo3
1070 2385 1162 2429 272³
1185 2386 1293 2429 illud
1322 2401 1477 2430 nomen
1502 2388 1546 2430 in
1569 2389 1915 2445 inscriptionibus

328 2455 504 2512 legitur,
539 2456 611 2498 sed
643 2455 764 2499 nulla
795 2470 942 2499 earum
975 2457 1207 2513 quidquam
1241 2471 1316 2500 nos
1349 2457 1470 2500 docet
1501 2458 1552 2502 de
1583 2460 1744 2502 maiore
1771 2457 1913 2515 aliquo

330 2528 588 2582 magistratu
632 2540 758 2582 quem
800 2532 933 2568 noster
974 2529 1154 2583 gesserit
1195 2528 1385 2570 Paccius.
1428 2528 1524 2571 Non
1557 2529 1756 2575 videntur
1785 2530 1916 2572 fuisse

330 2597 522 2639 homines
548 2610 728 2653 magnae
754 2598 798 2639 in
826 2597 1040 2653 republica
1063 2599 1343 2641 auctoritatis.
1373 2598 1682 2655 Antiquissima
1697 2601 1916 2656 inscriptio

331 2668 447 2719 (anni
491 2666 547 2709 66
591 2681 614 2709 a
658 2665 777 2719 Chr.)
819 2671 1125 2710 commemorat
1157 2668 1204 2710 L.
1239 2668 1442 2710 Lutatiana
1473 2669 1658 2712 Paccium
1692 2670 1913 2712 tharas-ium

330 2738 378 2778 de
400 2737 578 2791 familia
611 2737 710 2791 Bey.
740 2737 990 2779 Mitredates.
1024 2738 1170 2793 Neque
1196 2743 1355 2780 senator
1379 2738 1454 2782 ille
1483 2739 1658 2782 Paccius
1673 2740 1910 2792 Africanus,

330 2808 403 2862 qui
436 2821 472 2849 a.
494 2806 550 2849 70
582 2812 803 2863 tamquam
834 2809 909 2863 qui
940 2807 1101 2851 delator
1131 2808 1261 2850 fuerit
1290 2810 1525 2865 imperante
1551 2809 1729 2862 Nerone,
1763 2814 1912 2854 senatu

330 2880 529 2920 movetur
560 2891 694 2933 neque
727 2876 981 2920 Corbulonis
1013 2880 1203 2921 centurio
1229 2879 1405 2921 Paccius
1432 2878 1604 2931 Orfitus,
1632 2882 1706 2937 qui
1732 2882 1914 2936 pessime

331 2961 421 2989 rem
454 2949 599 3003 gessit,
633 2961 887 3003 magnopere
913 2950 1054 3004 gentis
1082 2953 1242 3005 augent
1270 2949 1407 2992 decus.
1442 2949 1534 2994 Hoc
1560 2965 1727 3007 quoque
1753 2950 1914 2994 aceedit
