2002 3372
918 915 1206 971 CAPUT
1248 915 1350 971 XI.

1011 1123 1270 1130 —.—-.-—.-.-

909 1291 964 1321 m:
998 1290 1239 1322 COHIBENDA
1271 1291 1357 1321 IRA.

402 1423 672 1466 Utilissimus
703 1421 772 1463 hic
806 1419 979 1463 libellus
1011 1420 1390 1475 suavissimusque,
1425 1421 1546 1462 cuius
1577 1425 1803 1476 patronum
1834 1434 1925 1464 esse

343 1494 482 1537 voluit
522 1492 780 1535 Plutarchus
821 1491 1066 1533 Minucium
1106 1490 1360 1532 Fundanum
1403 1491 1544 1533 virum
1589 1505 1770 1547 magnae
1815 1492 1926 1534 inter

343 1566 541 1607 Romanos
571 1564 860 1606 auctoritatis:
903 1562 1016 1603 hunc
1049 1563 1164 1603 enim
1193 1561 1255 1603 ibi
1284 1561 1450 1604 inducit
1481 1560 1794 1618 colloquentem
1825 1575 1923 1604 cum

342 1635 487 1677 Sextio
542 1632 664 1676 Sulla
718 1632 1062 1687 Carthaginiensi
1115 1635 1158 1673 et
1210 1632 1430 1674 civitatem
1477 1631 1710 1675 Romanam
1757 1631 1925 1688 adepto.

343 1704 485 1748 Sullae
517 1703 745 1746 Fundanus
779 1703 952 1758 exponit
983 1715 1066 1757 quo
1098 1701 1223 1744 modo
1255 1715 1306 1744 ex
1336 1701 1538 1744 iracundo
1565 1716 1795 1759 asperoque
1818 1700 1926 1745 lenis

342 1777 398 1817 sit
437 1775 575 1817 factus
616 1776 949 1828 mansuetusque
989 1785 1166 1827 eamque
1205 1785 1296 1814 rem
1329 1775 1418 1814 tam
1451 1776 1641 1815 accurate
1671 1773 1846 1829 exponit
1877 1775 1926 1815 ut

341 1844 514 1888 libellus
547 1846 620 1900 qui
651 1845 775 1886 initio
807 1841 1068 1898 colloquium
1101 1842 1184 1883 fuit
1215 1846 1335 1884 exeat
1365 1843 1410 1883 in
1436 1841 1767 1897 disputationem
1795 1842 1926 1886 solius

343 1915 535 1957 Fundani
580 1915 630 1956 de
673 1913 903 1956 cohibenda
943 1914 1019 1954 ira.
1062 1911 1175 1954 Bene
1216 1915 1342 1954 notus
1383 1912 1452 1954 hic
1492 1913 1612 1955 nobis
1641 1912 1872 1956 Fundanus
1904 1927 1926 1956 e

343 1985 477 2027 Plinii
508 1984 711 2043 epistolis.
744 1983 811 2026 Ad
837 1982 966 2025 illum
994 1985 1058 2024 est
1082 1981 1346 2038 lepidissima
1372 1981 1447 2025 illa
1472 1982 1605 2025 Plinii
1631 1983 1810 2040 epistola
1835 1983 1868 2036 I,
1899 1983 1925 2026 9

345 2069 427 2110 qua
469 2055 783 2097 demonstratur
814 2055 888 2109 qui
918 2052 992 2095 fiat
1024 2056 1072 2094 ut
1103 2054 1148 2094 in
1179 2053 1295 2104 urbe,
1329 2051 1674 2096 futilissimarum
1704 2053 1830 2110 plena
1859 2068 1925 2098 oc-

345 2127 634 2180 cupationum,
679 2123 948 2180 singulorum
987 2122 1153 2165 dierum
1194 2124 1304 2165 ratio
1346 2126 1520 2175 constet,
1562 2123 1801 2167 multorum
1842 2139 1925 2168 non

346 2199 520 2237 constet.
563 2194 659 2251 Epl.
700 2194 770 2245 IV,
806 2193 860 2236 15
900 2192 1067 2235 Plinius
1110 2207 1134 2235 a
1176 2192 1393 2244 Fundano,
1437 2207 1564 2249 quem
1604 2195 1649 2236 in
1679 2195 1925 2250 proximum

336 2280 504 2310 ,annum
533 2264 748 2308 consulem
775 2267 965 2307 creatum
989 2264 1044 2305 iri
1070 2267 1319 2319 auguratur,
1343 2265 1452 2318 petit
1471 2266 1529 2310 ,ut
1553 2264 1634 2306 sibi
1660 2267 1926 2320 quaestorem

345 2340 534 2378 assumat
559 2336 758 2377 Asinium
787 2334 980 2384 Bassum,
1006 2332 1125 2375 illius
1152 2332 1274 2375 Bassi
1299 2332 1438 2375 filium
1465 2335 1539 2389 qui
1565 2337 1608 2376 et
1629 2333 1774 2377 Tacito
1789 2336 1927 2377 amico

346 2403 507 2448 utatur.
550 2404 645 2460 Epl.
678 2405 727 2456 V,
774 2404 826 2446 16
867 2403 1048 2447 eundem
1089 2404 1244 2445 amissa
1285 2402 1416 2446 filiola
1459 2405 1625 2446 tristem
1669 2403 1924 2447 consolatur.

346 2475 537 2532 Epistola
579 2476 751 2518 demum
795 2474 864 2525 VI,
901 2474 926 2516 6
968 2472 1150 2515 eundem
1182 2477 1304 2529 rogat
1335 2477 1384 2515 ut
1415 2487 1459 2516 se
1490 2473 1662 2517 adiuvet
1695 2476 1928 2517 enitentem

346 2552 395 2589 ut
427 2547 561 2590 Iulius
591 2548 703 2590 Naso
733 2548 935 2589 honorem
970 2558 1096 2600 quem
1129 2545 1236 2600 petit
1255 2544 1470 2587 obtineat.
1505 2545 1834 2596 „Permultum”
1867 2547 1928 2588 ait

348 2620 551 2669 „interest
583 2632 676 2660 mea
709 2621 750 2660 te
782 2620 1006 2664 ostentare,
1038 2618 1179 2657 tecum
1211 2615 1478 2658 circumire''.
1515 2615 1628 2658 Hinc
1660 2615 1927 2672 aliquatenus

345 2687 630 2744 intelligimus
672 2701 900 2743 quamnam
932 2685 1009 2728 illo
1042 2688 1231 2740 tempore
1265 2685 1508 2741 philosophi
1539 2684 1690 2729 Graeci
1719 2685 1926 2730 librorum

346 2772 521 2800 suorum
553 2760 597 2800 in
628 2757 768 2800 lucem
797 2757 1054 2800 edendorum
1081 2756 1165 2797 sint
1193 2756 1327 2797 secuti
1352 2757 1573 2798 rationem.
1605 2755 1786 2798 Prorsus
1811 2758 1926 2799 enim

346 2828 492 2870 eodem
533 2828 671 2880 modo,
719 2842 800 2884 quo
843 2827 1010 2880 Plinius
1053 2825 1232 2867 Nasonis
1275 2828 1502 2880 patronum
1544 2826 1632 2867 fieri
1672 2825 1924 2869 Fundanum

347 2902 530 2954 exoptat,
574 2898 829 2940 Plutarchus
871 2896 1052 2939 eundem
1085 2894 1211 2937 illum
1244 2895 1498 2938 Fundanum
1530 2896 1597 2937 sui
1626 2894 1760 2939 libelli
1791 2900 1928 2952 patro-

347 2982 450 3009 num
483 2968 569 3010 fore
602 2972 754 3024 sperat.
787 2968 934 3022 Neque
967 2967 1137 3015 frustra,
1170 2969 1219 3007 ut
1252 2967 1410 3020 opinor,
1439 2969 1590 3021 sperat.
1623 2965 1787 3022 Insigni
1813 2968 1926 3008 enim
