2002 3372
1071 266 1156 309 346

390 390 500 435 Cum
541 389 687 432 eodem
729 387 956 444 legendum
999 392 1063 430 est
1103 389 1206 430 ἀπὸ
1253 388 1504 439 μηρίνθου
1545 388 1783 432 σπασθέντα
1821 402 1897 445 pro

330 462 408 504 ὑπὸ
439 461 630 511 σύριγγος
659 463 701 502 et
728 458 972 509 ἀναβλέψαι
1000 459 1147 512 σχεδὸν
1179 459 1253 501 ἐπ’
1285 461 1451 503 αὐτοῦ
1484 462 1553 502 τοῦ
1583 458 1796 510 μνήματος
1825 472 1900 516 pro

330 548 395 574 υπ
439 546 615 573 auram

1012 832 1068 863 nn
1098 822 1219 864 rA'ro.

383 953 510 996 Hunc
549 952 706 996 librum
751 954 824 1008 qui
865 954 1028 1009 primus
1060 953 1288 996 Plutarcho
1320 954 1503 996 obtrusit
1533 967 1705 1010 operam
1736 953 1899 999 dedisse

324 1024 495 1066 videtur
526 1029 576 1066 ut
607 1037 734 1080 quam
767 1024 1024 1066 firmissimis
1055 1038 1154 1067 eum
1187 1025 1375 1068 muniret
1405 1023 1725 1069 sustentaculis:
1755 1026 1901 1082 posuit

323 1095 438 1138 enim
467 1095 579 1137 inter
609 1093 767 1136 librum
799 1095 847 1136 de
877 1094 971 1136 Sera
1001 1094 1190 1137 Numinis
1228 1094 1418 1137 Vindicta
1448 1098 1491 1138 et
1515 1094 1676 1139 librum
1696 1096 1757 1141 (da
1775 1095 1899 1139 Genio

323 1165 507 1216 Socratis,
549 1179 731 1221 quorum
771 1164 845 1208 ille
875 1179 1090 1208 summam
1121 1165 1381 1222 philosophi,
1415 1167 1485 1208 cui
1517 1164 1733 1222 theologia
1763 1164 1900 1222 philo-

323 1236 494 1292 sophiae
534 1235 644 1287 finis,
676 1237 863 1278 continet
892 1236 1143 1290 sapientiam,
1177 1237 1258 1288 hic,
1290 1236 1334 1278 id
1367 1235 1479 1292 quod
1512 1250 1612 1279 mox
1643 1235 1898 1288 videbimus,

323 1320 421 1363 prae
447 1307 596 1349 ceteris
623 1307 821 1349 omnibus
845 1306 1066 1349 Plutarchi
1090 1306 1210 1350 libris
1236 1310 1419 1362 quantus
1444 1305 1519 1349 ille
1539 1306 1668 1350 fuerit
1690 1306 1900 1351 scribendi

323 1376 682 1434 componendique
723 1377 879 1433 artifex
921 1376 1116 1420 ostendit.
1160 1377 1242 1420 Sed
1281 1376 1390 1419 nihil
1425 1377 1649 1433 impostori
1679 1375 1800 1420 dolus
1830 1376 1900 1419 hic

322 1448 481 1504 profuit
491 1462 502 1500 ;
535 1461 660 1490 nemo
693 1449 821 1499 enim,
854 1451 1064 1504 quantum
1095 1449 1194 1499 scio,
1227 1447 1350 1491 hasce
1383 1446 1636 1504 quisquilias
1665 1445 1898 1499 Plutarcho

322 1518 522 1562 vindicat.
567 1518 727 1571 Quodsi
758 1520 853 1575 quis
886 1523 1060 1574 quaerat
1091 1533 1210 1562 rarus
1240 1517 1316 1561 ille
1346 1520 1458 1561 inter
1487 1519 1602 1562 viros
1633 1517 1774 1562 doctos
1803 1531 1899 1562 con-

322 1603 468 1632 sensus
513 1589 623 1632 unde
669 1592 794 1631 natus
834 1591 903 1640 sit,
946 1590 990 1631 in
1030 1594 1232 1645 promptu
1275 1593 1339 1632 est
1378 1588 1627 1645 respondere
1669 1588 1814 1639 hiatus
1841 1589 1898 1632 in

322 1674 447 1704 causa
477 1673 588 1703 esse:
621 1660 696 1703 hos
726 1662 840 1703 enim
872 1660 1100 1703 homuncio
1130 1662 1210 1703 iste
1237 1675 1318 1703 non
1346 1660 1491 1702 vitasse
1516 1659 1585 1703 sed
1614 1659 1665 1703 de
1690 1658 1899 1703 industria

322 1732 579 1787 quaesivisse
609 1730 792 1774 videtur.
825 1730 929 1774 Vide
960 1733 1082 1783 mihi,
1115 1737 1164 1774 ut
1194 1746 1244 1775 ex
1270 1732 1504 1774 innumeris
1529 1729 1736 1788 exemplis
1761 1745 1897 1774 unum

321 1801 504 1853 afferam,
545 1800 687 1844 hiulca
726 1801 828 1844 haec
865 1801 1079 1858 simulque
1119 1803 1384 1858 ineptissima
1416 1800 1613 1854 <571D):
1648 1800 1713 1843 ἐπὶ
1746 1807 1796 1854 τῇ
1827 1801 1898 1843 ἀν-

322 1872 486 1925 θρωπίνῃ
519 1872 618 1924 ὁρμῇ
651 1871 944 1923 ὑποτέτακται,
977 1866 995 1913 ὃ
1028 1871 1075 1919 δὴ
1108 1872 1177 1923 ἐφ’
1210 1873 1305 1921 ἡμῖν
1337 1872 1422 1915 κτὲ.

381 1941 538 1994 Quodsi
578 1955 725 1985 revera
755 1943 817 1984 ita
847 1956 890 1984 se
921 1957 986 1985 res
1017 1943 1157 1994 habet,
1190 1944 1297 1986 mire
1328 1957 1439 1985 nunc
1472 1942 1699 1994 „externa”
1733 1945 1777 1986 et
1809 1943 1898 1994 „in-

320 2013 466 2056 terna”
499 2016 750 2068 argumenta
781 2014 892 2056 inter
920 2027 963 2055 se
990 2014 1230 2056 concinunt.
1263 2013 1366 2066 Quis
1393 2014 1506 2056 enim
1534 2014 1610 2069 qui
1635 2013 1761 2067 legere
1784 2012 1896 2056 hunc

320 2083 478 2126 librum
519 2087 683 2125 conatus
723 2088 786 2126 est
828 2097 852 2125 a
892 2083 1123 2126 Plutarcho
1154 2085 1361 2140 scriptum
1394 2083 1559 2127 credere
1589 2081 1756 2140 potest?
1786 2081 1897 2128 Cum

319 2152 659 2196 anti-Plutarcho
700 2153 882 2209 quodam
914 2155 1058 2209 potius
1090 2155 1210 2196 nobis
1241 2169 1306 2197 res
1338 2168 1426 2197 esse
1458 2154 1641 2198 videtur.
1676 2153 1822 2198 'Palem
1853 2168 1896 2198 se

319 2225 406 2266 iam
437 2225 482 2265 in
512 2225 603 2280 ipso
635 2223 775 2280 prodit
807 2225 955 2267 initio:

378 2295 434 2336 τὰ
476 2295 564 2347 περὶ
607 2300 679 2343 τῆς
721 2295 969 2347 εἱμαρμένης
1011 2295 1180 2338 δοκοῦνθ’
1215 2297 1326 2347 ἡμῖν,
1367 2296 1420 2342 ὦς
1462 2292 1538 2338 οἶόν
1569 2312 1613 2339 τε
1647 2298 1792 2348 σαφῶς
1822 2293 1894 2338 καὶ

319 2363 524 2415 συντόμως
565 2364 813 2418 πειράσομαι
857 2366 1093 2409 ἐπιστεῖλαί
1124 2382 1197 2418 σοι,
1229 2367 1476 2420 φίλτατε
1508 2366 1726 2417 Πείσων,
1758 2364 1893 2413 ἐπειδὴ

319 2436 367 2478 σὺ
410 2437 522 2478 τοῦτ’
561 2435 734 2488 ἠξίωσας
778 2438 848 2480 οὐκ
890 2438 1044 2487 ἀγνοῶν
1086 2431 1138 2485 ἣν
1170 2436 1274 2490 ἔχω
1308 2436 1432 2489 πρὸς
1463 2436 1520 2480 τὸ
1551 2437 1790 2490 γράφειν
1821 2436 1895 2479 εὐ-

318 2506 569 2556 λάβειαν.

378 2578 543 2621 Imitari
585 2593 629 2621 se
670 2579 834 2621 simulat
875 2578 1176 2635 ludimagister
1215 2578 1510 2630 Plutarchum,
1543 2592 1642 2622 cum
1670 2579 1783 2621 inter
1814 2578 1894 2622 Ro-

318 2663 462 2691 manos
493 2648 657 2692 nobiles
688 2652 966 2706 potentesque
998 2650 1080 2692 sibi
1110 2650 1221 2692 fetus
1254 2651 1322 2692 sui
1352 2653 1576 2705 patronum
1608 2650 1784 2705 quaerit,
1821 2649 1894 2693 sed

318 2719 448 2762 simul
479 2722 762 2777 perstringere
792 2720 963 2764 videtur
988 2719 1109 2763 illam
1137 2721 1482 2771 συγγραμμάτων
1509 2719 1697 2773 ἀπειρίαν
1721 2723 1894 2776 propter

317 2803 444 2844 quam
462 2794 605 2845 postea
621 2790 903 2834 Plutarchum
921 2791 1264 2846 Favorinumque
1281 2790 1383 2833 adeo
1399 2794 1462 2833 est
1478 2790 1710 2834 admiratus
1725 2789 1891 2835 Suidas.

377 2861 431 2902 Et
461 2860 751 2917 ludimagistri
783 2876 931 2904 vocem
964 2860 1189 2904 stridulam
1217 2875 1348 2917 usque
1380 2861 1601 2906 audimus:
1635 2861 1800 2911 „Antea
1825 2875 1892 2904 ex-

318 2932 462 2985 posui;
502 2945 613 2973 nunc
655 2931 832 2984 doceb03
877 2933 977 2975 haec
1018 2934 1062 2974 in
1103 2933 1351 2975 universum
1394 2932 1507 2975 dicta
1541 2934 1688 2983 sunto3
1721 2930 1891 2987 singula

317 3014 416 3042 mox
445 3003 679 3043 accurat-ius
706 3002 935 3053 tractab0’',
962 3002 1064 3045 haec
1088 3016 1253 3058 quaque
1279 3003 1434 3058 pagina
1460 3001 1512 3045 ad
1537 3015 1737 3046 nauseam
1757 3015 1890 3060 usque
