2002 3372
887 201 970 244 121

192 319 335 370 200³}ss
383 302 679 380 ἐκπεμφθέντα
713 324 748 368 δ’
780 324 904 368 αὐτὸν
939 326 1015 369 ὑπὸ
1049 331 1121 375 τῆς
1155 327 1310 378 βουλῆς
1344 327 1475 380 τρίτον
1508 327 1593 371 κτὲ.

191 395 437 455 'l'ranspone
468 401 519 447 ut
549 396 625 440 fiat
655 395 788 450 τρίτον
819 395 958 440 αὐτόν.

190 514 347 568 902A'
377 523 490 569 Cum
523 517 728 568 Metellus
758 523 811 567 de
840 524 1011 581 impetu
1041 525 1086 567 in
1120 538 1260 568 arcem
1293 524 1508 582 quandam
1539 526 1728 570 hostium

127 595 322 642 faciendo
353 586 622 647 deliberaret,
656 596 848 639 centurio
880 595 1055 653 quidam
1088 596 1226 639 aiebat

190 668 242 717 ὥς
275 667 348 711 ἐὰν
380 666 480 711 δέκα
514 667 659 717 μόνους
693 667 897 722 ἀποβάλῃ
931 667 1116 721 λήψεται
1148 667 1194 710 τὸ
1227 667 1387 721 χωρίον.

127 763 130 766 <
190 733 304 783 Tum
335 737 565 783 Metellus:
599 738 781 796 „ecquid
814 740 905 796 ipse
936 753 1049 782 unus
1080 753 1227 783 eorum
1261 753 1350 783 esse
1382 738 1504 783 vis?''

123 825 153 835 ‘>
179 809 439 855 >Absurdum
476 805 542 853 est
573 809 712 853 dicere
744 811 945 866 quamvis
976 813 1124 867 paucis
1155 810 1369 854 militibus
1401 812 1557 854 amissis
1587 811 1729 856 locum

12 869 14 880 ’
50 909 54 912 ·
122 871 369 940 'expugnari
408 895 546 940 posse.
590 882 740 939 Neque
773 895 880 940 opus
912 886 1004 925 erat
1035 884 1330 926 centurionem
1362 897 1512 941 rogare
1549 883 1730 928 velletne

124 954 174 998 in
205 964 366 998 eorum
407 967 499 997 esse
538 967 730 997 numero.
777 953 882 1007 Quis
913 954 1028 996 enim
1064 953 1162 997 vult
1185 952 1354 1008 perire?
1387 954 1637 1012 Legendum
1668 970 1730 999 ar-

128 1025 286 1070 bitror}
329 1025 534 1080 ἄπολάχῃ
563 1029 615 1069 ut
645 1026 725 1069 hoc
758 1026 870 1069 dicat
903 1027 1119 1069 centurio:
1151 1030 1241 1070 tam
1272 1028 1424 1084 ignavi
1455 1033 1556 1070 eunt
1586 1029 1730 1071 hostes

126 1085 170 1142 et
210 1100 300 1141 tam
343 1097 476 1142 fortes
518 1098 586 1140 tui
626 1096 790 1140 milites
830 1100 880 1140 ut
912 1096 1058 1140 decem
1092 1111 1255 1149 eorum,
1293 1113 1389 1154 quos
1419 1103 1524 1141 sorte
1552 1099 1730 1151 duxeris,

126 1169 230 1213 huic
260 1183 383 1227 pares
415 1170 503 1212 sint
535 1170 731 1226 negoti0;
767 1183 821 1212 ne
842 1169 1001 1230 ,eliqere
1033 1168 1206 1226 quidem
1240 1183 1347 1226 opus
1379 1173 1457 1214 est.

187 1305 278 1350 203
296 1305 335 1349 D
377 1305 612 1364 Pompeius
638 1306 923 1350 Mamertinos
949 1302 1025 1354 οἶός
1056 1322 1102 1348 τε
1131 1303 1175 1355 ἦν
1203 1305 1495 1358 ἀποσφάττειν
1520 1304 1732 1353 ἅπαντας.

127 1377 335 1435 Sequitur
378 1376 455 1421 illa
500 1379 689 1421 narratio
737 1391 866 1434 quam
913 1376 1174 1420 Plutarchus
1215 1379 1261 1420 in
1304 1376 1470 1420 deliciis
1512 1377 1642 1420 habet
1683 1378 1735 1421 de

129 1449 308 1494 Sthenio
338 1463 510 1494 omnem
543 1448 716 1506 culpam
747 1450 793 1492 in
825 1463 869 1491 se
902 1452 1187 1493 convertente.
1221 1448 1339 1506 Lege
1365 1444 1441 1495 οἶος
1469 1446 1533 1498 ἦνε
1563 1448 1735 1492 volebat

134 1526 334 1573 mactare,
365 1522 413 1564 in
444 1535 493 1565 eo
523 1524 616 1565 erat
645 1524 696 1564 ut
727 1523 949 1564 mactaret.

190 1647 330 1694 206F
379 1649 502 1701 „Non
542 1649 718 1692 metuo’'
763 1650 824 1691 sic
856 1647 927 1691 hic
959 1647 1138 1704 loquens
1168 1647 1390 1690 inducitur
1420 1645 1575 1691 Caesar
1609 1647 1730 1699 „robe

128 1721 366 1773 βαναύσους
398 1720 467 1763 καὶ
501 1722 743 1770 λιτῶνταςς
763 1719 880 1762 ἀλλὰ
914 1718 1006 1767 τοὺς
1042 1718 1207 1772 ἰσχνοὺς
1244 1719 1313 1762 καὶ
1351 1719 1550 1773 ὦχρούς”.

184 1791 301 1846 Quid
338 1793 384 1843 in
425 1790 660 1842 βαναύσους
703 1789 838 1834 lateat
874 1792 1032 1841 nescio,
1065 1792 1110 1833 in
1144 1790 1241 1834 Vita
1273 1794 1338 1834 est
1371 1795 1528 1845 παχεῖς
1564 1790 1634 1833 καὶ
1670 1807 1733 1832 κσ-

123 1868 306 1916 μῶντας.
341 1863 408 1907 An
439 1863 501 1907 sic
531 1862 738 1906 Latinum
769 1863 943 1906 urbanos
975 1860 1198 1906 redditur?

184 1991 243 2035 ib.
286 1989 548 2035 Octavianus
577 1988 785 2033 ’Λντώνιον
814 1989 968 2043 α”πῄτει
996 1988 1210 2042 δισχιλίας
1234 1988 1510 2036 πεντακοσίας
1527 1988 1729 2039 μυριάδας

124 2066 197 2113 τοῦ
239 2063 397 2118 πρώτου
435 2062 640 2115 Καίσαρος
675 2060 952 2113 ἀναιρεθέντος
989 2061 1034 2102 ἐκ
1067 2066 1143 2109 τῆς
1176 2060 1305 2108 οἰκίας
1338 2058 1388 2108 ἃς
1425 2060 1520 2113 πρὸς
1554 2060 1678 2104 αὑτὸν
1712 2060 1729 2102 o‘

126 2128 338 2183 Ἀντώνιος
369 2134 640 2187 μετήνεγκεν.

123 2197 349 2250 ”Locum
390 2205 576 2262 turpiter
617 2203 899 2261 depravatum
932 2205 1047 2246 certa
1079 2202 1375 2246 emendatione
1405 2217 1551 2247 sanare
1583 2217 1730 2260 possu-

123 2290 251 2338 ‚must
293 2291 371 2335 pro
408 2277 534 2324 οἰκίας
570 2275 769 2334 legamus
801 2275 940 2323 οὐσίας
977 2278 1021 2317 et
1050 2275 1133 2317 ista
1165 2274 1210 2323 ἐκ
1243 2280 1314 2324 τῆς
1348 2274 1488 2322 οὐσίας
1522 2289 1731 2331 ponamus

126 2354 241 2398 ante·
262 2351 340 2402 >rav
374 2350 545 2401 πρώτου.
590 2346 761 2392 Gertam
797 2345 1138 2391 emendationem
1173 2360 1262 2389 esse
1295 2346 1521 2389 manifesto
1554 2350 1731 2403 apparet

106 2406 150 2475 'Je
190 2420 291 2466 Vita
331 2419 548 2466 Ciceronis
595 2433 631 2463 c.
676 2417 734 2461 43
783 2419 828 2461 in
875 2417 982 2461 fine:
1030 2414 1081 2466 ἃς
1125 2418 1335 2466 Ἀντώνιος
1386 2417 1430 2460 ἐκ
1473 2423 1544 2466 τῆς
1588 2417 1727 2465 οὐσίας

126 2497 341 2547 κατεῖχεν.

623 2711 1001 2747 APOPH'PHRGMATA
1031 2711 1244 2745 LACONIGA

129 2815 134 2820 ⁵
181 2814 347 2876 Eadem
379 2834 444 2875 est
477 2831 656 2874 huiusce
688 2828 825 2873 libelli
858 2832 987 2885 atque
1021 2828 1313 2885 praecedentis
1345 2807 1469 2878 ratio,
1503 2831 1728 2883 excerptus

122 2906 188 2948 est
219 2917 243 2947 e
274 2903 407 2947 variis
439 2904 544 2947 vitis
577 2901 650 2945 sed
683 2901 858 2944 fortasse
892 2899 1162 2957 compilatori
1195 2913 1295 2956 prae
1325 2898 1524 2942 manibus
1556 2898 1729 2941 fuerunt

126 2978 326 3032 excerpta
367 2988 475 3032 quae
516 2976 608 3031 ipse
651 2972 911 3016 Plutarchus
953 2973 1123 3016 fecerat.
1167 2971 1316 3015 Sermo
1349 2974 1393 3014 et
1424 2971 1466 3013 in
1501 2970 1579 3014 hoc
1611 2973 1653 3013 et
1683 2971 1727 3013 in
