1930 3354
1002 249 1089 293 682

254 372 445 415 invenire
485 372 582 422 viri,
625 370 675 414 de
715 370 896 414 summis
938 370 1065 415 rebus
1093 383 1201 427 quae
1232 371 1362 428 longo
1393 371 1829 430 strenuoqueimentis

254 441 394 485 labore
424 443 468 484 in
499 455 625 484 suum
658 445 958 498 congesserant
989 445 1136 498 pectus
1167 443 1386 486 enuntiare
1416 443 1647 488 studentes.
1674 442 1829 495 Infecit

255 513 333 555 hoc
374 526 462 555 esse
503 513 594 556 veri
635 511 822 568 theologi
864 525 970 567 opus
1003 516 1050 555 ut
1080 526 1246 569 semper
1277 526 1299 555 e
1330 515 1599 558 caerimoniis
1623 517 1672 559 et
1695 513 1753 565 de
1778 528 1828 559 1-6

252 596 366 625 sacra
406 582 730 633 narrationibus,
772 595 877 639 quae
918 587 1085 626 nostrae
1126 583 1278 626 aetatis
1318 585 1507 627 moribus
1536 586 1635 630 iam
1655 598 1828 645 nem-30·

252 654 497 710 spondeant,
538 667 589 696 ea
630 657 750 696 eruat
782 667 888 710 quae
918 654 1004 696 sint
1033 653 1179 697 divina
1210 658 1462 711 aeternaque
1493 655 1631 701 omnis
1648 656 1827 713 ‘pietatis

251 723 536 767 fundamenta.
563 722 709 766 'Palem
736 738 782 766 se
807 723 1062 767 Plutarchus
1089 738 1178 767 esse
1200 724 1462 769 demonstrat
1484 725 1638 772 diserte
1654 725 1824 777 domne:

254 795 371 846 „dira
411 796 493 837 ista
533 798 574 837 et
615 794 813 846 crudelia,
856 809 962 851 quae
1002 794 1128 838 hebet
1166 794 1480 852 Aegyptiorum
1521 795 1826 858 religio,s,eieut

251 869 350 908 sunt
379 865 535 907 tradita
565 867 751 921 accipere
782 866 967 921 impium
999 865 1097 909 sit’a
1130 865 1243 909 Nam
1274 865 1375 910 licet
1405 880 1617 924 nusquam
1644 867 1824 925 idipsis

250 935 432 979 declaret
457 936 608 987 verbis,
640 936 719 979 hoc
746 938 878 979 totius
904 936 1004 979 libri
1031 941 1094 979 est
1120 939 1824 996 argumentum:.„vereezpietatie

249 1012 312 1050 est
352 1010 462 1049 recte
502 1005 743 1063 intelligere
773 1010 899 1063 atque
930 1008 1164 1063 perspicere
1196 1009 1397 1064 pietatem
1427 1007 1589 1065 populi,
1621 1009 1701 1066 qni
1723 1020 1824 1058 snos

249 1077 346 1120 deos
388 1091 436 1119 ea
476 1076 578 1120 colit
619 1077 823 1134 religione
864 1083 975 1134 quae
1012 1077 1134 1120 nobis
1176 1092 1298 1135 saepe
1326 1078 1506 1123 absurda
1536 1078 1733 1127 videatur
1760 1080 1824 1125 in·

248 1147 473 1204 sanaque'ffl

307 1217 378 1260 Sic
407 1216 544 1268 Gleae,
576 1219 910 1274 sapientissimae
941 1217 1125 1271 mulieri,
1158 1219 1227 1262 cui
1261 1219 1475 1264 dedicatus
1504 1224 1598 1272 est,
1611 1218 1739 1270 libet!
1749 1217 1823 1270 hic

246 1290 418 1345 egregie
458 1288 655 1344 prodesse
694 1290 836 1345 potuit
875 1292 915 1332 et
954 1293 1091 1345 potest
1121 1291 1364 1333 etiamnunc
1396 1289 1562 1335 multis
1574 1290 1822 1340 :hominbus

246 1372 435 1402 summas
467 1373 532 1402 res
563 1373 731 1402 summa
761 1362 940 1403 tractare
972 1362 1130 1416 pietate
1160 1360 1441 1416 cupientibus.

307 1429 496 1472 Prodesse
521 1429 706 1473 docendo
731 1429 829 1473 vult
854 1430 1110 1474 Plutarchus
1138 1435 1182 1474 et
1206 1431 1325 1475 docto
1351 1430 1431 1477 hoc
1454 1429 1563 1476 libro
1589 1433 1666 1490 qni-
1674 1433 1820 1489 ptimo

246 1505 416 1556 aspectu
462 1498 524 1542 nil
567 1502 647 1543 nisi
688 1501 985 1557 compendium
1018 1503 1335 1558 Antiquitatum
1368 1503 1728 1560 Aegyptiarum
1753 1502 1821 1553 di-

245 1572 442 1614 vinarum
486 1571 657 1615 videtur
697 1576 741 1615 et
776 1572 887 1624 aliis,
917 1587 1098 1629 quorum
1129 1573 1295 1617 nullum
1330 1573 1446 1618 aliud
1474 1589 1564 1619 esse
1590 1573 1820 1626 consilinm

245 1641 358 1684 dicas
401 1643 484 1684 nisi
515 1643 593 1685 hoc
625 1647 675 1685 ut
703 1645 894 1699 quaestio
921 1644 1123 1700 quaedam
1158 1646 1477 1689 intricatissima
1509 1645 1698 1703 undique
1723 1644 1820 1694 illu?

244 1717 402 1755 stretur
425 1712 805 1770 perpendatnrque.
832 1714 982 1771 Legite
1009 1715 1129 1766 mihi,
1157 1720 1204 1758 ut
1220 1730 1243 1758 e
1259 1715 1452 1772 pluribus
1469 1715 1573 1760 duos
1588 1717 1816 1770 nominem,

242 1787 470 1826 tractatum
515 1785 565 1826 de
591 1784 717 1839 facie
747 1784 792 1827 in
822 1786 912 1827 orbe
940 1785 1060 1828 lunae
1089 1790 1215 1842 atque
1245 1785 1371 1830 illum
1402 1788 1451 1830 de
1471 1787 1607 1842 primo
1625 1786 1816 1844 frigidm

243 1855 466 1911 utrobique
490 1854 715 1898 hominum
742 1857 945 1912 pietatem
973 1870 1200 1913 veramque
1227 1856 1475 1901 felicitatem
1500 1860 1681 1916 spectari
1688 1857 1817 1906 facile

242 1927 491 1982 agnoscetis.
551 1964 554 1966 ,
1331 1950 1334 1954 -
1684 1956 1686 1965 Α
1712 1960 1713 1964 ,

301 1996 457 2048 Quodsi
487 1998 581 2052 quis
613 2001 786 2053 quaerat
817 2012 948 2055 quam
980 1997 1290 2055 philosophiam
1321 1999 1411 2055 ipse
1436 1997 1715 2047 Plutarchus
1710 1965 1816 2057 pro-

240 2066 422 2117 fiteatur,
464 2081 538 2123 pro
580 2082 776 2124 responso
817 2068 988 2112 Horatii
1019 2068 1145 2112 illum
1175 2069 1365 2114 afferrem
1397 2083 1593 2115 versum:
1626 2069 1816 2122 ,nulline

240 2137 431 2180 addictus
461 2139 599 2180 iurare
628 2140 673 2181 in
708 2139 835 2182 verba
867 2139 1094 2196 magistri”
1100 2172 1111 2190 ,
1142 2141 1226 2182 nisi
1259 2172 1268 2184 .
1288 2171 1297 2184 .
1317 2172 1326 2183 .
1359 2144 1522 2184 vetar-et
1545 2139 1813 2189 Plutarchus.

239 2208 370 2264 Saepe
401 2210 515 2251 enim
547 2208 776 2252 admodum
811 2210 964 2253 diserte
995 2225 1039 2253 se
1070 2211 1333 2255 Academicis
1358 2211 1619 2257 adnumerat.
1651 2213 1710 2258 At.
1731 2227 1814 2259 non

238 2292 323 2321 nna
362 2278 588 2322 Academia
630 2285 694 2322 est
735 2280 807 2323 sed
850 2279 993 2336 plures
1034 2295 1213 2337 quarum
1257 2296 1337 2339 ego
1368 2281 1598 2327 Plutarcho
1625 2284 1814 2329 maxime

238 2348 444 2405 placuisse
475 2364 583 2400 eam,
617 2364 723 2406 quae
754 2351 885 2394 simul
915 2355 979 2394 est
1010 2353 1305 2408 antiquissima
1335 2358 1377 2396 et
1399 2355 1704 2407 recentissima,
1730 2368 1813 2399 non

239 2421 327 2462 sine
369 2419 515 2463 idonea
546 2421 653 2464 mihi
688 2423 892 2465 conficere
923 2422 1068 2468 ¹videor
1097 2436 1235 2467 causa.
1268 2423 1402 2476 Quem
1428 2425 1703 2481 antiquorum
1734 2424 1813 2472 Bor

237 2505 459 2534 manorum
492 2493 632 2549 magis
663 2494 706 2535 iu
739 2492 901 2536 deliciis
934 2493 1083 2537 habuit
1112 2493 1368 2537 Plutarchus
1396 2508 1529 2551 quam
1554 2493 1811 2542 Lucullum?

236 2561 346 2604 Nam
378 2564 549 2619 egregie
579 2562 653 2606 ille
681 2562 1038 2607 Chaeronensium
1064 2566 1106 2607 in
1133 2567 1387 2622 gravissimo
1414 2565 1600 2622 periculo
1619 2565 1810 2621 ‘defendit

237 2646 419 2684 causam,
467 2635 709 2690 optimeque
751 2636 929 2678 meritus
971 2640 1036 2678 est
1083 2635 1134 2678 de
1179 2634 1355 2679 Graecis
1394 2636 1810 2685 studiorumfflcausa

236 2702 416 2746 Romam
457 2703 737 2755 affluent-ibus,
777 2705 1171 2761 munificentiaeque
1197 2719 1305 2762 erga
1335 2705 1430 2750 illos
1457 2709 1506 2751 et
1534 2706 1809 2764 benignitatis

236 2773 498 2828 praeclarum
540 2774 655 2817 dedit
695 2775 940 2831 exemplum
982 2776 1150 2820 futurae
1190 2778 1341 2820 aetatis
1381 2779 1483 2821 vir-:is
1517 2777 1741 2823 nobilibus
1766 2782 1809 2822 et

235 2843 459 2899 opulentis,
491 2844 563 2887 sed
595 2850 808 2902 praeterea
841 2845 1064 2903 amplexus
1093 2850 1157 2890 est
1185 2846 1306 2890 illam
1339 2847 1646 2904 philosophiam
1678 2862 1808 2904 quam

235 2919 327 2955 tum
376 2914 549 2958 docebat
597 2916 831 2959 Antiochus
855 2908 1131 2960 Ascalonita.
1173 2917 1341 2960 ,Sensim
1388 2919 1503 2961 enim
1549 2917 1603 2961 ad
1641 2930 1805 2963 menam

235 2985 394 3039 scepsin
421 2990 463 3027 et
485 2985 534 3028 de
562 2987 759 3029 omnibus
785 2987 908 3030 rebus
935 2987 1245 3032 dubitationem
1271 2987 1545 3044 dclepsaerat
1561 2988 1803 3042 Academia-5
