2002 3372
1094 245 1178 289 130

345 369 537 422 ἐχούσας,
570 370 742 421 αἰσχροῦ
773 368 1015 418 Φαντασίαν
1046 369 1104 419 μὴ
1137 369 1352 419 ὑπομεῖναι
1385 368 1480 419 μηδ’
1514 368 1690 420 ἐνεγκεῖν
1723 368 1923 422 αἰσχύνης

342 441 454 490 μετὰ
485 439 655 482 θάνατον
689 438 891 489 ἐσομένης.

400 510 496 553 Non
534 510 755 552 cohaerent
795 509 910 560 haec,
953 509 1025 552 sed
1067 510 1206 551 exime
1245 509 1362 551 istud
1394 509 1519 565 plane
1550 508 1704 552 inutile
1735 509 1923 564 αἰσχροῦ,

341 580 635 623 sententiolam
670 580 844 622 habebis
874 578 1135 636 lepidissime
1167 583 1392 623 tornatam.

401 650 447 692 In
489 654 658 694 textum
702 654 889 706 receptas
932 651 1119 706 oportuit
1161 651 1237 693 has
1279 650 1613 693 emendationes:
1660 649 1745 694 251
1765 650 1803 693 D
1835 651 1924 694 ἐπε-

340 722 530 773 φαίνοντο
562 735 636 777 pro
670 721 912 773 ἐπεφέροντο
945 719 1142 774 (Cobeti),
1176 720 1263 763 253
1283 719 1316 764 G
1351 722 1454 773 αὐτῇ
1488 735 1564 776 pro
1596 720 1707 773 αὐτῷ
1734 720 1922 775 (Dinsii),

339 791 479 834 ταῦτα
510 806 585 848 pro
617 795 770 842 ταῦτα,
807 790 942 834 deleto
975 789 1094 841 ὅμοια
1127 789 1325 844 (Cobeti),
1361 790 1500 834 253ss
1534 792 1662 839 αὐτῆς
1691 805 1768 848 pro
1795 793 1922 841 αὐτην

338 861 562 915 (editoris),
606 861 748 905 254A
792 861 902 914 ἤρετο
946 876 1022 918 pro
1065 862 1204 904 ἐνενόει
1246 860 1441 915 (Cobeti),
1486 860 1624 905 2540
1666 860 1791 916 [ἔχων
1833 862 1924 918 καὶ]

339 932 657 984 πεπιστευμένος
691 932 821 984 ἔρυμα
853 931 1050 985 (Cobeti),
1085 931 1224 975 254]ss
1258 934 1324 975 καὶ
1362 933 1592 984 θεασαμένη
1619 934 1845 987 (insertum
1871 933 1924 976 ab

339 1004 530 1057 editore),
579 1003 665 1046 255
692 1002 725 1047 O
771 1002 1023 1054 ἐξεκαλεσαν
1065 1018 1141 1059 pro
1185 1002 1486 1053 ἐξεκαλέσαντο
1530 1002 1732 1056 (Cobeti),
1781 1002 1924 1047 2551)

339 1075 575 1126 κατέλαβον
602 1089 677 1130 pro
705 1074 989 1125 κατελάβοντο
1018 1073 1238 1127 (editoris),
1266 1074 1405 1117 258Ε
1434 1075 1618 1128 [ἀμαθὴς
1635 1075 1724 1130 καὶ]
1742 1074 1923 1127 α’κρατής

338 1144 539 1198 (Cobeti),
571 1144 655 1188 261
675 1145 709 1186 F
742 1147 873 1195 κομᾶν
907 1159 982 1200 pro
1015 1144 1162 1194 κόμαις
1197 1144 1312 1197 (Μ.).

399 1280 537 1324 2580
584 1280 768 1338 Cognito
799 1295 1014 1325 venenum
1047 1295 1089 1323 se
1123 1280 1276 1323 bibisse
1308 1284 1515 1336 tyrannus
1551 1280 1682 1331 ἐπέβη
1717 1280 1792 1330 μὲν
1824 1279 1924 1333 ὀχή-

340 1367 469 1400 ματος
514 1353 563 1398 ὡς
607 1351 721 1404 σάλῳ
764 1353 833 1393 καὶ
879 1352 1069 1404 τιναγμῷ
1111 1350 1375 1404 χρησόμενος,
1409 1350 1551 1402 ἐξέστη
1585 1349 1626 1393 δὲ
1657 1355 1922 1404 παραχρῆμα

340 1420 407 1462 καὶ
442 1421 640 1470 μεταβὰς
674 1422 727 1468 εἷς
762 1426 919 1473 Φορεῖον
952 1420 1123 1473 ἑσπέρας
1156 1419 1349 1463 ἀπέθανε.

398 1490 462 1533 De
494 1504 596 1534 voce
624 1490 766 1541 ἐξέστη
795 1491 963 1543 dubito;
993 1505 1075 1533 non
1103 1492 1218 1533 enim
1244 1504 1338 1533 eam
1367 1490 1604 1548 significare
1629 1503 1754 1548 posse
1779 1490 1922 1534 credo:

340 1560 504 1616 reliquit
535 1561 820 1614 (vehiculum)
853 1561 963 1616 quod
996 1561 1068 1604 dat
1098 1562 1319 1617 interpres.

398 1681 484 1724 259
503 1681 536 1725 Ο
579 1681 775 1726 Carnifex
806 1696 905 1724 cum
937 1682 1115 1725 vidisset
1146 1681 1454 1725 adolescentem
1486 1682 1566 1725 sibi
1599 1681 1807 1725 traditum
1832 1695 1924 1739 pre-

339 1753 446 1794 tiosa
478 1752 679 1795 indutum
712 1756 855 1796 veste:

399 1823 583 1865 ἀποδύων
615 1823 820 1875 ἀτρέμα
854 1823 921 1864 τὸν
953 1822 1157 1865 νεανίσκον
1190 1822 1274 1865 κτὲ.

397 1892 678 1936 Vehementer
719 1895 894 1950 gavisus
936 1907 1032 1936 sum
1066 1907 1117 1935 ex
1147 1907 1240 1936 ann.
1275 1895 1368 1935 crit.
1403 1906 1657 1950 cognoscens
1689 1893 1759 1935 hic
1791 1891 1922 1946 ἠρέμα

339 1977 362 2005 a
404 1962 562 2006 Oobeto
604 1966 883 2020 propositum.
927 1964 1021 2020 Ipse
1065 1965 1178 2007 enim
1220 1963 1454 2006 identidem
1486 1963 1580 2006 aliis
1611 1962 1716 2007 locis
1747 1963 1922 2008 eandem

339 2035 452 2076 suasi
484 2035 838 2078 emendationem.

399 2155 485 2199 259
504 2156 536 2198 F
581 2156 820 2200 Alexander
850 2156 991 2198 Thrax
1019 2155 1199 2198 crudelis
1227 2156 1271 2197 in
1298 2155 1401 2198 urbe
1427 2169 1504 2198 sua
1530 2169 1656 2212 opera
1682 2158 1926 2212 expugnata

341 2226 599 2270 Timooleam
632 2229 713 2270 sibi
745 2227 903 2270 nubere
935 2228 1062 2269 iussit

401 2298 515 2339 ἀλλὰ
549 2297 617 2339 καὶ
649 2297 798 2350 χρυσὸν
832 2296 962 2349 ἐζήτει
995 2296 1063 2338 καὶ
1098 2294 1282 2348 ἄργυρον,
1316 2294 1438 2342 εἴτις
1468 2294 1526 2345 εἴη
1554 2295 1826 2348 κεκρυμμένος
1855 2295 1924 2337 ὑπ’

342 2369 484 2419 αὐτῆς,
513 2368 568 2410 τοὶ
595 2369 669 2418 μὲν
696 2369 745 2414 ὥς
773 2369 934 2410 ἀπολῶν
953 2368 1007 2410 τα
1026 2367 1066 2409 δὲ
1084 2368 1135 2414 ὡς
1152 2365 1247 2418 ἕξων
1266 2366 1332 2409 διὰ
1351 2366 1505 2414 παντὸς
1524 2367 1563 2408 ἐν
1581 2365 1698 2416 τάξει
1715 2365 1924 2418 γυναικός.

400 2438 446 2480 Si
477 2439 639 2480 ἀπολῶν
672 2452 760 2481 esse
791 2442 931 2493 potest
963 2436 1317 2493 „dissipaturus”‚
1350 2440 1462 2480 recte
1494 2437 1630 2480 editor
1660 2451 1752 2480 eam
1783 2435 1924 2479 lectio-

340 2522 438 2551 nem
469 2510 629 2565 recepit
660 2512 803 2561 (sensu
833 2522 948 2551 cassa
977 2511 1041 2550 est
1077 2507 1210 2550 altera
1241 2510 1452 2560 ἀπειλῶν).
1634 2506 1635 2509 ’

403 2629 491 2672 260
509 2630 544 2671 Β
589 2630 725 2672 Duxit
756 2643 858 2685 ergo
890 2643 990 2671 eum
1022 2627 1238 2671 Timoclea
1269 2627 1320 2670 ad
1352 2632 1532 2684 puteum
1565 2640 1672 2683 aqua
1694 2628 1922 2678 carentem,

341 2700 386 2741 in
427 2714 510 2754 quo
552 2699 683 2742 latere
721 2700 969 2742 thesaurum
1003 2713 1026 2742 a
1057 2713 1100 2741 se
1132 2698 1344 2741 defossum
1375 2698 1511 2740 finxit.
1553 2697 1710 2740 Laetus
1741 2698 1923 2740 accurrit

341 2769 558 2820 barbarus,
592 2770 830 2813 descendit:
1984 2823 1986 2830 y

402 2840 583 2891 στυγεροὶ
617 2840 650 2881 δ’
684 2841 826 2891 ἡγεῖτο
859 2839 1003 2881 Κλωθὼ
1037 2837 1205 2890 τιμωρὸς
1239 2837 1333 2880 ὑπὸ
1366 2843 1438 2887 τῆς
1465 2836 1719 2888 Τιμοκλείας
1746 2836 1925 2889 ἔφεστώ-
1987 2848 1990 2853 “

342 2924 412 2956 σης
447 2908 607 2952 ἄνωθεν.

402 2978 540 3021 Immo
573 2993 672 3023 vero
706 2979 818 3032 ὑπέρ.
