2002 3372
1131 201 1185 246 76

369 327 587 370 simillima
618 328 839 369 inserentis
871 327 934 372 ὥς.
970 325 1126 368 Verum
1159 328 1218 369 sic
1250 327 1531 370 Plutarchum
1563 327 1944 379 restituimus,.oui

369 398 472 440 nihi]
507 399 644 455 magis
670 399 713 439 in
741 396 901 439 deliciis
928 410 1056 452 quam
1082 396 1298 441 Platonica
1324 397 1398 440 illa
1425 405 1466 440 et
1494 397 1634 440 Stoica
1661 396 1943 456 etymologice

368 468 681 511 demonstrandi
713 469 832 510 ratio.
867 466 948 509 Sed
982 469 1142 523 spernit
1173 482 1266 511 eam
1299 469 1436 511 editor
1467 467 1652 511 Graecus
1683 472 1726 511 et
1752 481 1804 512 ne
1833 482 1945 513 com·

369 543 576 582 memorat
608 538 802 594 quidem;
837 552 912 593 pro
944 551 992 580 ea
1017 538 1138 581 nobis
1163 553 1290 582 suum
1318 540 1455 591 ἑτέρων
1483 539 1634 585 οὐδενός
1661 539 1941 583 commendat.

367 609 456 652 Sibi
488 607 661 651 habeat!

429 679 485 721 94
504 680 539 720 A
587 679 772 735 Longior
802 679 870 721 hic
901 679 1010 720 mihi
1041 678 1158 722 locus
1190 683 1254 722 est
1285 679 1604 723 exscribendus:

428 751 493 792 τὸν
525 750 565 791 δὲ
598 750 717 800 φίλον
753 749 867 798 ἡμεῖς
903 748 1100 799 „wranov”
1128 749 1203 798 μὲν
1231 752 1299 793 οὐκ
1328 750 1520 801 ἀξιοῦμεν
1548 747 1665 803 εἶναι,
1691 751 1785 800 μετ’
1813 749 1942 794 ἄλλον

366 820 407 861 δὲ
440 818 664 869 τηλύγετός
699 835 758 863 τις
793 819 859 860 καὶ
893 819 1078 871 ὀψίγονος
1115 813 1232 872 ἔστω,
1266 821 1332 862 τὸν
1362 821 1619 872 θρυλούμενον
1646 822 1790 863 ἐκεῖνον
1815 821 1942 875 χρόνῳ

366 894 440 931 τῶν
483 890 592 931 οἳλῶν
635 889 994 939 συγκατεδηδοκὼς
1039 889 1241 941 μέδιμνον,
1285 892 1362 944 οὐχ
1394 889 1523 943 ὥσπερ
1558 894 1622 933 νῦν
1655 890 1797 934 πολλοὶ
1829 893 1943 943 Φίλοι

363 960 575 1010 λεγόμενοι
610 960 852 1009 συμπιόντες
887 958 1007 1010 ἅπαξ
1040 961 1060 1009 ἢ
1095 963 1438 1013 συσφαιρίσαντες
1473 961 1495 1011 ἢ
1529 960 1890 1012 συγκυβεύσαντες
1918 961 1940 1011 ἢ

363 1031 773 1083 συγκαταλύσαντες,
804 1031 846 1073 ἐκ
875 1028 1110 1073 πανδοκείου
1139 1032 1206 1074 καὶ
1238 1033 1501 1083 παλαίστρας
1530 1032 1598 1074 καὶ
1623 1034 1778 1085 α’γορὶὶς
1794 1033 1951 1087 Φιλίαν,

363 1101 645 1152 συλλέγουσιν.

419 1171 537 1214 Istud
566 1174 657 1221 μετ’
687 1170 816 1213 ἄλλου
843 1171 1014 1215 editoris
1043 1170 1194 1215 Graeci
1222 1187 1311 1216 esse
1339 1173 1524 1224 videtur,
1553 1186 1652 1216 nam
1678 1172 1721 1216 et
1749 1172 1943 1231 Wytten-

367 1243 568 1285 bachiana
584 1242 624 1285 et
641 1242 866 1285 Didotiana
883 1245 975 1293 μετ’
995 1241 1131 1285 ἄλλων
1149 1244 1362 1300 praebent,
1379 1258 1517 1300 neque
1532 1242 1942 1288 ullam-variamlec-

359 1315 522 1355 tionem
553 1318 899 1356 commemorant.
928 1314 983 1356 Et
1012 1316 1071 1356 sic
1096 1317 1246 1370 utique
1272 1314 1521 1371 legendum:
1549 1317 1642 1364 μετ’
1662 1314 1799 1357 ἄλλων
1823 1316 1946 1358 enim-

361 1390 444 1426 est:
477 1399 588 1434 „cum
615 1384 712 1425 aliis
737 1384 850 1426 rebus
876 1385 971 1438 (hoc
997 1385 1149 1427 habeat
1176 1389 1224 1428 ut
1250 1387 1306 1428 sit
1322 1399 1413 1428 sero
1430 1384 1618 1439 natus).’'
1645 1384 1694 1428 In
1709 1384 1800 1428 loco
1815 1385 1939 1429 modo

363 1456 490 1497 citato
518 1456 692 1496 ἐναντίον
720 1456 832 1504 μετὰ
861 1460 1020 1497 πολλῶν
1051 1455 1186 1497 ἄλλων
1215 1457 1294 1508 οὐχ
1317 1457 1463 1507 ἥκιστα
1483 1456 1577 1508 πρὸς
1594 1457 1740 1507 Φιλίας
1759 1459 1896 1503 κτῆσιν
1917 1456 1938 1504 ἦ

366 1526 617 1577 πολυφιλίας
648 1524 784 1577 ὄρεξις,
813 1527 940 1569 verba
956 1527 1066 1576 μετα
1087 1531 1244 1568 πολλῶν
1263 1526 1400 1569 ἄλλων
1417 1526 1678 1583 significant:
1698 1527 1801 1569 inter
1815 1526 1940 1568 multa

362 1595 449 1637 alia
477 1597 571 1649 (hoc
599 1595 667 1639 vel
693 1598 877 1639 maxime
905 1597 1075 1648 obstat).
1103 1597 1213 1640 Tum
1241 1598 1366 1650 χρόνῳ
1393 1599 1438 1640 in
1462 1601 1627 1640 textum
1644 1599 1861 1654 irrepsisse
1877 1598 1939 1640 vi÷

364 1667 487 1708 detur
513 1681 534 1709 e
560 1669 765 1723 margine,
794 1668 868 1709 ubi
895 1667 1049 1710 sciolus
1074 1667 1183 1710 illud
1211 1669 1477 1712 annotaverit
1503 1673 1552 1710 ut
1578 1667 1836 1725 significaret
1861 1666 1937 1711 illo

363 1738 582 1792 proverbio
609 1738 791 1791 temporis
807 1738 976 1791 spatium
993 1739 1183 1781 indicari.
1212 1739 1322 1782 Nam
1338 1741 1421 1782 ista
1438 1739 1503 1781 τὶν
1520 1739 1777 1790 θρυλούμενον
1795 1739 1939 1780 ἐκεῖνον

363 1811 437 1848 τῶν
471 1807 577 1849 οὶλῶν
611 1809 963 1858 συγκατεδηδοκὼς
1000 1808 1188 1859 μέδιμνον
1222 1813 1311 1852 tam
1338 1809 1461 1866 plena
1488 1813 1587 1852 sunt
1613 1812 1654 1852 et
1679 1808 1864 1865 perfecta
1890 1811 1939 1850 ut

362 1878 457 1921 addi
487 1877 592 1920 nihil
618 1880 750 1934 possit
776 1881 878 1935 quin
904 1884 1222 1936 corrumpatur:
1251 1884 1304 1932 (is
1330 1881 1386 1923 sit
1413 1881 1691 1936 amicus)vqui
1706 1878 1938 1922 secundum

363 1949 637 2005 proverbium
665 1948 763 1991 salis
791 1950 1057 1992 medimnum
1084 1951 1303 1993 nobiscum
1331 1951 1572 1994 comederit.
1599 1949 1790 2007 Denique
1812 1963 1938 2006 quan-

363 2022 500 2062 tocius
528 2019 730 2061 eiicienda
758 2021 884 2062 verba
912 2022 1025 2072 φίλοι
1053 2022 1267 2071 λεγόμενοι
1294 2022 1448 2077 quibus
1473 2023 1728 2078 praeripitur
1743 2021 1938 2077 scriptori

362 2090 407 2132 id
450 2090 561 2146 quod
598 2091 642 2131 in
676 2090 755 2132 fine
788 2090 960 2133 demum
995 2094 1226 2135 sententiae
1258 2092 1393 2135 dicere
1425 2092 1617 2135 volebat:
1653 2106 1762 2144 „non
1793 2104 1936 2148 quem-

364 2161 592 2203 admodum
621 2175 731 2203 nunc
761 2161 887 2203 multi
914 2166 1136 2218 postquam
1168 2163 1298 2206 semel
1324 2177 1422 2206 cum
1449 2162 1590 2220 aliquo
1611 2166 1825 2219 potarunt,
1852 2160 1939 2218 pila

362 2231 556 2274 luserunt
583 2231 741 2282 aleave,
774 2237 848 2274 aut
875 2233 1032 2275 ibidem
1061 2233 1270 2276 deversati
1296 2238 1408 2285 sunt,
1437 2248 1459 2276 e
1489 2247 1690 2290 caupona,
1716 2231 1937 2289 palaestra,

362 2303 451 2345 foro
497 2303 703 2344 amicitias
746 2302 998 2359 colligunt''.
1042 2306 1206 2358 (φιλίαν
1237 2318 1288 2347 an
1320 2303 1498 2355 φιλίαςῗ
1531 2304 1623 2348 Ηοο
1653 2303 1807 2347 melius
1837 2317 1936 2347 cum

363 2373 576 2426 colliqendi
609 2373 736 2415 verbo
767 2375 1072 2430 coniungitur).

422 2442 528 2487 940
575 2443 712 2491 λιμέσι
745 2443 1047 2494 προβάλλουσιν
1080 2443 1170 2495 ἕρκη
1205 2445 1272 2487 καὶ
1307 2446 1507 2498 χώματα.

420 2515 502 2556 Pro
552 2514 852 2565 προβάλλουσιν
901 2514 955 2557 Η.
1004 2517 1181 2558 coniecit
1228 2517 1560 2568 περιβάλλουσιν,
1608 2516 1681 2557 vix
1720 2517 1844 2564 recte,
1887 2518 1937 2557 ut

360 2587 526 2642 opinor:
561 2599 641 2627 non
672 2587 784 2627 enim
818 2590 960 2628 contra
991 2589 1120 2629 maris
1146 2589 1357 2644 impetum
1384 2590 1531 2643 portus
1555 2586 1775 2629 moenibus
1802 2586 1936 2642 cingi-

361 2670 471 2707 mus,
505 2655 575 2697 sed
606 2657 650 2696 in
682 2657 824 2711 ipsum
858 2671 973 2698 mare
1006 2658 1274 2700 extendimus
1297 2656 1616 2712 propuqnaoula.

422 2726 478 2768 94
497 2726 533 2767 D
568 2726 730 2776 „Debet
757 2741 844 2769 esse
872 2729 1060 2770 amicitia
1090 2730 1201 2780 ὀρθῶς
1231 2730 1298 2770 καὶ
1327 2729 1508 2779 βεβαίως
1541 2726 1825 2776 ἐξετασθεῖσα·
1856 2727 1932 2767 τῶν

360 2797 391 2837 δ’
407 2797 685 2846 ἀνεξετάστως
703 2797 1002 2848 παραρρυέντων
1017 2798 1147 2851 ὥσπερ
1164 2799 1422 2849 νομισμάτων
1437 2799 1634 2847 ἀδοκίμων
1652 2795 1932 2850 ἐλεγχομένων

537 2866 725 2922 gaudent
759 2872 957 2920 carentes,
992 2869 1086 2911 vult
1117 2884 1255 2913 carere
1288 2871 1360 2926 qui
1393 2873 1508 2912 tenet

362 2941 410 2978 ut
442 2938 502 2978 ait
533 2936 698 2991 poeta''.
