2002 3372
887 206 944 250 93

178 326 314 372 11¹7ss
337 327 484 372 ,Recte
514 331 610 385 poet
640 328 791 377 οἰκείας
824 329 876 372 R.
911 329 1071 375 delevit
1104 331 1311 384 πατρίδος.

177 397 312 445 117111
355 399 690 452 πεπαιδευμένων
735 400 768 443 δ’
803 401 916 444 ἐστὶν
960 403 1172 456 ἀνθρώπων
1216 405 1625 459 προειληφέναι
1659 404 1719 450 ὅτι

48 471 50 475 ’
113 470 285 526 βραχὺν
314 469 459 526 χρόνον
491 473 906 525 προειλήφασιν
939 475 1054 524 ἡμᾶς
1085 475 1119 517 οἱ
1155 475 1360 523 δοκοῦντες
1393 474 1509 529 ἄωροι
1543 480 1614 520 τοῦ
1649 477 1719 532 ζῆν

18 543 19 546 ’
48 545 55 599 ᾗ
115 542 370 596 ἐστερῆσθαι.

177 613 370 672 Apparet
393 617 595 671 corrupta
619 614 723 658 haec
750 629 860 668 esse;
889 630 964 672 pro
991 617 1267 672 προειλήφασι
1296 620 1530 675 requiritur
1556 619 1719 676 aliquid

117 684 233 743 quod
256 690 562 751 praecesserunt
592 686 820 743 significet.

182 755 321 801 118A
365 755 417 800 In
455 755 578 801 luctu
619 771 727 815 opus
759 758 882 801 nobis
913 763 978 802 est
1009 760 1260 804 hominibus
1292 762 1607 815 ἀφαιρουμένοις
1640 763 1717 811 τὰς

114 826 255 876 λύπας
289 826 360 872 διὰ
391 832 464 877 τῆς
497 829 694 880 γενναίας
727 829 796 873 καὶ
829 835 980 882 σεμνῆς
1014 832 1283 886 παρηγορίας.

174 897 282 943 Dele
312 903 386 949 τῆς
419 913 519 943 cum
552 899 609 943 H.

48 974 54 976 “
120 1015 123 1017 ,
178 968 316 1014 1181)
357 969 474 1015 Miro
499 971 722 1015 interdum
749 977 792 1016 et
819 973 1001 1017 absurdo
1031 989 1223 1019 sermone
1250 980 1395 1020 noster
1421 979 1572 1030 utitur,
1597 978 1718 1021 velut

2 1039 3 1042 ’
52 1046 55 1051 ’
114 1041 199 1096 hio,
238 1042 315 1086 ubi
355 1041 505 1086 laudet
537 1058 608 1088 eos
639 1046 714 1101 qui
746 1044 915 1088 fortiter
947 1045 1139 1090 tulerunt
1173 1047 1267 1095 τοὺς
1301 1048 1365 1090 ἐπὶ
1401 1054 1485 1096 τοῖς
1519 1049 1614 1096 υἱοῖς
1649 1066 1720 1100 γε-

31 1143 34 1146 Ᾰ
111 1113 300 1166 νομένους
333 1114 548 1163 θανάτους.

177 1185 312 1231 118ss
353 1185 579 1244 Nusquam
612 1189 753 1245 magis
785 1202 915 1245 quam
943 1189 1013 1232 hic
1040 1193 1215 1246 apparet
1241 1204 1370 1247 quam
1396 1204 1550 1247 parum
1577 1194 1720 1234 noster

50 1259 51 1262 ’
113 1259 252 1302 artem
293 1257 504 1302 scribendi
547 1261 590 1301 et
621 1258 872 1316 disponendi
902 1259 1068 1304 calleat.
1104 1260 1260 1318 Incipit
1291 1263 1352 1304 sic
1383 1265 1493 1318 (cap.
1528 1260 1584 1304 33
1616 1263 1719 1315 in.):

117 1328 256 1383 „utile
295 1333 361 1373 est
399 1333 498 1373 ante
539 1329 686 1373 oculos
726 1330 880 1374 habere
922 1345 994 1374 eos
1026 1333 1101 1387 qui
1132 1331 1322 1375 filiorum
1355 1333 1522 1375 obitum
1554 1333 1723 1376 fortiter

36 1427 38 1430 v
113 1399 320 1445 tulerint'’
345 1401 580 1457 statimque
605 1402 802 1444 nominat
821 1403 1134 1459 Anaxagoram,
1152 1402 1502 1455 Demosthenem,
1522 1403 1719 1446 Dionem.

36 1494 42 1533 j
114 1473 259 1530 Atque
289 1475 404 1516 recte
435 1472 610 1530 quidem
637 1474 826 1529 primum
855 1472 958 1529 quid
985 1472 1142 1516 dixerit
1169 1474 1401 1530 feceritque
1428 1475 1719 1533 Anaxagoras,

34 1583 37 1587 .
113 1545 312 1588 nuntiata
352 1545 392 1588 ei
433 1547 572 1587 morte
617 1543 710 1595 filii,
752 1549 908 1587 narrat.
949 1543 1050 1587 Inde
1083 1546 1238 1587 transit
1269 1545 1321 1588 ad
1358 1578 1367 1588 .
1388 1578 1397 1588 .
1419 1578 1428 1590 .
1449 1578 1458 1588 .
1493 1545 1718 1597 Periclem,

27 1635 29 1640 ¹
113 1615 216 1660 huie
256 1614 377 1659 addit
418 1615 762 1673 Xenophontem,
805 1619 902 1658 tum
945 1615 1126 1672 denique
1159 1615 1308 1659 Dionis
1341 1621 1384 1660 et
1417 1616 1719 1660 Demosthenis

113 1688 156 1733 ei
186 1688 308 1732 venit
337 1687 383 1730 in
414 1690 618 1731 mentem.

177 1756 316 1803 118F
362 1761 505 1802 τοῦτον
546 1757 795 1811 (Periclem)
836 1758 920 1810 γαρ
962 1758 1077 1806 εὐθὺς
1123 1759 1238 1809 μετὰ
1283 1759 1354 1808 τὴν
1399 1760 1720 1811 προσαγγελίαν

111 1828 381 1886 [ἀμφοτέρων
413 1834 490 1872 τῶν
522 1829 656 1884 υἱέων]
688 1830 797 1872 οὐδὲν
831 1827 949 1879 ἧττον
986 1861 994 1872 .
1017 1862 1027 1872 .
1048 1862 1057 1872 .
1078 1861 1088 1871 .
1123 1829 1382 1883 δημηγορεῖν.

171 1900 408 1945 Deleautur
437 1899 626 1944 inclusa:
659 1902 757 1958 quis
788 1899 864 1943 ille
896 1902 1077 1944 nuntius
1104 1901 1235 1944 fuerit
1260 1903 1366 1945 satis
1394 1915 1605 1958 superque
1631 1903 1720 1945 iam

70 1991 72 1995 ·
110 1987 141 2018 e
175 1971 527 2032 praecedentibus
568 1975 758 2029 apparet,
803 1976 846 2015 et
889 1975 979 2015 tam
1015 1971 1129 2015 male
1161 1987 1213 2015 ne
1245 1973 1314 2016 hic
1346 1973 1521 2030 quidem
1553 1975 1723 2030 scripsit

113 2048 165 2091 ut
189 2045 253 2089 eie
283 2042 479 2089 redderet
509 2043 554 2087 id
585 2043 699 2101 quod
731 2046 798 2087 est
831 2044 909 2095 „de
940 2044 1167 2100 utriusque
1199 2043 1279 2087 filii
1309 2045 1474 2088 morte&

178 2114 322 2161 119A
369 2115 702 2173 Xenophontem
750 2118 896 2158 autem
946 2119 1120 2158 narrant
1165 2114 1301 2158 simili
1347 2119 1520 2173 accepto
1567 2118 1721 2160 nuntio

112 2187 252 2242 μικρὸν
294 2191 510 2235 παντελῶς
543 2186 887 2235 διασιωπήσαντα
920 2187 1060 2239 χρόνον
1093 2186 1162 2228 καὶ
1198 2188 1252 2239 τῷ
1287 2189 1476 2239 λογισμῷ
1512 2189 1556 2231 τὸ
1591 2188 1719 2234 πάθος

28 2247 45 2298 'js
113 2275 146 2304 π
157 2276 185 2303 α
198 2275 219 2310 ρ
231 2275 259 2302 α
272 2275 296 2303 κ
309 2275 337 2302 α
350 2274 374 2300 τ
386 2275 415 2302 α
427 2257 591 2311 σχόντα
624 2257 751 2302 virile
783 2257 950 2301 dictum
982 2257 1180 2301 edidisse.

175 2330 232 2375 Fit
273 2329 473 2382 παρέχειν
514 2333 557 2373 et
601 2329 800 2382 κατέχειν
836 2329 906 2372 hic
939 2333 1091 2386 aptum
1126 2330 1302 2386 praebet
1334 2344 1520 2381 sensum,
1555 2333 1604 2372 ut
1636 2329 1721 2373 Xe-

66 2391 71 2394 *
115 2401 287 2461 nophon
323 2405 400 2445 eut
431 2400 599 2444 dicatur
630 2401 826 2444 animum
859 2405 1128 2444 commotum
1160 2402 1378 2443 curandum
1411 2401 1629 2443 tradidisse
1661 2415 1725 2444 co-

43 2474 49 2490 '‘
110 2474 334 2533 finitioni,
367 2476 443 2516 eut
475 2472 738 2528 cogitatione
769 2486 870 2515 eum
903 2472 1192 2526 compescuisse.
1226 2471 1320 2515 Hoc
1354 2471 1609 2515 Didotianus
1639 2485 1725 2514 ma-

30 2535 32 2539 *
117 2544 227 2597 vult,
253 2544 328 2589 dat
354 2545 494 2588 enim:
531 2543 665 2595 „dum
690 2545 856 2587 ratione
885 2547 1052 2586 motum
1081 2545 1216 2586 enimi
1245 2543 1575 2600 compesceret”.
1609 2542 1724 2586 Mihi

114 2616 302 2677 alterum
343 2617 486 2673 magis
529 2614 684 2672 placet,
727 2615 798 2658 sed
840 2614 1058 2672 duplicem
1099 2616 1461 2672 praepositionem
1503 2629 1588 2658 non
1629 2629 1724 2657 con-

35 2691 39 2705 ·’
117 2702 268 2746 eoquo,

42 2818 46 2819 ⁷
181 2757 318 2804 1190
365 2757 588 2802 Interdum
628 2760 712 2801 ista
742 2757 904 2815 legenti
937 2771 961 2800 a
994 2758 1171 2801 barbaro
1206 2758 1285 2800 tibi
1318 2759 1476 2814 scripta
1507 2756 1722 2801 videntur.

28 2837 40 2873 ζ
116 2829 246 2875 Velut
285 2831 358 2874 hic
397 2829 732 2874 Demosthenem
779 2828 902 2872 laude
945 2828 1128 2885 dignum
1170 2830 1230 2871 ait
1264 2828 1308 2870 τὸ
1343 2829 1501 2871 πενθεῖν
1534 2828 1724 2881 παρωσα-

33 2911 35 2914 “
119 2917 239 2952 μενον
282 2900 440 2944 καὶτὸ
483 2900 715 2952 φιλόπατρι
761 2901 855 2952 πρὸ
903 2905 994 2948 τῆς
1030 2901 1126 2942 τῶν
1159 2899 1482 2950 α’ναγκαίων
1514 2915 1723 2949 συμπα-

119 2973 172 3017 Ιε
186 2973 201 3014 ι’
213 2989 240 3012 α
257 2987 278 3020 ς
311 2971 632 3023 ἐπιδειξάμενον.
