2002 3372
1098 200 1184 246 170

410 324 496 368 Isto
525 322 599 367 οἷον
626 325 727 381 quid
754 326 906 368 faciam
932 327 1085 369 nescio.
1113 325 1159 369 Si
1184 325 1312 377 μέσην
1338 341 1386 370 eo
1402 326 1494 370 loco
1509 325 1735 384 legeretur,
1752 326 1922 384 egregie

352 398 492 439 omnia
524 411 622 439 cum
655 398 927 453 sequentibus
958 398 1236 440 concinerent.

411 562 544 605 388ss
581 563 761 614 „Omnes
792 564 987 606 numeri''
1021 566 1080 607 sic
1111 564 1366 608 Plutarchus
1393 565 1628 608 adolescens
1654 565 1928 608 ratiocinatur

354 635 419 684 „si
444 634 802 690 multiplicantur,
829 636 872 676 in
897 634 978 677 fine
1006 634 1139 678 alium
1163 650 1390 682 numerum
1408 637 1564 679 habent
1579 637 1764 692 exceptis
1781 636 1807 678 6
1823 639 1866 678 et
1883 635 1924 678 5.

354 703 497 747 Sexies
541 707 655 748 enim
698 720 771 748 sex
812 705 860 748 fit
902 705 957 749 36
990 712 1032 749 et
1064 707 1287 763 quinquies
1320 709 1506 764 quinque
1538 706 1609 759 25,
1643 707 1793 750 ceteris
1823 720 1925 762 ergo

351 778 517 818 numeri
548 777 594 819 hi
623 780 840 834 praestant
851 791 862 830 ς
906 779 948 819 at
979 777 1106 834 longe
1136 780 1415 834 praestantior
1448 777 1473 819 5
1505 791 1635 834 quam
1667 776 1707 829 6,
1739 778 1924 821 etenim:

411 847 428 888 ὁ
477 847 551 896 μὲν
598 852 673 889 τῶν
722 845 767 898 ἓξ
821 846 940 896 ἅπαξ
992 853 1108 891 τοῦτο
1159 854 1265 891 ποιεῖ
1311 850 1378 890 καὶ
1429 850 1625 901 μοναχῶς
1672 849 1796 896 αὐτὸς
1843 849 1922 901 ἀφ’

351 917 496 960 ἑαυτοῦ
544 918 798 971 τετράγωνος
845 918 1109 970 γιγνόμενος·
1164 926 1213 972 τῇ
1258 919 1299 961 δὲ
1344 919 1531 969 πεμπάδι
1579 919 1647 961 καὶ
1690 922 1808 962 τοῦτο
1848 918 1923 969 μὲν

350 988 598 1039 συμβέβηκε
642 990 752 1031 κατὰ
798 991 1188 1042 πολυπλασιασμὸν,
1230 990 1336 1037 ἰδίως
1376 989 1415 1032 δὲ
1460 990 1504 1032 τὸ
1548 990 1659 1032 κατὰ
1691 987 1868 1032 σύνθεσιν
1902 988 1924 1038 ἢ

350 1059 496 1107 ἑαυτὴν
529 1061 550 1109 ἢ
584 1060 655 1108 τὴν
687 1060 840 1103 δεκάδα
874 1066 998 1103 ποιεῖν
1030 1061 1143 1113 παρὰ
1175 1060 1308 1114 μέρος,
1343 1061 1410 1103 καὶ
1444 1065 1562 1103 τοῦτο
1593 1060 1773 1111 γίνεσθαι
1800 1061 1925 1112 μέχρι

348 1131 517 1177 παντός.

410 1201 524 1245 Haec
565 1204 765 1259 quoniam
807 1202 1135 1259 haudquaquam
1176 1201 1388 1245 intellexit
1424 1203 1631 1259 interpres
1661 1199 1774 1258 apud
1804 1200 1927 1258 Wyt-

348 1273 634 1326 tenbachium,
668 1275 727 1317 sic
759 1274 1000 1330 accipienda
1031 1288 1120 1317 esse
1152 1286 1324 1317 moneo:
1355 1278 1559 1325 „numero
1586 1286 1659 1316 sex
1683 1271 1815 1315 semel
1839 1274 1927 1315 tan-

350 1347 444 1386 tum
477 1345 554 1387 hoc
586 1347 743 1396 evenit,
777 1360 874 1388 cum
907 1360 958 1388 ex
990 1359 1032 1387 se
1058 1346 1148 1401 ipso
1175 1345 1430 1401 quadratum
1458 1345 1572 1396 facit,
1598 1347 1642 1386 at
1667 1357 1869 1386 numerus
1897 1341 1923 1384 5

352 1419 394 1457 et
435 1417 479 1457 in
522 1415 845 1472 multiplicando
887 1416 1001 1458 idem
1043 1416 1169 1458 habet
1210 1415 1254 1469 (3
1274 1423 1316 1464 ><
1337 1415 1431 1456 5=
1451 1414 1518 1464 15,
1552 1413 1638 1463 ’7><
1658 1413 1844 1467 5=35)
1883 1417 1925 1455 et

351 1490 564 1542 praeterea
607 1488 643 1528 si
681 1488 770 1542 ipse
814 1487 895 1529 sibi
938 1486 1106 1528 additur
1148 1490 1222 1528 aut
1264 1485 1288 1528 5
1331 1490 1405 1528 aut
1451 1485 1505 1527 10
1546 1484 1720 1528 alternis
1761 1483 1924 1541 prodit:

351 1556 391 1608 5,
429 1557 496 1608 10,
533 1557 587 1599 15
621 1561 662 1599 et
694 1559 754 1599 sic
784 1559 829 1599 in
859 1556 1120 1599 infinitum’'.
1162 1558 1264 1599 Post
1294 1557 1407 1606 παρὰ
1440 1557 1558 1607 μέρος
1586 1556 1716 1598 etiam
1743 1553 1925 1597 traditur

349 1628 661 1679 ἐπιβαλλούσης
694 1628 811 1680 αὐτῇ,
844 1641 918 1682 pro
946 1642 1027 1683 quo
1054 1627 1292 1683 Emperius,
1319 1627 1370 1670 ad
1398 1641 1569 1670 sensum
1595 1630 1720 1676 recte,
1749 1616 1924 1676 ἐπιβάλ-

347 1709 497 1741 λουσκν
540 1700 658 1751 αὐτῇ,
701 1698 948 1754 Madvigius
989 1713 1103 1749 vero,
1146 1700 1183 1740 si
1220 1702 1331 1741 recte
1373 1699 1499 1740 refert
1530 1698 1592 1749 B„
1637 1695 1921 1748 ε’πιβαλλούσῃ

348 1771 468 1822 αὐτῇ,
512 1769 623 1824 quod
665 1774 706 1811 et
749 1783 874 1811 sensu
916 1782 1082 1811 cassum
1122 1774 1164 1811 et
1204 1770 1321 1825 turpi
1351 1768 1514 1812 laborat
1544 1768 1679 1810 hiatu.
1711 1765 1921 1823 Equidem

347 1840 429 1882 duo
460 1841 543 1882 ista
576 1839 779 1882 vocabula
809 1853 893 1882 una
924 1838 1054 1882 litura
1084 1839 1259 1882 delenda
1290 1843 1452 1892 statuo3
1486 1840 1588 1882 satis
1620 1839 1733 1881 enim
1765 1837 1924 1894 perspi-

345 1925 474 1953 cuum
507 1914 570 1953 est
603 1910 714 1952 κατὰ
747 1911 938 1952 σύνθεσιν.

410 2066 541 2109 388F
583 2066 693 2119 Quid
733 2067 887 2109 attinet
927 2066 1055 2109 bonas
1096 2065 1407 2108 emendationes
1436 2067 1477 2108 in
1511 2066 1778 2108 annotatione
1810 2078 1923 2108 com-

349 2152 582 2181 memorare
610 2141 650 2180 et
676 2139 720 2179 in
750 2141 870 2179 textu
899 2136 1132 2193 relinquere
1158 2151 1264 2192 quae
1290 2151 1313 2179 a
1333 2138 1502 2180 nemine
1519 2139 1698 2193 possunt
1711 2133 1924 2192 intelligi?

348 2208 477 2251 Velut
518 2209 586 2251 hic
628 2207 881 2263 particulam
917 2207 956 2249 δέ
990 2209 1147 2250 exemit
1179 2208 1404 2264 Emporius
1435 2207 1559 2260 (lenis
1590 2220 1687 2250 sane
1718 2220 1767 2250 ea
1797 2205 1927 2249 medi-

347 2280 469 2331 cina),
503 2293 584 2335 qua
615 2282 858 2321 remanente
893 2280 1036 2321 omnia
1069 2282 1168 2321 sunt
1201 2281 1271 2320 τοῦ
1303 2278 1435 2331 χάους
1465 2279 1610 2321 instar.

410 2445 546 2488 389A
588 2445 795 2502 Theologi
836 2445 989 2488 Bacchi
1030 2445 1183 2498 Φθοροές
1226 2461 1340 2493 τινας
1382 2445 1451 2487 καὶ
1485 2444 1748 2498 ἀφανισμοὺς
1779 2445 1812 2487 οἱ
1844 2444 1922 2491 τὰς

349 2516 596 2567 ἀποβιώσεις
630 2517 696 2557 καὶ
731 2517 1061 2567 παλιγγενεσίας
1096 2547 1106 2558 .
1128 2548 1165 2560 ..
1199 2516 1443 2566 περαίνουσι.

409 2588 622 2640 Quorsum
653 2587 788 2629 editor
818 2586 933 2629 istud
966 2587 997 2628 οἱ
1031 2587 1172 2637 refert,
1206 2588 1280 2642 qui
1312 2601 1392 2629 non
1419 2587 1594 2642 recipiat
1619 2588 1777 2628 certam
1802 2584 1924 2642 Steg-

348 2659 492 2700 manni
525 2657 859 2700 emendationem
893 2654 985 2699 εἷται
1021 2658 1059 2699 δὲ
1090 2660 1182 2713 (pro
1214 2658 1246 2699 οἱ
1281 2655 1407 2710 rom?
1437 2656 1494 2698 Et
1525 2659 1715 2712 potestne
1741 2655 1925 2697 dubitari

350 2730 451 2784 quin
476 2729 569 2770 iure
596 2727 903 2770 Herwerdenus
930 2742 1005 2783 pro
1033 2728 1295 2780 ἀφανισμούς
1322 2727 1411 2783 legi
1428 2725 1711 2778 ἐμφανισμούς
1727 2723 1924 2768 iusserit?

351 2800 417 2841 An
459 2799 677 2841 credamus
719 2798 999 2840 Plutarchum
1041 2797 1230 2841 consulto
1270 2799 1460 2840 omisisse
1501 2796 1676 2853 aliquid,
1718 2795 1829 2852 quod
1858 2809 1926 2838 ne·

354 2871 530 2912 cessario
564 2873 671 2912 esset
703 2869 940 2921 dicendum,
974 2873 1023 2912 ut
1053 2869 1179 2912 aliam
1212 2883 1302 2911 rem
1333 2869 1397 2911 bis
1429 2865 1693 2910 enuntiaret?
