2002 3372
1125 277 1212 321 508

379 399 512 450 illius,
545 400 619 455 qui
645 397 763 440 nulla
789 411 834 440 re
858 399 999 454 magis
1027 411 1156 453 quam
1177 397 1286 442 Vitis
1311 398 1524 443 inclaruit.¹
1557 398 1957 457 Atquiwcnnmflori

378 474 516 526 potest
547 472 597 512 ut
626 469 734 511 liber
763 467 920 524 aliquis
950 469 998 510 in
1027 467 1223 526 syllogen
1254 470 1418 513 aberret
1451 469 1649 522 alienam,
1677 470 1958 528 sodfrnoflpto—

379 555 469 583 rem
495 541 569 595 qui
595 539 647 582 ad
671 539 831 581 librum
858 538 1047 595 aliquem
1072 540 1341 583 scribendum
1368 554 1445 584 sno
1471 542 1528 583 sit
1552 541 1761 598 adduntns
1784 542 1956 600 ingenio

378 614 421 653 et
450 611 496 653 in
528 623 576 652 eo
607 608 894 665 componendo
925 624 1009 652 non
1034 609 1175 653 solum
1202 611 1363 654 ardoris
1387 611 1614 655 cuiusdam
1635 612 1959 670 acerbitatiaque

378 680 451 723 sed
482 681 613 723 etiam
642 703 697 712 -—
725 679 838 735 quod
865 681 1004 723 maius
1031 685 1095 724 est
1122 705 1178 714 —-
1206 680 1469 737 eloquentiae
1496 682 1960 739 doctrinaequemer'tis-

378 752 485 793 sima
516 750 677 792 dederit
708 750 975 802 documenta,
1006 755 1177 795 strenue
1208 751 1370 795 dedisse
1404 763 1574 808 operam
1606 766 1662 796 ne
1689 754 1958 811 tpnffifprsffi

378 834 482 876 opus
513 820 623 862 illud
654 821 744 876 ipse
776 821 990 877 scripsisse
1022 821 1154 864 videri
1189 824 1388 878 cuiquam
1416 827 1558 879 posset
1581 823 1959 880 ouesmqusvoeem

376 890 749 947 impudentissimo
792 900 921 934 usum
952 905 1042 935 esse
1073 890 1303 945 mendacio,
1337 893 1417 936 hoc
1448 907 1584 936 unum
1615 897 1957 951 spectantem-ne

378 974 567 1018 unquam
613 961 857 1018 aequalium
904 965 1224 1019 posterorumve
1259 965 1472 1020 cuiquam
1521 963 1612 1008 ulla
1646 966 1958 1021 possetumasci

378 1033 587 1075 dubitatio
634 1034 735 1089 quin
783 1031 918 1076 alium
964 1032 1039 1077 ille
1081 1034 1254 1077 baberet
1296 1039 1528 1086 auctorem,
1565 1035 1644 1091 hvnc
1674 1040 1755 1079 -ne'¹²
1777 1037 1959 1094 eogitari

377 1103 548 1160 quidem
576 1107 728 1160 potest.
756 1103 931 1157 Quando
953 1106 1066 1147 enim
1084 1104 1295 1148 eiusmodi
1310 1104 1655 1162 aliquid-factum
1667 1105 1958 1164 estnequam?

437 1173 628 1230 Denique
652 1175 790 1230 ipsam
816 1174 1038 1218 Plutarchi
1062 1189 1211 1219 vocem
1235 1175 1361 1219 audio
1377 1191 1420 1233 p.
1438 1176 1526 1220 869
1537 1175 1585 1221 G.
1614 1176 1958 1222 commorante

376 1244 576 1288 insidioso
616 1243 693 1287 illo
736 1246 926 1297 crimine,
969 1260 1052 1302 quo
1094 1246 1273 1290 Naxios-
1297 1248 1406 1304 petit
1447 1247 1714 1301 Herodotus,
1734 1247 1795 1292 ad·
1817 1248 1958 1292 Batonis

377 1330 500 1372 opem
543 1315 758 1359 ferendam
800 1331 871 1359 eos
913 1317 1051 1359 tribus
1091 1318 1270 1361 navibus
1313 1318 1474 1362 dedisse
1515 1317 1958 1364 velsoedwahmnius

377 1401 524 1430 earum
550 1387 655 1430 duce
681 1401 770 1430 esse
796 1391 1010 1444 permotos
1035 1392 1085 1431 ut
1110 1403 1156 1431 se
1181 1403 1280 1432 cum
1307 1388 1478 1433 Graecis
1502 1391 1629 1433 sociis
1647 1391 1958 1449 coniungerent

377 1471 579 1515 arguens,
622 1459 682 1501 sic
725 1460 891 1515 pergit:
938 1458 1037 1509 „sed
1073 1459 1175 1516 quid
1216 1459 1423 1503 Herodoti
1444 1460 1514 1504 'de
1553 1460 1702 1504 Naxii's
1741 1460 1958 1506 mendacia

378 1543 505 1585 aegre
550 1527 766 1572 feramus?
812 1529 982 1572 Horum
1028 1532 1145 1573 enim
1192 1545 1258 1574 res
1299 1535 1443 1588 gestae
1472 1533 1641 1588 ,paucist
1666 1532 1956 1576 innotuerunt.

378 1599 459 1643 Sed
491 1601 541 1651 si,
575 1603 624 1642 ut
655 1601 776 1643 aiunt
806 1600 1015 1653 nonnulli,
1043 1602 1261 1658 antipodes
1288 1602 1494 1646 habemus
1519 1603 1807 1659 qui'huius'ee·
1823 1607 1957 1647 terrae

377 1672 628 1714 contrariam
670 1670 863 1714 incolunt
903 1675 1091 1727 partem„
1117 1672 1184 1715 vel
1215 1673 1274 1724 hi,
1307 1677 1358 1715 ut
1389 1674 1549 1729 opinor,
1578 1673 1635 1717 de
1662 1672 1957 1718 Themistoclis

376 1742 679 1786 inaudiverunt
703 1742 879 1786 consilio
905 1743 959 1786 ad
984 1745 1106 1786 cuius
1132 1744 1383 1787 servandam
1397 1746 1650 1788 memoriam
1664 1745 1809 1788 Persis
1818 1745 1956 1802 pulsis

377 1813 529 1858 Graeci
570 1813 789 1856 Melitensi
828 1814 1004 1866 Dianae,
1048 1815 1250 1871 sapientis
1292 1815 1458 1858 consilii
1496 1819 1710 1872 patronae,
1726 1815 1955 1874 *templum

375 1888 621 1941 posuerunt.
655 1884 738 1936 „823
771 1889 820 1927 ut
852 1886 973 1928 aiunt
998 1884 1204 1936 nonnulli,
1230 1885 1450 1942 antipodes
1475 1886 1829 1932 habmus.”-‚Jfis
1854 1887 1956 1931 haec

377 1961 478 1998 tunc
509 1961 599 1998 erat
630 1955 851 2011 fueratque
883 1957 970 1999 iam
1003 1955 1142 2000 multo
1173 1960 1296 1999 antea
1326 1960 1368 2000 et
1398 1958 1654 2002 internecivi,
1672 1957 1956 2015 ium-philo·-

376 2026 526 2082 sophos
567 2025 655 2069 odii
696 2040 834 2078 causa,
868 2025 920 2069 de
950 2040 1047 2083 qua,
1079 2030 1129 2070 ut
1159 2027 1210 2070 de
1242 2026 1392 2071 multis
1423 2027 1518 2071 aliis
1548 2028 1741 2078 eiusdem
1756 2030 1953 2086 generis,

377 2100 536 2139 certam
576 2097 759 2153 proferre
803 2098 1046 2153 opinionem
1087 2097 1357 2149 Plutarchus,
1399 2102 1549 2142 cautus
1586 2098 1747 2151 ille-nt
1776 2099 1955 2143 circum—

376 2171 544 2223 spectus
575 2167 866 2220 Academicus,
899 2182 1034 2225 neque
1066 2168 1192 2212 audet
1223 2182 1358 2225 neque
1388 2183 1516 2212 ausus
1542 2173 1841 2226 est-unquam.
1920 2175 1922 2178 ’

435 2236 637 2280 Dicebam
679 2252 744 2280 res
787 2239 941 2294 quibus
982 2238 1092 2282 liber
1127 2243 1268 2282 noster
1298 2253 1323 2282 a
1354 2241 1504 2283 ceteris
1535 2239 1954 2297 Plutarchi=seriptis

376 2309 582 2366 discrepet
628 2308 748 2352 nullo
794 2309 997 2365 explicari
1041 2312 1215 2367 negotio
1262 2312 1299 2353 si
1338 2310 1595 2367 peculiarem
1634 2310 1954 2355 eiusaeindolem

376 2379 685 2423 consideremus
711 2383 754 2422 et
780 2384 891 2423 recte
916 2380 1243 2424 consideremus.
1276 2380 1446 2424 Bellum
1471 2381 1541 2424 hic
1566 2381 1954 2439 gerit-Plutarchus

375 2464 460 2493 non
501 2464 600 2492 cum
640 2449 716 2493 illo
758 2453 855 2493 ante
897 2450 1037 2494 multa
1075 2450 1242 2494 saecula
1272 2455 1440 2495 mortuo
1470 2451 1953 2508 sepultoque‘historico

377 2519 735 2563 Halicarnassensi
777 2520 849 2564 sed
879 2535 979 2564 cum
1010 2522 1098 2564 suis
1130 2521 1377 2577 aequalibus
1408 2523 1498 2564 sive
1530 2521 1807 2565 Atheniailli
1836 2522 1953 2565 habi-

376 2594 469 2634 tant
494 2593 585 2634 sive
611 2591 787 2646 Spartae
814 2593 905 2635 sive
930 2593 974 2634 in
1001 2605 1250 2648 quacunque
1278 2593 1382 2635 urbe
1410 2590 1624 2636 Graeciae.
1657 2591 1756 2636 Heu
1774 2593 1952 2636 :miseros

375 2661 470 2704 illos
501 2659 752 2704 Graeculos!
785 2661 883 2704 lites
913 2665 1040 2718 atque
1072 2662 1303 2706 discordiae
1333 2664 1379 2705 in
1411 2662 1573 2706 deliciis
1601 2664 1656 2706 iis
1679 2676 1776 2706 *esse
1804 2662 1952 2706 viden·

377 2736 459 2784 tur,
497 2734 556 2774 ita
589 2731 672 2774 alia
703 2733 855 2776 civitas
886 2731 1015 2775 aliam
1047 2733 1136 2775 odit
1167 2733 1496 2789 detestaturque.
1538 2732 1620 2776 Sed
1648 2737 1796 2789 aperte
1824 2732 1952 2776 bello-

376 2817 471 2844 rum
505 2802 786 2858 gerendorum
816 2802 1011 2859 adempta
1041 2805 1094 2847 iis
1127 2807 1190 2846 est
1220 2802 1421 2846 facultas:
1454 2803 1590 2847 sicubi
1618 2804 1748 2846 nimis
1771 2816 1950 2863 magnae

376 2876 605 2916 nascuntur
646 2873 808 2924 turbae,
850 2873 968 2917 adest
1009 2873 1235 2930 proconsul
1270 2887 1367 2917 cum
1397 2875 1489 2916 suis
1516 2873 1740 2917 lictoribus
1768 2873 1951 2917 cohorti-

377 2944 552 2998 busque,
596 2942 668 2985 sed
709 2945 936 2999 quominus
979 2944 1119 2987 verbis
1157 2948 1200 2987 et
1231 2945 1432 2988 conviciis
1452 2943 1842 2988 >Graeci'1udaeive
1871 2958 1948 3000 pro

376 3015 504 3056 armis
544 3017 765 3057 uterentur
805 3029 929 3058 nemo
972 3016 1249 3072 magistratus
1290 3015 1509 3058 Romanus
1538 3015 1712 3058 obstitit
1745 3028 1946 3071 unquam.
