2002 3372
1119 263 1206 313 496

375 393 571 437 creditori
597 384 831 436 Graeculus
857 391 1006 433 foenus
1034 390 1197 434 solvere
1223 391 1411 444 debebat,
1439 406 1516 435 suo
1542 392 1624 435 sibi
1644 392 1812 436 Latine
1811 393 1952 489 bigni-

375 465 471 508 ficat
502 465 684 507 nomine
1707 475 1722 482 ‘¹
1780 474 1782 478 '

435 551 455 576 c
496 534 543 576 In
570 534 680 576 libro
708 534 756 574 de
777 531 1023 587 ραννιιῦἰίαίε
1037 535 1095 589 (1).
1115 532 1200 576 509
1212 533 1263 587 F)
1283 533 1591 596 lepidissimam
1606 532 1732 577 illam
1746 524 1953 578 bibemus

375 607 659 648 narrationem
687 603 738 646 de
765 604 949 655 homine,
978 603 1052 659 qui
1077 618 1240 658 corpora
1265 604 1404 646 delicti
1429 617 1453 647 a
1479 594 1695 661 sacrilegis
1718 595 1782 647 in
1792 604 1951 661 templo

375 675 523 719 relicta
565 679 652 717 tam
695 678 848 731 argute
889 678 999 717 esset
1034 675 1336 732 interpretatus
1367 679 1416 718 ut
1443 677 1646 718 sentirent
1677 680 1952 719 omnes³'eum

374 748 519 802 ipsum
546 759 634 788 esse
660 743 873 801 sacrilegii
900 746 1128 788 conscium.
1155 744 1288 789 Cuius
1315 747 1376 788 rei
1402 759 1499 788 cum
1526 735 1665 803 prima
1680 735 1793 789 888811
1802 746 1954 789 bhorta

376 817 574 872 suspicio,
609 820 652 858 et
682 815 764 858 alia
795 829 895 858 eum
928 817 1002 872 qui
1034 816 1208 859 aderant
1238 816 1446 873 rogabant
1475 819 1519 859 et
1549 817 1614 864 τίς
1643 828 1690 859 σε
1716 813 1850 869 ιηἐν,
1871 815 1953 858 Vix

374 886 562 943 intelligi
602 885 685 929 duo
716 886 818 929 haec
849 885 1055 929 vocabula
1087 887 1264 942 possunt
1294 888 1378 929 nisi
1408 886 1461 929 ab
1492 900 1540 930 eo
1573 888 1648 943 (1111
1679 879 1841 930 Latine
1859 886 1952 929 scit.

375 957 416 1000 Is
457 958 571 1000 enim
601 958 722 1000 novit
754 971 886 1000 unum
921 958 1175 1012 commenda·
1207 957 1392 1000 verbum
1417 970 1541 1023 saepe
1570 956 1693 1000 idem
1708 950 1954 1014 significare

375 1033 502 1085 atque
535 1029 766 1082 eoqnitorem
797 1043 905 1080 ease,
925 1018 1287 1084 quemadmodum
1319 1028 1472 1071 diserte
1503 1031 1710 1071 testatur
1707 1026 1817 1072 'sGic
1834 1026 1951 1071 1Ψιιιϊ.

376 1099 424 1142 L.
450 1099 470 1141 I
498 1114 533 1142 c.
563 1098 588 1141 5
615 1099 690 1141 ubi
716 1100 906 1155 primum
934 1098 1117 1155 legitur.
1150 1101 1252 1155 „qui
1278 1100 1515 1156 cognitores
1540 1099 1732 1143 homines
1757 1090 1954 1142 honestos

377 1169 522 1212 daret'’
527 1203 538 1222 ,
579 1172 674 1212 tum
717 1169 845 1226 paulo
885 1173 981 1226 post
1023 1182 1150 1220 „cum
1182 1183 1279 1212 eum
1313 1169 1535 1226 Syracusis
1565 1168 1952 1226 ampliusssce'ntum

375 1242 487 1282 cives
518 1240 702 1283 Romani
731 1239 1077 1296 cognoscerenffl.
1111 1239 1392 1283 Provincialis
1423 1254 1539 1297 ergo,
1569 1241 1616 1285 in
1643 1231 1852 1284 iudicium
1882 1239 1954 1282 ad—

373 1311 542 1361 ductus,
575 1314 650 1354 aut
683 1325 838 1367 „quem
869 1312 1139 1367 cognitorem
1167 1309 1352 1354 habes?”
1386 1303 1616 1368 rogabatur
1645 1314 1761 1354 aut·-
1754 1303 1879 1367 ,,(11118
1908 1312 1952 1352 te

376 1380 649 1439 cognoscit?'’
675 1382 834 1437 Atque
875 1382 982 1424 hanc
1024 1395 1190 1438 quoque
1221 1375 1455 1425 formulam
1485 1381 1755 1434 horrendam,
1767 1379 1953 1425 Oretan-

376 1453 487 1495 sium
534 1453 783 1508 praesertim
825 1454 1017 1509 cognatis
1054 1458 1096 1495 et
1125 1444 1336 1504 affinibus,
1369 1452 1637 1504 Plutarchus,
1666 1443 1829 1496 Graee'e
1858 1453 1955 1495 scri·

379 1523 490 1574 bens,
523 1536 652 1579 quam
684 1524 826 1580 potnit
856 1524 1087 1567 minimum
1120 1516 1320 1567 mutavit.
1549 1537 1551 1540 ⁴
1759 1518 1781 1554 3
1838 1516 1865 1556 3·

436 1594 582 1650 Neque
623 1593 811 1636 firmiora
852 1593 1109 1636 Volkmanni
1150 1594 1370 1645 „interna”
1411 1596 1511 1636 sunt
1539 1586 1805 1651 argmenta.
1830 1587 1953 1636 Haec

375 1674 543 1720 quoque
573 1663 700 1720 paulo
732 1666 969 1707 accuratius
999 1664 1335 1707 consideremus:
1739 1682 1741 1686 ⁴

436 1734 456 1776 I
497 1734 766 1791 Thucydides
789 1733 860 1788 (II,
880 1733 954 1788 13)
976 1738 1118 1778 narrat
1140 1729 1360 1786 Periclem,
1385 1738 1434 1777 ut
1456 1736 1651 1778 instante
1658 1733 1768 1778 bello·
1780 1730 1951 1778 omnem

376 1806 541 1849 civibus
580 1805 767 1848 demeret
794 1808 974 1856 metum,
1007 1810 1050 1847 et
1080 1808 1239 1847 ceteras
1270 1801 1528 1861 reipublicae
1559 1815 1825 1850 enumerasse
1855 1817 1954 1861 opes

376 1880 420 1918 et
451 1877 649 1919 certiores
679 1889 750 1918 eos
782 1876 931 1919 fecisse
962 1875 1089 1927 Deae,
1120 1877 1164 1918 in
1191 1877 1313 1918 cuius
1339 1875 1476 1919 tutela
1500 1871 1751 1928 ιιι-1188811811,
1778 1875 1952 1934 signum

375 1951 572 1990 ornatum
604 1960 692 1990 esse
724 1946 782 1989 40
813 1946 985 1989 talentis
1017 1948 1111 1989 auri
1141 1948 1252 2003 puri,
1287 1946 1398 2003 quod
1429 1948 1529 2003 quia
1553 1946 1656 1990 inde'
1674 1941 1952 2004 toltiffpoma

375 2018 420 2059 in
458 2017 601 2060 ultima
642 2031 771 2059 rerum
814 2018 1087 2071 desperamne
1127 2015 1180 2060 ad
1211 2031 1339 2060 usum
1370 2016 1472 2060 belli
1494 2015 1629 2072 poscet
1657 2017 1860 2068 adhiberi,
1890 2018 1954 2060 i-ta

378 2092 427 2130 ut
467 2087 578 2131 bello
618 2088 740 2131 finito
781 2085 938 2131 eodem*
969 2087 1214 2131 redderetur
1253 2087 1434 2144 pondere
1476 2088 1589 2131 deae.-
1612 2085 1876 2132 ‘Plutamh'us
1902 2090 1953 2130 111

376 2161 517 2202 'nostro
558 2157 705 2202 libello
743 2163 800 2215 (p.
835 2158 995 2212 82813).
1027 2158 1204 2202 eandem
1235 2172 1326 2202 rem
1358 2158 1444 2202 fere
1475 2158 1614 2202 iisdem
1644 2155 1951 2202 traditam-bis:

376 2227 408 2272 ὅ
427 2245 479 2280 γε
512 2234 712 2280 Περικλῆς
744 2229 889 2276 ἐκεῖνος
924 2229 990 2272 τὸν
1021 2234 1097 2278 τῆς
1129 2228 1226 2276 θεᾶς
1257 2228 1418 2282 κόσμον,
1450 2220 1843 2281 daiam-ardanna
1862 2244 1953 2272 τεσ-

377 2299 607 2353 σαράκοντα
639 2299 807 2353 χρυσίου
839 2299 1039 2353 ἀπέφθου,
1073 2300 1321 2353 περιαίρετον
1352 2300 1552 2352 immersu,
1583 2298 1709 2352 ὅπως,
1735 2297 1954 2354 ἔΦὴ,’·’χρη-

377 2370 546 2421 odaeum
574 2370 669 2422 πρὸς
696 2370 765 2413 τὸν
791 2369 971 2421 πόλεμον
997 2367 1108 2418 αὖθις
1135 2370 1351 2418 ἀποδῶμεν
1377 2372 1435 2421 μὴ
1453 2370 1748 2415 ἓλιττσνμῖῌὶο
1762 2372 1951 2427 primum

375 2439 593 2485 contendit
634 2441 925 2484 Volkmannus
966 2441 1076 2484 nihil
1119 2441 1400 2485 Plutarchum
1442 2437 1580 2485 dicere
1619 2435 1830 2485 de'fflius
1859 2442 1952 2485 auri

376 2512 572 2568 pondere.
613 2512 709 2568 Ipsa
749 2514 834 2556 viri
874 2513 1226 2569 praestantissimi
1268 2512 1369 2555 haec
1411 2517 1510 2557 sunt
1550 2513 1702 2556 verba-x
1724 2512 1875 2564 *haber
1906 2524 1954 2554 er

376 2587 472 2640 sagt
504 2584 644 2625 nichts
674 2597 758 2626 von
791 2584 950 2626 seiuem
984 2581 1224 2626 Gewicht”.
1259 2581 1340 2625 Vix
1371 2582 1504 2626 oculis
1537 2584 1644 2626 meis
1673 2580 1810 2626 credo.
1841 2581 1951 2624 'Dum

377 2652 641 2696 Volkmanno
683 2655 988 2710 gravissimum
1030 2652 1201 2696 videtur
1230 2652 1342 2709 quod
1373 2652 1628 2696 Plutarchus
1658 2648 1822 2699 nullam
1850 2651 1953 2695 facit

374 2725 636 2766 mentionem
668 2722 788 2766 illius
818 2723 996 2766 ultimae
1027 2737 1171 2766 rerum
1201 2723 1517 2779 desperationis,
1541 2734 1671 2780 quam
1699 2722 1812 2780 apud
1839 2721 1952 2765 'rhu-

376 2793 573 2849 cydidem
616 2794 769 2837 habes:
814 2794 935 2845 „dass
966 2793 1038 2837 es'’
1071 2795 1132 2836 ait
1167 2795 1262 2845 „ein
1293 2807 1463 2850 grosser
1491 2792 1876 2845 Untersohied-sei,
1906 2795 1951 2836 in

376 2863 518 2906 Zeiten
560 2864 632 2906 der
672 2864 787 2907 Noth
826 2866 918 2907 eine
951 2863 1247 2919 Verwendung
1278 2878 1360 2907 von
1393 2862 1775 2920 'l'empelschmunk
1805 2864 1951 2907 verbe-

376 2933 555 2976 haltlich
579 2933 668 2976 der
708 2933 1122 2991 Zuriickerstattung
1161 2934 1248 2976 und
1279 2934 1350 2976 fiir
1381 2934 1459 2976 den
1491 2937 1728 2977 §.nasei-stan
1758 2931 1952 2976 Nothfall

376 3003 645 3054 anzurathen,
678 3003 765 3045 und
796 3004 940 3060 gleich
971 3018 1054 3047 von
1080 3005 1331 3048 voruherein
1364 3004 1430 3047 bei
1458 3003 1534 3047 der
1565 3002 1851 3060 Aufertigung
1877 3003 1950 3046 des
