2002 3372
911 247 998 290 245

154 368 325 414 datione
365 372 574 421 γαμῶμεν
615 372 660 413 et
702 374 1035 424 τεκνοτροφῶμεν
1062 370 1260 427 legamus
1292 385 1367 428 pro
1399 370 1630 415 eorundem
1665 384 1755 415 ver-

153 440 307 485 borum
338 439 597 484 indicat-ivis.

212 574 460 633 Sequuntur
489 575 616 620 haec:

210 649 266 695 de,-
302 647 429 698 μηδὲν
462 647 503 688 ἐν
535 647 699 695 ἑαυτοῖς
731 648 904 698 δήλωμα
938 655 1010 698 τῆς
1045 650 1210 702 Φύσεως
1243 649 1284 692 ὃν
1315 650 1370 692 τὰ
1405 653 1482 692 τῶν
1514 650 1649 702 θηρίων
1682 649 1752 699 ἤθη

150 717 223 760 καὶ
255 718 368 767 τάθη
398 722 730 770 προσαγορεῦσαι

151 802 259 847 quae
290 803 389 832 cum
422 789 773 846 praecedentibus
804 805 887 834 non
921 791 1159 834 cohaerent.
1205 791 1372 835 Reiskii
1402 791 1754 849 supplementum

150 860 238 912 καί,
269 864 370 904 ante
399 860 456 903 τά
482 862 687 918 positum,
716 862 869 918 probat
897 862 1268 920 Wyttenbaehius,
1298 868 1340 906 et
1367 868 1479 906 certe
1506 865 1566 906 sic
1594 865 1753 907 vitium

69 943 71 946 ⁴
144 928 332 975 tollitur.
375 930 619 975 Videndum
652 935 797 975 tamen
830 947 884 976 an
917 948 1002 977 non
1034 935 1190 977 rectius
1220 933 1334 977 illud
1368 934 1436 976 καὶ
1471 938 1568 977 ante
1600 935 1649 982 ὥς
1684 949 1754 992 po-

68 1003 75 1037 ?
148 1006 290 1060 natur.
332 1003 448 1047 Mihi
489 1002 665 1060 quidem
710 1005 755 1046 in
797 1004 876 1048 hac
918 1019 963 1048 re
1006 1005 1150 1048 hiatus
1194 1004 1504 1062 impedimento
1548 1019 1632 1048 non
1674 1009 1751 1049 est.

147 1072 324 1118 Insolito
349 1074 421 1118 hic
447 1078 775 1126 προσαγορεῦσαι
803 1077 995 1132 positum
1026 1079 1091 1119 est
1118 1076 1198 1119 hoo
1221 1076 1308 1119 fere
1329 1089 1479 1119 sensu:
1507 1079 1752 1120 convertere

149 1159 209 1198 se,
249 1145 479 1204 appellare,
513 1145 741 1190 consilium
775 1146 874 1190 inde
906 1151 1062 1204 petere.
1096 1148 1265 1191 Vitium
1297 1148 1468 1192 subesse
1500 1163 1584 1191 non
1615 1148 1751 1192 credo.

207 1293 267 1337 ib.
308 1292 492 1347 (Natura
523 1297 685 1347 nostra)
717 1294 811 1345 πρὸς
846 1295 987 1336 πολλοὶ
1016 1294 1247 1345 μιγνυμένη
1277 1293 1476 1346 δόγματα
1507 1295 1577 1338 καὶ
1606 1295 1751 1347 κρίσεις

150 1356 360 1412 ’ἐπιθέτους
393 1364 557 1413 ποικίλη
590 1364 741 1416 γέγονε
775 1365 844 1407 καὶ
878 1365 978 1409 ἰδίει.

208 1435 326 1490 Quae
357 1437 445 1479 sint
477 1437 623 1490 κρίσεις
653 1436 826 1479 ἐπίθετοι
854 1436 1098 1494 intelligere
1125 1437 1234 1479 mihi
1261 1437 1419 1481 videor.
1454 1437 1567 1480 Sunt
1592 1437 1753 1481 iudicia

149 1506 338 1573 ¹ulii-uide,
370 1521 456 1551 uon
488 1521 541 1550 ex
573 1510 717 1552 nostra
747 1509 942 1565 ipsorum
973 1512 1132 1560 mente,
1166 1509 1315 1564 petita.
1350 1507 1607 1553 Conferatur
1638 1509 1752 1566 quod

140 1571 202 1622 ·de
242 1577 445 1623 vocabuli
487 1579 614 1632 κρίσις
656 1579 981 1637 significatione
1011 1581 1215 1623 annotavi
1258 1580 1311 1622 ad
1354 1582 1540 1637 priorem
1584 1584 1752 1637 partem

95 1664 99 1667 ’
150 1648 544 1718 disputatiunculae
584 1649 732 1694 libello
771 1652 821 1693 de
853 1651 1051 1708 fraterno
1083 1665 1214 1693 amore
1244 1653 1517 1708 praemissae.
1552 1650 1635 1694 Sed
1668 1651 1751 1694 ἰδία

147 1707 271 1765 mibi
285 1721 508 1765 ferendum
538 1736 618 1766 non
638 1721 823 1774 videtur,
850 1721 952 1765 licet
969 1726 1146 1765 annotet
1163 1722 1321 1766 editor·
1347 1722 1592 1777 ἱδιάζουσω“
1576 1722 1751 1775 εκάστῳ.

147 1791 272 1836 Hanc
317 1794 432 1840 enim
478 1794 567 1844 vim
619 1792 882 1837 adiectivum
929 1792 1042 1844 illud
1083 1807 1220 1850 neque
1261 1794 1391 1837 habet
1434 1807 1570 1852 neque
1612 1798 1753 1851 potest

146 1855 315 1908 habere.
359 1862 472 1917 Quid
513 1865 758 1922 requiratur
797 1864 921 1908 docet
961 1865 1075 1922 quod
1116 1866 1322 1908 continuo
1364 1866 1582 1923 sequitur:
1628 1865 1674 1907 τὸ
1718 1865 1752 1907 δ’

146 1928 289 1986 ,οἰκεῖον
331 1935 376 1978 οὐ
418 1937 629 1988 τετήρηκε.
673 1935 927 1992 Requiritur
958 1950 1060 1994 ergo
1092 1935 1255 1994 aliquid
1289 1936 1401 1994 quod
1435 1938 1490 1989 τῷ
1524 1937 1652 1991 οἰκείῳ
1685 1952 1751 1992 op-

136 2009 332 2062 ponatur,
364 2003 459 2053 ἴδιος
495 2019 594 2050 vero
627 2010 670 2050 et
700 2007 842 2054 οἷκεῒος
872 2009 1043 2050 tantum
1070 2021 1153 2050 non
1183 2021 1427 2065 synonyma
1453 2011 1567 2052 sunt.
1601 2000 1751 2066 Ipsum

147 2075 407 2122 vocabulum
455 2091 540 2120 non
585 2082 767 2134 praesto.
816 2078 929 2121 Nam
972 2079 1173 2132 ἀλλοτρία
1216 2093 1240 2121 a
1283 2078 1482 2122 ductibus
1524 2078 1751 2123 literarum

60 2143 70 2213 J
145 2147 402 2198 traditarum
434 2149 566 2192 nimis
598 2153 816 2192 remotum
848 2154 926 2193 est.

207 2294 346 2339 493D
397 2295 463 2339 Ne
504 2297 713 2340 miremur
755 2298 788 2340 εἶ
833 2297 888 2339 τὰ
933 2294 1076 2347 ἄλογοι
1119 2297 1204 2350 ζῷοι
1247 2301 1325 2338 τῶν
1367 2299 1542 2348 λογικῶν
1583 2299 1750 2347 μᾶλλον

67 2366 70 2368 ’
145 2365 295 2410 ἕπεται
326 2373 376 2421 τῇ
409 2369 559 2419 Φύσει·
595 2368 664 2411 καὶ
699 2368 784 2421 γὰρ
817 2369 873 2410 τὰ
906 2368 1024 2419 Φυτὰ
1053 2372 1130 2410 τῶν
1156 2367 1276 2422 ζῴων,
1302 2365 1358 2413 οἷς
1386 2368 1478 2412 οὔτε
1506 2369 1749 2420 Φαντασίοιν

145 2439 227 2483 οὔδ’
258 2439 382 2490 ὁρμὴν
415 2439 559 2482 ἔδωκεν
593 2439 733 2491 ἑτέρων
765 2439 889 2491 ὄρεξιν
924 2443 994 2482 τοῦ
1028 2441 1139 2481 κατὰ
1174 2440 1300 2490 Φύσιν
1333 2440 1694 2482 ἀποσαλεύουσαν.

208 2509 453 2555 Admodum
501 2509 733 2553 molestum
782 2510 896 2566 quod
943 2510 1108 2567 legenti
1151 2511 1272 2554 verbi
1318 2510 1460 2553 ἔδωκεν
1505 2512 1749 2554 subiectum

145 2580 379 2638 petendum
412 2586 477 2624 est
508 2595 560 2623 ex
593 2582 733 2633 Φύσει.
767 2581 854 2624 Diu
881 2582 1040 2624 frustra
1068 2583 1212 2637 quivis
1238 2581 1349 2624 illud
1379 2587 1555 2637 quaerat
1581 2596 1749 2625 necesse

145 2657 223 2696 est.
265 2652 350 2696 Sed
391 2666 566 2709 prorsus
598 2667 684 2696 non
717 2652 890 2696 ferenda
923 2654 1157 2709 sequentia,
1191 2666 1298 2708 quae
1330 2666 1479 2696 arenae
1511 2654 1603 2695 sine
1635 2652 1749 2697 calce

144 2725 282 2766 instar
323 2729 436 2767 sunt.
481 2724 669 2767 Annotat
715 2723 853 2766 editor
894 2723 1151 2780 Emperium
1194 2737 1271 2779 pro
1304 2723 1444 2775 ἑτέρων
1478 2725 1748 2780 proposuisse

146 2795 320 2847 ἐνεργόν,
353 2794 465 2851 quod
499 2796 570 2837 vix
605 2794 742 2845 credo,
776 2807 876 2836 nam
907 2793 984 2836 illa
1015 2808 1101 2838 vox
1133 2794 1184 2837 ad
1218 2797 1352 2837 totam
1381 2796 1634 2838 sententiam
1663 2809 1746 2838 non

143 2866 339 2923 quadrat,
371 2866 454 2909 sibi
486 2870 632 2909 autem
667 2867 808 2922 magis
839 2864 1006 2922 placere
1041 2865 1062 2914 ἢ
1097 2865 1252 2917 ἑτέρων,
1285 2865 1399 2922 quod
1430 2866 1541 2908 mihi
1573 2866 1748 2923 quidem

143 2935 526 2993 languidissimum
561 2936 743 2979 videtur.
791 2935 994 2992 Suspicor
1027 2939 1168 2979 totum
1201 2936 1318 2979 istud
1353 2935 1492 2988 ἑτέρων
1522 2935 1647 2988 ὄρεξιν
1678 2951 1749 2980 na·

145 3013 243 3051 tum
283 3021 374 3052 esse
416 3022 466 3051 ex
509 3010 782 3051 annotatione
825 3021 932 3064 quae
974 3006 1191 3065 legentem
1235 3009 1457 3052 certiorem
1491 3008 1747 3065 fecerit‘pro
