<?xml version="1.0" encoding="UTF-8"?>
<!DOCTYPE html PUBLIC "-//W3C//DTD XHTML 1.0 Transitional//EN"
    "http://www.w3.org/TR/xhtml1/DTD/xhtml1-transitional.dtd">
<html xmlns="http://www.w3.org/1999/xhtml" xml:lang="en" lang="en">
 <head>
  <title>
</title>
<meta http-equiv="Content-Type" content="text/html;charset=utf-8" />
  <meta name='ocr-system' content='tesseract 3.04.00' />
  <meta name='ocr-capabilities' content='ocr_page ocr_carea ocr_par ocr_line ocrx_word'/>
</head>
<body>
  <div class='ocr_page' id='page_1' title='image "./deplutarchoscrip00hartuoft_0282.png"; bbox 0 0 2002 3372; ppageno 0'>
   <div class='ocr_carea' id='block_1_1' title="bbox 1074 199 1162 243">
    <p class='ocr_par' dir='ltr' id='par_1_1' title="bbox 1074 199 1162 243">
     <span class='ocr_line' id='line_1_1' title="bbox 1074 199 1162 243; baseline 0.011 -1"><span class='ocrx_word' id='word_1_1' title='bbox 1074 199 1162 243; x_wconf 81' lang='lat'>266</span> 
     </span>
    </p>
   </div>
   <div class='ocr_carea' id='block_1_2' title="bbox 314 318 1936 2986">
    <p class='ocr_par' dir='ltr' id='par_1_2' title="bbox 327 318 1910 727">
     <span class='ocr_line' id='line_1_2' title="bbox 330 318 1910 375; baseline 0.003 -15"><span class='ocrx_word' id='word_1_2' title='bbox 330 319 433 361; x_wconf 89' lang='lat' dir='ltr'>dum</span> <span class='ocrx_word' id='word_1_3' title='bbox 465 320 533 361; x_wconf 90' lang='lat' dir='ltr'>hic</span> <span class='ocrx_word' id='word_1_4' title='bbox 564 318 821 362; x_wconf 74' lang='lat' dir='ltr'><strong>Plutarchus</strong></span> <span class='ocrx_word' id='word_1_5' title='bbox 852 319 1012 363; x_wconf 78' lang='lat' dir='ltr'>recedit</span> <span class='ocrx_word' id='word_1_6' title='bbox 1042 334 1066 363; x_wconf 86' lang='lat' dir='ltr'>a</span> <span class='ocrx_word' id='word_1_7' title='bbox 1097 320 1255 374; x_wconf 82' lang='lat' dir='ltr'>Tacito,</span> <span class='ocrx_word' id='word_1_8' title='bbox 1288 324 1411 365; x_wconf 88' lang='lat' dir='ltr'>cuius</span> <span class='ocrx_word' id='word_1_9' title='bbox 1442 321 1638 375; x_wconf 90' lang='lat' dir='ltr'>Annales,</span> <span class='ocrx_word' id='word_1_10' title='bbox 1670 336 1771 366; x_wconf 87' lang='lat' dir='ltr'>cum</span> <span class='ocrx_word' id='word_1_11' title='bbox 1796 323 1910 365; x_wconf 90' lang='lat' dir='ltr'>hunc</span> 
     </span>
     <span class='ocr_line' id='line_1_3' title="bbox 329 388 1909 448; baseline 0.003 -17"><span class='ocrx_word' id='word_1_12' title='bbox 329 389 537 431; x_wconf 77' lang='lat' dir='ltr'>scribebat</span> <span class='ocrx_word' id='word_1_13' title='bbox 579 388 787 441; x_wconf 87' lang='lat' dir='ltr'>libellum,</span> <span class='ocrx_word' id='word_1_14' title='bbox 822 390 1006 444; x_wconf 66' lang='lat' dir='ltr'>fortasse</span> <span class='ocrx_word' id='word_1_15' title='bbox 1046 393 1238 448; x_wconf 85' lang='lat' dir='ltr'>cognitos</span> <span class='ocrx_word' id='word_1_16' title='bbox 1281 392 1446 435; x_wconf 88' lang='lat' dir='ltr'>habuit.</span> <span class='ocrx_word' id='word_1_17' title='bbox 1490 392 1610 445; x_wconf 78' lang='lat' dir='ltr'>Quod</span> <span class='ocrx_word' id='word_1_18' title='bbox 1652 393 1690 435; x_wconf 91' lang='lat' dir='ltr'>si</span> <span class='ocrx_word' id='word_1_19' title='bbox 1729 394 1792 436; x_wconf 86' lang='lat' dir='ltr'>ita</span> <span class='ocrx_word' id='word_1_20' title='bbox 1831 395 1909 444; x_wconf 86' lang='lat' dir='ltr'>est,</span> 
     </span>
     <span class='ocr_line' id='line_1_4' title="bbox 329 459 1910 520; baseline 0.003 -19"><span class='ocrx_word' id='word_1_21' title='bbox 329 474 440 502; x_wconf 89' lang='lat' dir='ltr'>nunc</span> <span class='ocrx_word' id='word_1_22' title='bbox 473 474 639 515; x_wconf 89' lang='lat' dir='ltr'>quoque</span> <span class='ocrx_word' id='word_1_23' title='bbox 673 459 867 502; x_wconf 90' lang='lat' dir='ltr'>videmus</span> <span class='ocrx_word' id='word_1_24' title='bbox 899 474 998 504; x_wconf 91' lang='lat' dir='ltr'>eum</span> <span class='ocrx_word' id='word_1_25' title='bbox 1030 476 1110 505; x_wconf 93' lang='lat' dir='ltr'>non</span> <span class='ocrx_word' id='word_1_26' title='bbox 1137 476 1294 520; x_wconf 87' lang='lat' dir='ltr'>magno</span> <span class='ocrx_word' id='word_1_27' title='bbox 1321 477 1445 520; x_wconf 88' lang='lat' dir='ltr'>opere</span> <span class='ocrx_word' id='word_1_28' title='bbox 1470 462 1679 506; x_wconf 86' lang='lat' dir='ltr'>laborasse</span> <span class='ocrx_word' id='word_1_29' title='bbox 1701 465 1754 506; x_wconf 89' lang='lat' dir='ltr'>ut</span> <span class='ocrx_word' id='word_1_30' title='bbox 1777 462 1910 506; x_wconf 86' lang='lat' dir='ltr'>libros</span> 
     </span>
     <span class='ocr_line' id='line_1_5' title="bbox 327 529 1910 589; baseline 0.003 -18"><span class='ocrx_word' id='word_1_31' title='bbox 327 529 437 581; x_wconf 86' lang='lat' dir='ltr'>illos,</span> <span class='ocrx_word' id='word_1_32' title='bbox 481 530 711 573; x_wconf 84' lang='lat' dir='ltr'><strong>admodum</strong></span> <span class='ocrx_word' id='word_1_33' title='bbox 754 531 929 573; x_wconf 89' lang='lat' dir='ltr'>obscure</span> <span class='ocrx_word' id='word_1_34' title='bbox 971 533 1162 589; x_wconf 91' lang='lat' dir='ltr'>scriptos,</span> <span class='ocrx_word' id='word_1_35' title='bbox 1203 537 1330 589; x_wconf 87' lang='lat' dir='ltr'>atque</span> <span class='ocrx_word' id='word_1_36' title='bbox 1373 535 1413 576; x_wconf 89' lang='lat' dir='ltr'>ei</span> <span class='ocrx_word' id='word_1_37' title='bbox 1443 536 1555 576; x_wconf 88' lang='lat' dir='ltr'>certe</span> <span class='ocrx_word' id='word_1_38' title='bbox 1586 534 1689 576; x_wconf 87' lang='lat' dir='ltr'>satis</span> <span class='ocrx_word' id='word_1_39' title='bbox 1719 531 1910 576; x_wconf 84' lang='lat' dir='ltr'>difficiles</span> 
     </span>
     <span class='ocr_line' id='line_1_6' title="bbox 327 600 1908 660; baseline 0.002 -18"><span class='ocrx_word' id='word_1_40' title='bbox 327 600 441 642; x_wconf 89' lang='lat' dir='ltr'>lectu</span> <span class='ocrx_word' id='word_1_41' title='bbox 484 602 570 656; x_wconf 89' lang='lat' dir='ltr'>qui,</span> <span class='ocrx_word' id='word_1_42' title='bbox 615 605 663 642; x_wconf 89' lang='lat' dir='ltr'>ut</span> <span class='ocrx_word' id='word_1_43' title='bbox 704 600 973 653; x_wconf 81' lang='lat' dir='ltr'>Plutarchus,</span> <span class='ocrx_word' id='word_1_44' title='bbox 1006 603 1051 644; x_wconf 89' lang='lat' dir='ltr'>in</span> <span class='ocrx_word' id='word_1_45' title='bbox 1083 616 1274 646; x_wconf 78' lang='lat' dir='ltr'>sermone</span> <span class='ocrx_word' id='word_1_46' title='bbox 1301 603 1435 647; x_wconf 89' lang='lat' dir='ltr'>latino</span> <span class='ocrx_word' id='word_1_47' title='bbox 1467 617 1619 659; x_wconf 90' lang='lat' dir='ltr'>parum</span> <span class='ocrx_word' id='word_1_48' title='bbox 1652 603 1908 660; x_wconf 77' lang='lat' dir='ltr'>profecisset,</span> 
     </span>
     <span class='ocr_line' id='line_1_7' title="bbox 327 671 1277 727; baseline 0.003 -14"><span class='ocrx_word' id='word_1_49' title='bbox 327 675 520 713; x_wconf 89' lang='lat' dir='ltr'>accurate</span> <span class='ocrx_word' id='word_1_50' title='bbox 552 675 834 727; x_wconf 88' lang='lat' dir='ltr'>cognosceret.</span> <span class='ocrx_word' id='word_1_51' title='bbox 867 671 937 715; x_wconf 84' lang='lat' dir='ltr'>Sic</span> <span class='ocrx_word' id='word_1_52' title='bbox 967 673 1081 715; x_wconf 90' lang='lat' dir='ltr'>enim</span> <span class='ocrx_word' id='word_1_53' title='bbox 1114 677 1277 717; x_wconf 89' lang='lat' dir='ltr'>narrat:</span> 
     </span>
    </p>

    <p class='ocr_par' dir='ltr' id='par_1_3' title="bbox 325 742 1936 1224">
     <span class='ocr_line' id='line_1_8' title="bbox 388 742 1910 803; baseline 0.003 -21"><span class='ocrx_word' id='word_1_54' title='bbox 388 742 468 791; x_wconf 88' lang='lat' dir='ltr'>vir,</span> <span class='ocrx_word' id='word_1_55' title='bbox 512 742 581 783; x_wconf 91' lang='lat' dir='ltr'>cui</span> <span class='ocrx_word' id='word_1_56' title='bbox 621 743 891 797; x_wconf 89' lang='lat' dir='ltr'>imperatoris</span> <span class='ocrx_word' id='word_1_57' title='bbox 929 743 1143 786; x_wconf 89' lang='lat' dir='ltr'>occidendi</span> <span class='ocrx_word' id='word_1_58' title='bbox 1167 757 1262 803; x_wconf 22' lang='lat' dir='ltr'>&#39;sors</span> <span class='ocrx_word' id='word_1_59' title='bbox 1294 745 1505 801; x_wconf 84' lang='lat' dir='ltr'>obtigerat</span> <span class='ocrx_word' id='word_1_60' title='bbox 1537 743 1808 798; x_wconf 81' lang='lat' dir='ltr'>(Scaevinum</span> <span class='ocrx_word' id='word_1_61' title='bbox 1839 743 1910 787; x_wconf 89' lang='lat' dir='ltr'>hic</span> 
     </span>
     <span class='ocr_line' id='line_1_9' title="bbox 326 803 1910 867; baseline 0.003 -14"><span class='ocrx_word' id='word_1_62' title='bbox 326 811 586 854; x_wconf 83' lang='lat' dir='ltr'>Plutarchus</span> <span class='ocrx_word' id='word_1_63' title='bbox 625 827 708 854; x_wconf 91' lang='lat' dir='ltr'>non</span> <span class='ocrx_word' id='word_1_64' title='bbox 750 814 975 867; x_wconf 80' lang='lat' dir='ltr'>nominat),</span> <span class='ocrx_word' id='word_1_65' title='bbox 1017 828 1116 857; x_wconf 91' lang='lat' dir='ltr'>cum</span> <span class='ocrx_word' id='word_1_66' title='bbox 1159 814 1211 857; x_wconf 90' lang='lat' dir='ltr'>ad</span> <span class='ocrx_word' id='word_1_67' title='bbox 1255 815 1471 857; x_wconf 83' lang='lat' dir='ltr'>theatrum</span> <span class='ocrx_word' id='word_1_68' title='bbox 1513 803 1771 867; x_wconf 82' lang='lat' dir='ltr'>ambularet,</span> <span class='ocrx_word' id='word_1_69' title='bbox 1812 818 1910 858; x_wconf 87' lang='lat' dir='ltr'>ante</span> 
     </span>
     <span class='ocr_line' id='line_1_10' title="bbox 326 882 1936 942; baseline 0.002 -19"><span class='ocrx_word' id='word_1_70' title='bbox 326 882 435 925; x_wconf 86' lang='lat' dir='ltr'>fores</span> <span class='ocrx_word' id='word_1_71' title='bbox 481 882 654 935; x_wconf 90' lang='lat' dir='ltr'>(Palatii</span> <span class='ocrx_word' id='word_1_72' title='bbox 701 886 751 925; x_wconf 89' lang='lat' dir='ltr'>ut</span> <span class='ocrx_word' id='word_1_73' title='bbox 798 885 963 939; x_wconf 88' lang='lat' dir='ltr'>opinor)</span> <span class='ocrx_word' id='word_1_74' title='bbox 1011 898 1183 933; x_wconf 85' lang='lat' dir='ltr'>servum</span> <span class='ocrx_word' id='word_1_75' title='bbox 1227 887 1445 941; x_wconf 84' lang='lat' dir='ltr'>conspexit</span> <span class='ocrx_word' id='word_1_76' title='bbox 1486 887 1701 937; x_wconf 88' lang='lat' dir='ltr'>vinctum,</span> <span class='ocrx_word' id='word_1_77' title='bbox 1743 885 1819 942; x_wconf 88' lang='lat' dir='ltr'>qui</span> <span class='ocrx_word' id='word_1_78' title='bbox 1857 884 1936 927; x_wconf 80' lang='lat' dir='ltr'>ad·</span> 
     </span>
     <span class='ocr_line' id='line_1_11' title="bbox 325 953 1911 1009; baseline 0.003 -15"><span class='ocrx_word' id='word_1_79' title='bbox 325 954 625 1009; x_wconf 89' lang='lat' dir='ltr'>imperatorem</span> <span class='ocrx_word' id='word_1_80' title='bbox 658 953 944 997; x_wconf 85' lang='lat' dir='ltr'>adducebatur</span> <span class='ocrx_word' id='word_1_81' title='bbox 970 958 1012 997; x_wconf 91' lang='lat' dir='ltr'>et</span> <span class='ocrx_word' id='word_1_82' title='bbox 1040 955 1090 997; x_wconf 90' lang='lat' dir='ltr'>de</span> <span class='ocrx_word' id='word_1_83' title='bbox 1117 969 1193 998; x_wconf 89' lang='lat' dir='ltr'>sua</span> <span class='ocrx_word' id='word_1_84' title='bbox 1218 954 1534 998; x_wconf 85' lang='lat' dir='ltr'>lamentabatur</span> <span class='ocrx_word' id='word_1_85' title='bbox 1559 960 1681 999; x_wconf 86' lang='lat' dir='ltr'>sorte.</span> <span class='ocrx_word' id='word_1_86' title='bbox 1714 956 1911 999; x_wconf 85' lang='lat' dir='ltr'>Accurrit</span> 
     </span>
     <span class='ocr_line' id='line_1_12' title="bbox 327 1015 1909 1081; baseline 0.003 -16"><span class='ocrx_word' id='word_1_87' title='bbox 327 1023 379 1066; x_wconf 92' lang='lat' dir='ltr'>ad</span> <span class='ocrx_word' id='word_1_88' title='bbox 420 1037 520 1066; x_wconf 90' lang='lat' dir='ltr'>eum</span> <span class='ocrx_word' id='word_1_89' title='bbox 563 1022 795 1068; x_wconf 81' lang='lat' dir='ltr'>Scaevinus</span> <span class='ocrx_word' id='word_1_90' title='bbox 826 1028 869 1067; x_wconf 92' lang='lat' dir='ltr'>et</span> <span class='ocrx_word' id='word_1_91' title='bbox 897 1015 1126 1081; x_wconf 86' lang='lat' dir='ltr'>„precare”</span> <span class='ocrx_word' id='word_1_92' title='bbox 1161 1027 1220 1068; x_wconf 88' lang='lat' dir='ltr'>ait</span> <span class='ocrx_word' id='word_1_93' title='bbox 1254 1029 1331 1078; x_wconf 90' lang='lat' dir='ltr'>„ut</span> <span class='ocrx_word' id='word_1_94' title='bbox 1363 1026 1480 1068; x_wconf 88' lang='lat' dir='ltr'>hicce</span> <span class='ocrx_word' id='word_1_95' title='bbox 1511 1025 1599 1068; x_wconf 83' lang='lat' dir='ltr'>dies</span> <span class='ocrx_word' id='word_1_96' title='bbox 1629 1025 1812 1069; x_wconf 83' lang='lat' dir='ltr'>feliciter</span> <span class='ocrx_word' id='word_1_97' title='bbox 1839 1039 1909 1069; x_wconf 85' lang='lat' dir='ltr'>ex-</span> 
     </span>
     <span class='ocr_line' id='line_1_13' title="bbox 326 1095 1908 1153; baseline 0.003 -17"><span class='ocrx_word' id='word_1_98' title='bbox 326 1095 483 1150; x_wconf 87' lang='lat' dir='ltr'>igatur,</span> <span class='ocrx_word' id='word_1_99' title='bbox 528 1099 675 1150; x_wconf 88' lang='lat' dir='ltr'>postea</span> <span class='ocrx_word' id='word_1_100' title='bbox 717 1095 826 1137; x_wconf 91' lang='lat' dir='ltr'>mihi</span> <span class='ocrx_word' id='word_1_101' title='bbox 866 1096 1040 1138; x_wconf 90' lang='lat' dir='ltr'>habebis</span> <span class='ocrx_word' id='word_1_102' title='bbox 1080 1096 1286 1153; x_wconf 85' lang='lat' dir='ltr'>gratias’&#39;.</span> <span class='ocrx_word' id='word_1_103' title='bbox 1334 1096 1510 1139; x_wconf 90' lang='lat' dir='ltr'>Dictum</span> <span class='ocrx_word' id='word_1_104' title='bbox 1551 1096 1669 1139; x_wconf 87' lang='lat' dir='ltr'>istud</span> <span class='ocrx_word' id='word_1_105' title='bbox 1709 1110 1908 1140; x_wconf 87' lang='lat' dir='ltr'>arcanum</span> 
     </span>
     <span class='ocr_line' id='line_1_14' title="bbox 327 1166 1854 1224; baseline 0.003 -17"><span class='ocrx_word' id='word_1_106' title='bbox 327 1179 474 1208; x_wconf 88' lang='lat' dir='ltr'>servus</span> <span class='ocrx_word' id='word_1_107' title='bbox 505 1166 700 1221; x_wconf 84' lang='lat' dir='ltr'>arripuit,</span> <span class='ocrx_word' id='word_1_108' title='bbox 733 1180 960 1222; x_wconf 88' lang='lat' dir='ltr'>secumque</span> <span class='ocrx_word' id='word_1_109' title='bbox 991 1167 1069 1210; x_wconf 93' lang='lat' dir='ltr'>hoc</span> <span class='ocrx_word' id='word_1_110' title='bbox 1101 1168 1294 1224; x_wconf 85' lang='lat' dir='ltr'>cogitans</span> <span class='ocrx_word' id='word_1_111' title='bbox 1852 1180 1854 1182; x_wconf 80' lang='grc'><strong>’</strong></span> 
     </span>
    </p>

    <p class='ocr_par' dir='ltr' id='par_1_4' title="bbox 325 1235 1909 1578">
     <span class='ocr_line' id='line_1_15' title="bbox 507 1235 1739 1294; baseline 0.002 -17"><span class='ocrx_word' id='word_1_112' title='bbox 507 1235 679 1287; x_wconf 89' lang='lat' dir='ltr'>stultus,</span> <span class='ocrx_word' id='word_1_113' title='bbox 712 1236 830 1279; x_wconf 87' lang='lat' dir='ltr'>adest</span> <span class='ocrx_word' id='word_1_114' title='bbox 860 1238 896 1279; x_wconf 92' lang='lat' dir='ltr'>si</span> <span class='ocrx_word' id='word_1_115' title='bbox 928 1237 1043 1293; x_wconf 89' lang='lat' dir='ltr'>quid,</span> <span class='ocrx_word' id='word_1_116' title='bbox 1078 1239 1239 1293; x_wconf 87' lang='lat' dir='ltr'>spernit</span> <span class='ocrx_word' id='word_1_117' title='bbox 1270 1238 1546 1294; x_wconf 84' lang='lat' dir='ltr'>sequiturque</span> <span class='ocrx_word' id='word_1_118' title='bbox 1575 1241 1739 1281; x_wconf 87' lang='lat' dir='ltr'>remota</span> 
     </span>
     <span class='ocr_line' id='line_1_16' title="bbox 386 1308 1909 1364; baseline 0.003 -16"><span class='ocrx_word' id='word_1_119' title='bbox 386 1309 546 1349; x_wconf 85' lang='lat' dir='ltr'>certam</span> <span class='ocrx_word' id='word_1_120' title='bbox 586 1308 770 1350; x_wconf 87' lang='lat' dir='ltr'>incertae</span> <span class='ocrx_word' id='word_1_121' title='bbox 810 1308 1014 1364; x_wconf 90' lang='lat' dir='ltr'>praetulit</span> <span class='ocrx_word' id='word_1_122' title='bbox 1045 1308 1240 1351; x_wconf 89' lang='lat' dir='ltr'>salutem.</span> <span class='ocrx_word' id='word_1_123' title='bbox 1274 1308 1472 1352; x_wconf 82' lang='lat' dir='ltr'>Scaevini</span> <span class='ocrx_word' id='word_1_124' title='bbox 1502 1308 1663 1351; x_wconf 89' lang='lat' dir='ltr'>dictum</span> <span class='ocrx_word' id='word_1_125' title='bbox 1696 1308 1749 1351; x_wconf 90' lang='lat' dir='ltr'>ad</span> <span class='ocrx_word' id='word_1_126' title='bbox 1779 1308 1909 1352; x_wconf 88' lang='lat' dir='ltr'>Nero-</span> 
     </span>
     <span class='ocr_line' id='line_1_17' title="bbox 325 1375 1909 1436; baseline 0.002 -17"><span class='ocrx_word' id='word_1_127' title='bbox 325 1391 422 1419; x_wconf 93' lang='lat' dir='ltr'>nem</span> <span class='ocrx_word' id='word_1_128' title='bbox 452 1375 629 1420; x_wconf 89' lang='lat' dir='ltr'>detulit:</span> <span class='ocrx_word' id='word_1_129' title='bbox 657 1380 804 1420; x_wconf 89' lang='lat' dir='ltr'>statim</span> <span class='ocrx_word' id='word_1_130' title='bbox 830 1377 903 1421; x_wconf 92' lang='lat' dir='ltr'>il]e</span> <span class='ocrx_word' id='word_1_131' title='bbox 929 1380 1160 1435; x_wconf 88' lang='lat' dir='ltr'>prehensus</span> <span class='ocrx_word' id='word_1_132' title='bbox 1186 1383 1262 1431; x_wconf 88' lang='lat' dir='ltr'>est,</span> <span class='ocrx_word' id='word_1_133' title='bbox 1291 1393 1415 1422; x_wconf 91' lang='lat' dir='ltr'>omne</span> <span class='ocrx_word' id='word_1_134' title='bbox 1437 1383 1748 1422; x_wconf 89' lang='lat' dir='ltr'>tormentorum</span> <span class='ocrx_word' id='word_1_135' title='bbox 1773 1393 1909 1436; x_wconf 87' lang='lat' dir='ltr'>genus</span> 
     </span>
     <span class='ocr_line' id='line_1_18' title="bbox 327 1447 1908 1506; baseline 0.002 -17"><span class='ocrx_word' id='word_1_136' title='bbox 327 1447 581 1499; x_wconf 85' lang='lat' dir='ltr'>adductum;</span> <span class='ocrx_word' id='word_1_137' title='bbox 626 1448 779 1499; x_wconf 85' lang='lat' dir='ltr'>„tum”</span> <span class='ocrx_word' id='word_1_138' title='bbox 822 1450 881 1492; x_wconf 92' lang='lat' dir='ltr'>sic</span> <span class='ocrx_word' id='word_1_139' title='bbox 913 1453 956 1492; x_wconf 87' lang='lat' dir='ltr'>et</span> <span class='ocrx_word' id='word_1_140' title='bbox 987 1449 1126 1506; x_wconf 91' lang='lat' dir='ltr'>lepide</span> <span class='ocrx_word' id='word_1_141' title='bbox 1157 1454 1200 1493; x_wconf 88' lang='lat' dir='ltr'>et</span> <span class='ocrx_word' id='word_1_142' title='bbox 1231 1451 1442 1505; x_wconf 82' lang='lat' dir='ltr'>sapienter</span> <span class='ocrx_word' id='word_1_143' title='bbox 1473 1463 1595 1493; x_wconf 88' lang='lat' dir='ltr'>suam</span> <span class='ocrx_word' id='word_1_144' title='bbox 1626 1449 1788 1492; x_wconf 88' lang='lat' dir='ltr'>claudit</span> <span class='ocrx_word' id='word_1_145' title='bbox 1815 1463 1908 1493; x_wconf 88' lang='lat' dir='ltr'>nar-</span> 
     </span>
     <span class='ocr_line' id='line_1_19' title="bbox 325 1512 1908 1578; baseline 0.002 -18"><span class='ocrx_word' id='word_1_146' title='bbox 325 1518 610 1561; x_wconf 85' lang='lat' dir='ltr'>ratiunculam</span> <span class='ocrx_word' id='word_1_147' title='bbox 649 1518 904 1562; x_wconf 88' lang='lat' dir='ltr'>Plutarchus</span> <span class='ocrx_word' id='word_1_148' title='bbox 948 1520 1180 1572; x_wconf 87' lang='lat' dir='ltr'>„adversus</span> <span class='ocrx_word' id='word_1_149' title='bbox 1222 1534 1368 1563; x_wconf 92' lang='lat' dir='ltr'>omnes</span> <span class='ocrx_word' id='word_1_150' title='bbox 1409 1512 1505 1578; x_wconf 79' lang='lat' dir='ltr'>illas</span> <span class='ocrx_word' id='word_1_151' title='bbox 1547 1522 1816 1564; x_wconf 82' lang='lat' dir='ltr'>necessitates</span> <span class='ocrx_word' id='word_1_152' title='bbox 1845 1522 1908 1563; x_wconf 92' lang='lat' dir='ltr'>in-</span> 
     </span>
    </p>

    <p class='ocr_par' dir='ltr' id='par_1_5' title="bbox 326 1590 1761 1647">
     <span class='ocr_line' id='line_1_20' title="bbox 326 1590 1761 1647; baseline 0.002 -16"><span class='ocrx_word' id='word_1_153' title='bbox 326 1590 455 1632; x_wconf 88' lang='lat' dir='ltr'>fitiari</span> <span class='ocrx_word' id='word_1_154' title='bbox 488 1590 716 1632; x_wconf 88' lang='lat' dir='ltr'>conabatur</span> <span class='ocrx_word' id='word_1_155' title='bbox 744 1590 789 1632; x_wconf 90' lang='lat' dir='ltr'>id</span> <span class='ocrx_word' id='word_1_156' title='bbox 822 1590 933 1646; x_wconf 90' lang='lat' dir='ltr'>quod</span> <span class='ocrx_word' id='word_1_157' title='bbox 965 1593 1053 1633; x_wconf 89' lang='lat' dir='ltr'>sine</span> <span class='ocrx_word' id='word_1_158' title='bbox 1086 1590 1175 1634; x_wconf 88' lang='lat' dir='ltr'>ulla</span> <span class='ocrx_word' id='word_1_159' title='bbox 1207 1592 1454 1634; x_wconf 87' lang='lat' dir='ltr'>necessitate</span> <span class='ocrx_word' id='word_1_160' title='bbox 1485 1591 1761 1647; x_wconf 86' lang='lat' dir='ltr'>protulerat.’&#39;</span> 
     </span>
    </p>

    <p class='ocr_par' dir='ltr' id='par_1_6' title="bbox 324 1659 1909 2128">
     <span class='ocr_line' id='line_1_21' title="bbox 387 1659 1908 1718; baseline 0.001 -16"><span class='ocrx_word' id='word_1_161' title='bbox 387 1659 414 1702; x_wconf 78' lang='lat'><strong>2</strong></span> <span class='ocrx_word' id='word_1_162' title='bbox 459 1661 552 1716; x_wconf 89' lang='lat' dir='ltr'>ipsa</span> <span class='ocrx_word' id='word_1_163' title='bbox 593 1662 777 1703; x_wconf 87' lang='lat' dir='ltr'>narratio</span> <span class='ocrx_word' id='word_1_164' title='bbox 819 1662 922 1704; x_wconf 87' lang='lat' dir='ltr'>satis</span> <span class='ocrx_word' id='word_1_165' title='bbox 964 1665 1064 1704; x_wconf 90' lang='lat' dir='ltr'>nota</span> <span class='ocrx_word' id='word_1_166' title='bbox 1106 1666 1191 1704; x_wconf 90' lang='lat' dir='ltr'>est:</span> <span class='ocrx_word' id='word_1_167' title='bbox 1238 1663 1379 1718; x_wconf 85' lang='lat' dir='ltr'>„regis</span> <span class='ocrx_word' id='word_1_168' title='bbox 1411 1661 1613 1705; x_wconf 90' lang='lat' dir='ltr'>Antiochi</span> <span class='ocrx_word' id='word_1_169' title='bbox 1642 1661 1770 1713; x_wconf 88' lang='lat' dir='ltr'>filius,</span> <span class='ocrx_word' id='word_1_170' title='bbox 1808 1675 1908 1704; x_wconf 91' lang='lat' dir='ltr'>cum</span> 
     </span>
     <span class='ocr_line' id='line_1_22' title="bbox 324 1731 1909 1788; baseline 0.001 -16"><span class='ocrx_word' id='word_1_171' title='bbox 324 1733 488 1786; x_wconf 87' lang='lat' dir='ltr'>patrem</span> <span class='ocrx_word' id='word_1_172' title='bbox 528 1734 717 1787; x_wconf 81' lang='lat' dir='ltr'>rogasset</span> <span class='ocrx_word' id='word_1_173' title='bbox 749 1735 877 1787; x_wconf 87' lang='lat' dir='ltr'>quota</span> <span class='ocrx_word' id='word_1_174' title='bbox 908 1733 1069 1774; x_wconf 91' lang='lat' dir='ltr'>moturi</span> <span class='ocrx_word' id='word_1_175' title='bbox 1101 1736 1252 1784; x_wconf 85' lang='lat' dir='ltr'>essent,</span> <span class='ocrx_word' id='word_1_176' title='bbox 1284 1731 1360 1775; x_wconf 90' lang='lat' dir='ltr'>ille</span> <span class='ocrx_word' id='word_1_177' title='bbox 1393 1731 1660 1783; x_wconf 88' lang='lat' dir='ltr'>„metuisne”</span> <span class='ocrx_word' id='word_1_178' title='bbox 1691 1732 1909 1788; x_wconf 87' lang='lat' dir='ltr'>respondit</span> 
     </span>
     <span class='ocr_line' id='line_1_23' title="bbox 328 1800 1908 1858; baseline 0.001 -15"><span class='ocrx_word' id='word_1_179' title='bbox 328 1815 407 1851; x_wconf 92' lang='lat' dir='ltr'>„ne</span> <span class='ocrx_word' id='word_1_180' title='bbox 449 1800 563 1844; x_wconf 89' lang='lat' dir='ltr'>solus</span> <span class='ocrx_word' id='word_1_181' title='bbox 603 1802 836 1844; x_wconf 87' lang='lat' dir='ltr'>tubicinem</span> <span class='ocrx_word' id='word_1_182' title='bbox 877 1816 960 1845; x_wconf 90' lang='lat' dir='ltr'>non</span> <span class='ocrx_word' id='word_1_183' title='bbox 1003 1804 1061 1844; x_wconf 89' lang='lat' dir='ltr'>sis</span> <span class='ocrx_word' id='word_1_184' title='bbox 1093 1802 1316 1845; x_wconf 87' lang='lat' dir='ltr'>auditurus</span> <span class='ocrx_word' id='word_1_185' title='bbox 1328 1800 1373 1844; x_wconf 80' lang='lat'>?&#39;&#39;</span> <span class='ocrx_word' id='word_1_186' title='bbox 1414 1802 1496 1845; x_wconf 84' lang='lat' dir='ltr'>Sed</span> <span class='ocrx_word' id='word_1_187' title='bbox 1527 1816 1636 1846; x_wconf 84' lang='lat' dir='ltr'>nova</span> <span class='ocrx_word' id='word_1_188' title='bbox 1668 1806 1745 1853; x_wconf 89' lang='lat' dir='ltr'>est,</span> <span class='ocrx_word' id='word_1_189' title='bbox 1777 1816 1908 1858; x_wconf 90' lang='lat' dir='ltr'>eaque</span> 
     </span>
     <span class='ocr_line' id='line_1_24' title="bbox 324 1871 1908 1930; baseline 0.002 -17"><span class='ocrx_word' id='word_1_190' title='bbox 324 1871 588 1927; x_wconf 85' lang='lat' dir='ltr'>lepidissima</span> <span class='ocrx_word' id='word_1_191' title='bbox 629 1872 862 1929; x_wconf 89' lang='lat' dir='ltr'>disputatio</span> <span class='ocrx_word' id='word_1_192' title='bbox 903 1887 1031 1929; x_wconf 89' lang='lat' dir='ltr'>quam</span> <span class='ocrx_word' id='word_1_193' title='bbox 1063 1873 1180 1916; x_wconf 90' lang='lat' dir='ltr'>addit</span> <span class='ocrx_word' id='word_1_194' title='bbox 1209 1872 1488 1916; x_wconf 89' lang='lat' dir='ltr'>Plutarchus:</span> <span class='ocrx_word' id='word_1_195' title='bbox 1523 1887 1721 1930; x_wconf 86' lang='lat' dir='ltr'>,‚ergone,</span> <span class='ocrx_word' id='word_1_196' title='bbox 1753 1872 1908 1916; x_wconf 84' lang='lat' dir='ltr'>dixerit</span> 
     </span>
     <span class='ocr_line' id='line_1_25' title="bbox 325 1942 1907 2000; baseline 0 -14"><span class='ocrx_word' id='word_1_197' title='bbox 325 1942 492 1999; x_wconf 87' lang='lat' dir='ltr'>aliquis,</span> <span class='ocrx_word' id='word_1_198' title='bbox 536 1946 746 1985; x_wconf 86' lang='lat' dir='ltr'>secretum</span> <span class='ocrx_word' id='word_1_199' title='bbox 787 1957 867 1986; x_wconf 92' lang='lat' dir='ltr'>non</span> <span class='ocrx_word' id='word_1_200' title='bbox 909 1944 1206 1987; x_wconf 86' lang='lat' dir='ltr'>committebat</span> <span class='ocrx_word' id='word_1_201' title='bbox 1239 1945 1277 1986; x_wconf 93' lang='lat' dir='ltr'>ei</span> <span class='ocrx_word' id='word_1_202' title='bbox 1311 1945 1382 1987; x_wconf 91' lang='lat' dir='ltr'>cui</span> <span class='ocrx_word' id='word_1_203' title='bbox 1413 1947 1555 1987; x_wconf 91' lang='lat' dir='ltr'>totum</span> <span class='ocrx_word' id='word_1_204' title='bbox 1585 1958 1767 2000; x_wconf 89' lang='lat' dir='ltr'>regnum</span> <span class='ocrx_word' id='word_1_205' title='bbox 1798 1947 1907 1987; x_wconf 86' lang='lat' dir='ltr'>esset</span> 
     </span>
     <span class='ocr_line' id='line_1_26' title="bbox 325 2012 1906 2058; baseline -0.001 -1"><span class='ocrx_word' id='word_1_206' title='bbox 325 2012 658 2057; x_wconf 82' lang='lat' dir='ltr'>commissurus?</span> <span class='ocrx_word' id='word_1_207' title='bbox 702 2013 839 2056; x_wconf 92' lang='lat' dir='ltr'>Immo</span> <span class='ocrx_word' id='word_1_208' title='bbox 879 2015 925 2056; x_wconf 89' lang='lat' dir='ltr'>in</span> <span class='ocrx_word' id='word_1_209' title='bbox 967 2015 1176 2057; x_wconf 91' lang='lat' dir='ltr'>eiusmodi</span> <span class='ocrx_word' id='word_1_210' title='bbox 1217 2015 1341 2057; x_wconf 88' lang='lat' dir='ltr'>rebus</span> <span class='ocrx_word' id='word_1_211' title='bbox 1384 2029 1483 2057; x_wconf 92' lang='lat' dir='ltr'>eum</span> <span class='ocrx_word' id='word_1_212' title='bbox 1527 2015 1738 2058; x_wconf 90' lang='lat' dir='ltr'>continere</span> <span class='ocrx_word' id='word_1_213' title='bbox 1778 2028 1822 2058; x_wconf 83' lang='lat' dir='ltr'>se</span> <span class='ocrx_word' id='word_1_214' title='bbox 1863 2018 1906 2057; x_wconf 90' lang='lat' dir='ltr'>et</span> 
     </span>
     <span class='ocr_line' id='line_1_27' title="bbox 325 2073 868 2128; baseline 0 0"><span class='ocrx_word' id='word_1_215' title='bbox 325 2073 499 2128; x_wconf 80' lang='lat' dir='ltr'>cautum</span> <span class='ocrx_word' id='word_1_216' title='bbox 531 2098 619 2127; x_wconf 91' lang='lat' dir='ltr'>esse</span> <span class='ocrx_word' id='word_1_217' title='bbox 651 2085 868 2128; x_wconf 87' lang='lat' dir='ltr'>docebat.’&#39;</span> 
     </span>
    </p>

    <p class='ocr_par' dir='ltr' id='par_1_7' title="bbox 386 2154 1905 2212">
     <span class='ocr_line' id='line_1_28' title="bbox 386 2154 1905 2212; baseline -0.001 -15"><span class='ocrx_word' id='word_1_218' title='bbox 386 2154 412 2197; x_wconf 85' lang='lat'><strong>3</strong></span> <span class='ocrx_word' id='word_1_219' title='bbox 459 2154 650 2198; x_wconf 88' lang='lat' dir='ltr'>eiusdem</span> <span class='ocrx_word' id='word_1_220' title='bbox 682 2158 746 2197; x_wconf 91' lang='lat' dir='ltr'>est</span> <span class='ocrx_word' id='word_1_221' title='bbox 776 2156 967 2212; x_wconf 87' lang='lat' dir='ltr'>generis:</span> <span class='ocrx_word' id='word_1_222' title='bbox 1015 2155 1262 2207; x_wconf 90' lang='lat' dir='ltr'>„Metellus,</span> <span class='ocrx_word' id='word_1_223' title='bbox 1297 2170 1395 2198; x_wconf 92' lang='lat' dir='ltr'>cum</span> <span class='ocrx_word' id='word_1_224' title='bbox 1426 2157 1471 2198; x_wconf 91' lang='lat' dir='ltr'>in</span> <span class='ocrx_word' id='word_1_225' title='bbox 1503 2154 1768 2211; x_wconf 83' lang='lat' dir='ltr'>expeditione</span> <span class='ocrx_word' id='word_1_226' title='bbox 1799 2156 1905 2198; x_wconf 90' lang='lat' dir='ltr'>eius-</span> 
     </span>
    </p>

    <p class='ocr_par' dir='ltr' id='par_1_8' title="bbox 314 2225 1905 2848">
     <span class='ocr_line' id='line_1_29' title="bbox 324 2225 1903 2282; baseline 0 -15"><span class='ocrx_word' id='word_1_227' title='bbox 324 2225 440 2268; x_wconf 89' lang='lat' dir='ltr'>modi</span> <span class='ocrx_word' id='word_1_228' title='bbox 471 2225 634 2281; x_wconf 91' lang='lat' dir='ltr'>aliquid</span> <span class='ocrx_word' id='word_1_229' title='bbox 666 2226 908 2282; x_wconf 81' lang='lat' dir='ltr'>rogabatur,</span> <span class='ocrx_word' id='word_1_230' title='bbox 941 2228 977 2268; x_wconf 83' lang='lat' dir='ltr'>si</span> <span class='ocrx_word' id='word_1_231' title='bbox 1009 2228 1198 2269; x_wconf 90' lang='lat' dir='ltr'>tunicam</span> <span class='ocrx_word' id='word_1_232' title='bbox 1232 2240 1388 2277; x_wconf 90' lang='lat' dir='ltr'>meam,</span> <span class='ocrx_word' id='word_1_233' title='bbox 1423 2227 1496 2278; x_wconf 89' lang='lat' dir='ltr'>ait,</span> <span class='ocrx_word' id='word_1_234' title='bbox 1527 2226 1572 2268; x_wconf 93' lang='lat' dir='ltr'>id</span> <span class='ocrx_word' id='word_1_235' title='bbox 1603 2227 1708 2268; x_wconf 88' lang='lat' dir='ltr'>scire</span> <span class='ocrx_word' id='word_1_236' title='bbox 1739 2226 1903 2277; x_wconf 86' lang='lat' dir='ltr'>scirem,</span> 
     </span>
     <span class='ocr_line' id='line_1_30' title="bbox 324 2297 1229 2353; baseline 0 -14"><span class='ocrx_word' id='word_1_237' title='bbox 324 2311 523 2339; x_wconf 90' lang='lat' dir='ltr'>exuerem</span> <span class='ocrx_word' id='word_1_238' title='bbox 555 2300 680 2352; x_wconf 90' lang='lat' dir='ltr'>atque</span> <span class='ocrx_word' id='word_1_239' title='bbox 711 2298 757 2338; x_wconf 91' lang='lat' dir='ltr'>in</span> <span class='ocrx_word' id='word_1_240' title='bbox 788 2298 933 2353; x_wconf 84' lang='lat' dir='ltr'>ignem</span> <span class='ocrx_word' id='word_1_241' title='bbox 967 2297 1229 2340; x_wconf 90' lang='lat' dir='ltr'>iniicerem.”</span> 
     </span>
     <span class='ocr_line' id='line_1_31' title="bbox 314 2366 1905 2423; baseline 0 -15"><span class='ocrx_word' id='word_1_242' title='bbox 314 2376 320 2378; x_wconf 73' lang='grc'>”</span> <span class='ocrx_word' id='word_1_243' title='bbox 385 2366 412 2408; x_wconf 84' lang='grc'>4</span> <span class='ocrx_word' id='word_1_244' title='bbox 458 2367 721 2423; x_wconf 87' lang='lat' dir='ltr'>lepidissima</span> <span class='ocrx_word' id='word_1_245' title='bbox 762 2369 946 2410; x_wconf 90' lang='lat' dir='ltr'>narratio</span> <span class='ocrx_word' id='word_1_246' title='bbox 988 2367 1248 2423; x_wconf 88' lang='lat' dir='ltr'>lepidissime</span> <span class='ocrx_word' id='word_1_247' title='bbox 1291 2367 1342 2410; x_wconf 90' lang='lat' dir='ltr'>ad</span> <span class='ocrx_word' id='word_1_248' title='bbox 1372 2367 1611 2423; x_wconf 87' lang='lat' dir='ltr'>legentium</span> <span class='ocrx_word' id='word_1_249' title='bbox 1643 2367 1905 2410; x_wconf 85' lang='lat' dir='ltr'>convertitur</span> 
     </span>
     <span class='ocr_line' id='line_1_32' title="bbox 323 2437 1904 2490; baseline 0 -10"><span class='ocrx_word' id='word_1_250' title='bbox 323 2451 475 2481; x_wconf 88' lang='lat' dir='ltr'>usum:</span> <span class='ocrx_word' id='word_1_251' title='bbox 510 2438 763 2490; x_wconf 85' lang='lat' dir='ltr'>„Eumenes,</span> <span class='ocrx_word' id='word_1_252' title='bbox 796 2438 941 2481; x_wconf 90' lang='lat' dir='ltr'>audito</span> <span class='ocrx_word' id='word_1_253' title='bbox 973 2437 1195 2482; x_wconf 84' lang='lat' dir='ltr'>Craterum</span> <span class='ocrx_word' id='word_1_254' title='bbox 1226 2440 1271 2480; x_wconf 92' lang='lat' dir='ltr'>in</span> <span class='ocrx_word' id='word_1_255' title='bbox 1304 2452 1347 2481; x_wconf 88' lang='lat' dir='ltr'>se</span> <span class='ocrx_word' id='word_1_256' title='bbox 1379 2441 1514 2481; x_wconf 88' lang='lat' dir='ltr'>castra</span> <span class='ocrx_word' id='word_1_257' title='bbox 1540 2451 1726 2489; x_wconf 84' lang='lat' dir='ltr'>movere,</span> <span class='ocrx_word' id='word_1_258' title='bbox 1752 2439 1904 2480; x_wconf 87' lang='lat' dir='ltr'>amico-</span> 
     </span>
     <span class='ocr_line' id='line_1_33' title="bbox 322 2507 1903 2565; baseline -0.001 -14"><span class='ocrx_word' id='word_1_259' title='bbox 322 2524 419 2552; x_wconf 92' lang='lat' dir='ltr'>rum</span> <span class='ocrx_word' id='word_1_260' title='bbox 446 2510 659 2552; x_wconf 89' lang='lat' dir='ltr'>neminem</span> <span class='ocrx_word' id='word_1_261' title='bbox 684 2523 775 2551; x_wconf 89' lang='lat' dir='ltr'>rem</span> <span class='ocrx_word' id='word_1_262' title='bbox 799 2509 967 2552; x_wconf 88' lang='lat' dir='ltr'>edocuit</span> <span class='ocrx_word' id='word_1_263' title='bbox 983 2509 1054 2552; x_wconf 92' lang='lat' dir='ltr'>sed</span> <span class='ocrx_word' id='word_1_264' title='bbox 1070 2509 1401 2565; x_wconf 89' lang='lat' dir='ltr'>Neoptolemum</span> <span class='ocrx_word' id='word_1_265' title='bbox 1418 2509 1643 2552; x_wconf 87' lang='lat' dir='ltr'>adventare</span> <span class='ocrx_word' id='word_1_266' title='bbox 1659 2507 1903 2551; x_wconf 85' lang='lat' dir='ltr'>simulabat.</span> 
     </span>
     <span class='ocr_line' id='line_1_34' title="bbox 322 2578 1903 2636; baseline -0.001 -14"><span class='ocrx_word' id='word_1_267' title='bbox 322 2580 449 2622; x_wconf 92' lang='lat' dir='ltr'>Hunc</span> <span class='ocrx_word' id='word_1_268' title='bbox 491 2581 604 2622; x_wconf 91' lang='lat' dir='ltr'>enim</span> <span class='ocrx_word' id='word_1_269' title='bbox 636 2580 841 2623; x_wconf 83' lang='lat' dir='ltr'>Eumenis</span> <span class='ocrx_word' id='word_1_270' title='bbox 873 2579 1036 2622; x_wconf 87' lang='lat' dir='ltr'>milites</span> <span class='ocrx_word' id='word_1_271' title='bbox 1069 2580 1367 2636; x_wconf 89' lang='lat' dir='ltr'>despiciebant,</span> <span class='ocrx_word' id='word_1_272' title='bbox 1400 2579 1519 2622; x_wconf 89' lang='lat' dir='ltr'>illius</span> <span class='ocrx_word' id='word_1_273' title='bbox 1550 2578 1734 2636; x_wconf 80' lang='lat' dir='ltr'>gloriam</span> <span class='ocrx_word' id='word_1_274' title='bbox 1767 2580 1903 2621; x_wconf 86' lang='lat' dir='ltr'>virtu-</span> 
     </span>
     <span class='ocr_line' id='line_1_35' title="bbox 322 2649 1903 2707; baseline -0.001 -14"><span class='ocrx_word' id='word_1_275' title='bbox 322 2654 494 2706; x_wconf 90' lang='lat' dir='ltr'>temque</span> <span class='ocrx_word' id='word_1_276' title='bbox 527 2651 786 2693; x_wconf 89' lang='lat' dir='ltr'>metuebant.</span> <span class='ocrx_word' id='word_1_277' title='bbox 820 2650 952 2693; x_wconf 86' lang='lat' dir='ltr'>Fraus</span> <span class='ocrx_word' id='word_1_278' title='bbox 983 2650 1113 2693; x_wconf 88' lang='lat' dir='ltr'>latuit</span> <span class='ocrx_word' id='word_1_279' title='bbox 1144 2665 1302 2701; x_wconf 89' lang='lat' dir='ltr'>omnes,</span> <span class='ocrx_word' id='word_1_280' title='bbox 1335 2664 1417 2707; x_wconf 93' lang='lat' dir='ltr'>quo</span> <span class='ocrx_word' id='word_1_281' title='bbox 1449 2650 1611 2692; x_wconf 87' lang='lat' dir='ltr'>factum</span> <span class='ocrx_word' id='word_1_282' title='bbox 1642 2653 1706 2692; x_wconf 88' lang='lat' dir='ltr'>est</span> <span class='ocrx_word' id='word_1_283' title='bbox 1738 2652 1787 2692; x_wconf 90' lang='lat' dir='ltr'>ut</span> <span class='ocrx_word' id='word_1_284' title='bbox 1816 2649 1903 2691; x_wconf 82' lang='lat' dir='ltr'>Eu-</span> 
     </span>
     <span class='ocr_line' id='line_1_36' title="bbox 323 2720 1902 2777; baseline -0.001 -15"><span class='ocrx_word' id='word_1_285' title='bbox 323 2723 458 2763; x_wconf 90' lang='lat' dir='ltr'>menis</span> <span class='ocrx_word' id='word_1_286' title='bbox 484 2723 626 2777; x_wconf 89' lang='lat' dir='ltr'>copiae</span> <span class='ocrx_word' id='word_1_287' title='bbox 653 2721 916 2777; x_wconf 89' lang='lat' dir='ltr'>splendidam</span> <span class='ocrx_word' id='word_1_288' title='bbox 943 2721 992 2764; x_wconf 93' lang='lat' dir='ltr'>de</span> <span class='ocrx_word' id='word_1_289' title='bbox 1021 2720 1193 2765; x_wconf 83' lang='lat' dir='ltr'>Cratero</span> <span class='ocrx_word' id='word_1_290' title='bbox 1219 2724 1481 2776; x_wconf 87' lang='lat' dir='ltr'>reportarent</span> <span class='ocrx_word' id='word_1_291' title='bbox 1497 2720 1735 2770; x_wconf 86' lang='lat' dir='ltr'>victoriam,</span> <span class='ocrx_word' id='word_1_292' title='bbox 1759 2721 1902 2775; x_wconf 92' lang='lat' dir='ltr'>ipsum</span> 
     </span>
     <span class='ocr_line' id='line_1_37' title="bbox 322 2791 1377 2848; baseline 0 -15"><span class='ocrx_word' id='word_1_293' title='bbox 322 2791 569 2842; x_wconf 91' lang='lat' dir='ltr'>occiderent,</span> <span class='ocrx_word' id='word_1_294' title='bbox 602 2794 821 2841; x_wconf 88' lang='lat' dir='ltr'>mortuum</span> <span class='ocrx_word' id='word_1_295' title='bbox 854 2791 1028 2834; x_wconf 92' lang='lat' dir='ltr'>demum</span> <span class='ocrx_word' id='word_1_296' title='bbox 1061 2791 1377 2848; x_wconf 85' lang='lat' dir='ltr'>agnoscerent.&#39;&#39;</span> 
     </span>
    </p>

    <p class='ocr_par' dir='ltr' id='par_1_9' title="bbox 325 2859 1901 2986">
     <span class='ocr_line' id='line_1_38' title="bbox 383 2859 1899 2917; baseline -0.001 -14"><span class='ocrx_word' id='word_1_297' title='bbox 383 2862 496 2913; x_wconf 79' lang='lat' dir='ltr'>Quae</span> <span class='ocrx_word' id='word_1_298' title='bbox 538 2876 602 2904; x_wconf 90' lang='lat' dir='ltr'>res</span> <span class='ocrx_word' id='word_1_299' title='bbox 633 2861 882 2917; x_wconf 88' lang='lat' dir='ltr'>philosopho</span> <span class='ocrx_word' id='word_1_300' title='bbox 914 2861 1164 2905; x_wconf 89' lang='lat' dir='ltr'>facultatem</span> <span class='ocrx_word' id='word_1_301' title='bbox 1196 2862 1368 2917; x_wconf 89' lang='lat' dir='ltr'>praebet</span> <span class='ocrx_word' id='word_1_302' title='bbox 1399 2859 1505 2903; x_wconf 89' lang='lat' dir='ltr'>salse</span> <span class='ocrx_word' id='word_1_303' title='bbox 1538 2861 1597 2902; x_wconf 90' lang='lat' dir='ltr'>sic</span> <span class='ocrx_word' id='word_1_304' title='bbox 1629 2859 1899 2915; x_wconf 88' lang='lat' dir='ltr'>disputandi:</span> 
     </span>
     <span class='ocr_line' id='line_1_39' title="bbox 325 2929 1901 2986; baseline 0 -14"><span class='ocrx_word' id='word_1_305' title='bbox 325 2932 397 2981; x_wconf 85' lang='lat' dir='ltr'>„in</span> <span class='ocrx_word' id='word_1_306' title='bbox 435 2931 510 2973; x_wconf 93' lang='lat' dir='ltr'>illo</span> <span class='ocrx_word' id='word_1_307' title='bbox 552 2931 710 2986; x_wconf 88' lang='lat' dir='ltr'>proelio</span> <span class='ocrx_word' id='word_1_308' title='bbox 751 2932 837 2974; x_wconf 89' lang='lat' dir='ltr'>dux</span> <span class='ocrx_word' id='word_1_309' title='bbox 874 2932 956 2974; x_wconf 87' lang='lat' dir='ltr'>fuit</span> <span class='ocrx_word' id='word_1_310' title='bbox 988 2933 1269 2983; x_wconf 89' lang='lat' dir='ltr'>taciturnitas,</span> <span class='ocrx_word' id='word_1_311' title='bbox 1303 2945 1350 2974; x_wconf 89' lang='lat' dir='ltr'>ea</span> <span class='ocrx_word' id='word_1_312' title='bbox 1381 2931 1534 2973; x_wconf 85' lang='lat' dir='ltr'>fecerat</span> <span class='ocrx_word' id='word_1_313' title='bbox 1566 2934 1615 2972; x_wconf 91' lang='lat' dir='ltr'>ut</span> <span class='ocrx_word' id='word_1_314' title='bbox 1645 2929 1901 2973; x_wconf 88' lang='lat' dir='ltr'>metuendus</span> 
     </span>
    </p>
   </div>
  </div>
 </body>
</html>
