1930 3354
1002 237 1088 281 664

261 366 324 405 est
365 375 493 418 quam
535 374 655 417 saepe
693 361 738 402 in
770 359 1156 415 computationibus
1185 360 1338 402 nostris
1368 358 1420 401 de
1451 358 1630 403 alicuius
1656 372 1683 405 ο
1714 358 1832 412 „Mo-

259 433 445 476 ralibus'’
478 431 578 474 libri
608 434 744 473 aetate
775 431 819 472 in
852 443 1012 471 annum
1042 428 1124 472 107
1151 429 1401 472 incidamus.
1434 428 1491 472 Et
1514 429 1614 472 licet
1639 430 1831 483 omnium

260 518 394 546 unum
434 504 489 544 sit
529 499 766 552 consilium,
812 499 1035 543 hominum
1078 514 1213 543 mores
1245 499 1508 550 emendandi,
1540 499 1832 557 ipsorum-,aho-

260 575 439 623 minum,
482 572 735 628 quibuscum
777 571 951 615 vivebat
992 571 1229 628 quibusque
1262 572 1408 614 amicis
1440 570 1639 614 utebatur
1669 568 1833 615 Plutar-

259 644 376 696 chus,
418 641 636 686 commoda
676 641 801 684 modo
841 642 954 684 hunc
999 641 1123 685 modo
1164 641 1292 684 illum
1337 644 1631 697 provocarunt.
1678 638 1830 688 Alium

257 714 415 757 librum
455 715 499 756 111
531 714 690 755 maiore
722 713 1017 768 pronuntiavit
1047 714 1253 763 contione,
1289 711 1424 755 alium
1457 710 1677 769 discipulis
1703 710 1831 757 eolle-

256 787 379 841 gisve
410 785 618 834 recitavit,
651 782 785 826 alium
816 798 890 840 per
921 787 1060 826 totum
1092 782 1376 840 spargendum
1408 784 1573 828 curavit
1598 783 1829 839 imperium

258 855 510 907 Romanum,
552 853 685 896 alium
717 856 820 897 certi
852 853 1031 897 alicuius
1063 855 1190 897 amici
1221 868 1345 897 cansa
1376 853 1626 911 composuit.
1667 851 1750 900 Sed
1778 851 1830 895 de

258 926 335 968 hac
375 939 419 967 re
460 926 696 968 accuratius
735 925 854 967 nobis
897 926 976 967 erit
1009 924 1311 981 disputandum
1342 927 1486 981 ipsum
1517 923 1760 981 philosophi.
1789 927 1832 967 et

257 996 469 1037 mentium
511 994 664 1038 medici
707 994 892 1037 officium
931 994 1251 1051 explicantibus.
1286 994 1369 1038 Hic
1403 1008 1536 1038 unum
1567 994 1646 1038 hoc
1675 993 1830 1038 dixisse

256 1066 448 1118 sufficiat,
491 1069 603 1108 certo
644 1069 833 1122 tempore
878 1064 1116 1116 „Moralia”
1159 1066 1188 1108 i.
1217 1079 1252 1108 e.
1284 1067 1401 1108 varia
1430 1066 1586 1122 scripta
1607 1066 1658 1109 ,111
1689 1063 1828 1108 lucem

256 1137 376 1180 edere
414 1136 583 1179 desiisse
623 1135 902 1179 Plutarchum
926 1136 956 1188 ¹)
988 1140 1030 1179 et
1061 1135 1113 1178 ad
1143 1135 1253 1179 illud
1284 1137 1476 1179 omnium
1507 1134 1830 1181 limatissimum

256 1209 656 1263 exactissimumque
696 1207 874 1250 Vitarum
908 1220 1014 1263 opus
1041 1208 1259 1250 transisse:
1290 1206 1378 1250 illis
1403 1221 1447 1250 se
1473 1206 1526 1249 ad
1551 1206 1630 1251 has
1651 1207 1829 1264 paravit,

255 1280 525 1335 primumque
568 1282 618 1320 ut
658 1277 841 1334 quidque
883 1279 922 1320 ei
961 1278 1007 1319 in
1049 1281 1236 1320 mentem
1278 1277 1473 1320 veniebat
1514 1277 1685 1321 chartae
1708 1290 1830 1323 ›man-

256 1350 385 1399 davit‚
418 1354 513 1391 tum
545 1348 597 1391 ad
629 1361 798 1392 severae
828 1347 938 1390 illud
970 1349 1072 1391 artis
1104 1350 1275 1391 transiit
1303 1362 1440 1405 genus
1471 1346 1583 1391 unde
1614 1361 1829 1395 summam

255 1434 431 1475 eamque
470 1418 759 1462 immortalem
798 1418 981 1476 gloriam
1023 1419 1136 1475 apud
1174 1423 1376 1475 posteros,
1417 1421 1544 1474 atque
1584 1417 1686 1464 adeo
1717 1417 1829 1475 apud

255 1505 390 1533 seram
438 1492 740 1546 posteritatem,
787 1491 948 1546 optimo
990 1493 1053 1532 est
1096 1491 1188 1533 iure
1229 1495 1390 1533 nactus.
1432 1489 1516 1532 Res
1557 1493 1699 1535 tamen
1737 1489 1831 1546 ipsa

255 1561 445 1618 loquitur
467 1553 728 1611 identidem,
777 1574 875 1604 cum
914 1562 1001 1603 iam
1041 1562 1086 1603 in
1127 1560 1279 1603 mediis
1320 1564 1430 1604 esset
1479 1560 1594 1611 Vitis,
1636 1572 1736 1605 eum
1778 1557 1831 1602 ad

256 1631 436 1675 Moralia
466 1631 639 1674 rediisse
671 1633 762 1675 sive
795 1635 844 1674 ut
875 1646 1034 1675 novum
1064 1633 1118 1674 iis
1148 1631 1320 1675 adderet
1350 1630 1545 1675 libellum
1577 1631 1667 1675 sive
1698 1633 1748 1675 ut
1777 1629 1830 1674 li-

256 1702 417 1746 bellum
447 1706 570 1745 antea
599 1703 806 1758 scriptum
840 1705 1097 1745 retractaret.
1137 1702 1216 1745 Sed
1249 1707 1355 1744 certa
1385 1703 1476 1745 eius
1506 1702 1569 1744 rei
1599 1700 1829 1744 admodum

253 1788 385 1830 pauca
427 1773 798 1830 deprehenduntur
828 1772 997 1816 indicia.
1031 1773 1151 1816 Vitae
1183 1777 1327 1816 autem
1359 1788 1442 1829 quo
1474 1771 1618 1815 ordine
1649 1772 1829 1828 scriptae

254 1846 338 1887 sint
378 1844 598 1900 editasque
641 1844 893 1900 aliquatenus
934 1858 1009 1900 pro
1050 1848 1163 1886 certo
1204 1847 1381 1886 constat.
1423 1842 1514 1897 Qua
1547 1843 1596 1886 de
1627 1856 1672 1887 re
1702 1856 1830 1899 supra

254 1916 434 1972 egimus
1758 1955 1760 1957 ,

311 1985 359 2027 In
399 1985 520 2028 libris
553 1989 694 2028 autem
729 1987 802 2042 qui
833 1985 1054 2028 Plutarchi
1085 1985 1279 2028 feruntur
1311 1985 1513 2042 quosdam
1543 1985 1758 2029 immerito
1789 1984 1830 2027 ei

253 2057 384 2099 tribui
410 2058 504 2112 quis
530 2055 736 2099 miretur?
770 2056 851 2099 Sed
879 2057 931 2099 ad
958 2070 1051 2099 eam
1079 2057 1271 2100 fraudem
1294 2060 1407 2100 certo
1424 2054 1826 2112 deprehendendam,

253 2142 387 2170 unum
419 2127 714 2170 tantummodo
747 2128 864 2170 nobis
896 2132 1061 2184 praesto
1092 2132 1156 2170 est
1187 2130 1502 2184 argumentum.
1543 2126 1725 2184 Spurius
1753 2123 1827 2169 ille

253 2197 450 2240 dicendus
483 2202 546 2240 est
577 2197 685 2240 liber
715 2212 842 2254 quem
876 2212 899 2240 a
930 2197 1159 2241 Plutarcho
1192 2199 1318 2241 scribi
1346 2212 1430 2240 non
1461 2198 1648 2254 potuisse
1677 2197 1716 2240 ie
1744 2211 1828 2239 emt-

253 2269 332 2310 tz'at
371 2271 444 2324 qui
487 2283 561 2324 per
602 2269 760 2312 multos
802 2283 930 2312 annos
963 2271 1098 2312 amico
1129 2269 1359 2312 Plutarcho
1389 2282 1492 2312 usus
1521 2269 1590 2312 sit.
1630 2267 1742 2311 Nam
1773 2266 1827 2311 ad

251 2339 358 2381 illud
397 2340 596 2382 hiatuum
638 2339 708 2383 vel
750 2341 987 2382 vitatorum
1028 2339 1099 2382 vel
1129 2354 1212 2382 non
1244 2341 1478 2383 vitatorum
1508 2342 1824 2396 argumentum,

253 2410 365 2466 quod
397 2411 560 2466 primus
592 2410 770 2466 protulit
802 2410 1064 2463 Benselerus,
1097 2410 1208 2467 quod
1241 2412 1406 2462 attinet,
1437 2411 1498 2453 sic
1528 2423 1573 2453 se
1603 2423 1669 2453 res
1698 2409 1826 2453 habet

252 2484 312 2532 (et
353 2481 662 2536 quodammodo
703 2486 828 2537 atque
870 2486 919 2524 ut
950 2483 1084 2532 aiunt,
1118 2482 1324 2533 „mutatis
1358 2479 1600 2524 mutandis”
1630 2479 1744 2523 idem
1773 2479 1826 2523 de

253 2553 462 2603 omnibus,
485 2556 692 2609 quotquot
709 2558 821 2605 sunt,
841 2554 1105 2610 argumentis
1124 2551 1528 2609 „lexicographicis”
1548 2550 1632 2595 dici
1647 2553 1824 2608 potest):

297 2713 334 2754 1)
371 2713 486 2744 Multis
516 2714 640 2745 demum
672 2715 742 2756 post
772 2713 980 2745 Plutarchum
1010 2713 1141 2745 saeculis
1171 2724 1208 2745 ea
1238 2714 1284 2745 ita
1314 2714 1387 2746 sunt
1407 2713 1539 2746 collecta
1561 2715 1592 2746 et
1615 2713 1765 2757 disposita
1788 2715 1824 2746 ut

251 2778 333 2799 nunc
353 2767 517 2806 habemus;
541 2769 593 2799 sed
614 2768 664 2799 hic
683 2768 750 2800 illic
770 2771 900 2811 apparet
921 2768 988 2800 eius
1005 2768 1123 2810 negotii
1142 2768 1206 2800 iam
1225 2767 1262 2799 ab
1283 2768 1351 2811 ipso
1362 2767 1535 2800 Plutarcho
1547 2768 1662 2802 factum
1675 2768 1822 2801 initium:

251 2823 316 2864 ipse
346 2823 535 2854 Plutarchus
565 2823 680 2855 librum
710 2824 749 2855 de
780 2823 1006 2865 Superstitione
1036 2823 1144 2855 statim
1174 2826 1244 2866 post
1274 2825 1393 2865 Septem
1425 2823 1616 2865 Sapientiam
1649 2823 1823 2856 convivunt

251 2877 365 2918 posuit,
398 2878 461 2919 ipse
485 2877 581 2909 libros
604 2878 676 2909 data
699 2888 792 2920 opera
817 2878 850 2909 in
875 2878 1043 2919 Epicureos
1066 2881 1097 2909 et
1116 2878 1149 2909 in
1173 2879 1292 2910 Stoicos
1315 2878 1449 2920 scriptos
1471 2878 1503 2910 in
1527 2879 1589 2910 duo
1611 2877 1738 2920 collegit
1760 2881 1824 2911 ter-

252 2943 365 2963 norum
394 2931 548 2964 librorum
579 2933 774 2974 corpuscula.
795 2933 871 2964 Loci
896 2933 947 2964 ubi
971 2933 1034 2965 iam
1057 2936 1150 2965 antea
1173 2933 1207 2965 in
1230 2933 1288 2966 hoc
1312 2932 1394 2965 libro
1416 2933 1454 2966 (10
1477 2944 1513 2966 en
1536 2943 1570 2966 re
1593 2933 1643 2976 egi
1665 2934 1698 2966 in
1721 2933 1822 2967 indies

180 2982 182 2984 ’
251 2986 457 3018 inveniuntur
479 2997 502 3019 a.
519 2997 547 3019 v.
571 2987 646 3019 ordo
669 2987 814 3019 librorum
835 2988 1009 3019 moralium.
