2002 3372
889 289 975 333 321

132 436 136 438 ·
197 413 334 459 5411*
373 413 520 458 Exseo
551 426 705 471 genere
737 411 822 454 fuit
854 411 1046 469 Lycurgi
1078 410 1244 454 dictum
1267 408 1403 453 illud:
1434 409 1632 466 „qualem
1661 424 1731 452 me

133 487 272 530 civem
313 500 391 529 vos
431 485 631 528 iudicatis
673 484 750 540 qui
791 486 890 539 post
931 485 996 524 tot
1037 496 1168 525 annos
1210 481 1344 525 semel
1382 483 1603 525 convictus
1647 483 1731 524 sim

131 552 358 614 pecuniam
385 570 468 600 non
501 556 710 612 accepisse
741 557 888 597 contra
913 552 1057 611 legem
1084 553 1156 596 sed
1185 553 1349 596 dedisse
1361 548 1407 595 2²⁵
1437 551 1558 595 Dixit
1584 556 1731 595 autem

131 627 245 671 illud
276 628 344 670 ἐπὶ
377 628 435 681 τῷ
467 627 703 671 πεπεικέναι
737 625 809 668 τὸν.
837 625 1102 678 συκοφάντην
1134 626 1324 678 ἀργυρίου
1357 623 1669 676 λοιδορούμενος.

194 698 353 744 Dativo
385 699 560 752 ἀργυρίῳ
592 698 712 741 nobis
744 711 851 754 opus
883 697 952 739 hic
985 701 1062 748 est,
1097 711 1150 739 an
1182 696 1334 739 emendi
1365 697 1431 739 vis
1462 710 1574 739 nunc
1603 696 1731 739 verbo

135 770 285 814 πείθειν
316 768 552 814 tribuitur?
583 769 798 826 Equidem
829 783 914 812 non
948 770 1110 825 opinor.

143 959 145 961 .
195 917 333 961 542ss
377 917 426 961 In
455 916 757 961 Demosthenis
784 917 975 960 oratione
1002 930 1078 972 pro
1105 914 1269 959 Corona
1296 918 1338 957 et
1365 913 1448 957 alia
1475 913 1605 971 digna
1631 917 1733 956 sunt

134 1004 242 1048 quae
282 989 559 1033 observentur
606 991 650 1031 et
695 989 774 1031 hoc
817 987 932 1044 quod
974 986 1154 1038 μιγνύων
1199 986 1500 1037 ἐμμελέστατα
1542 987 1598 1037 τῷ
1642 985 1731 1037 περὶ

133 1061 262 1106 αὑτοῦ
293 1060 408 1113 λόγῳ
439 1060 508 1102 τὸν
542 1060 630 1112 περὶ
664 1063 741 1101 τῶν
773 1058 997 1102 ἀκουόντων
1026 1057 1187 1100 ἔπαινον
1215 1058 1484 1109 ἀνεπίφθονον
1510 1057 1634 1100 ἐποίει
1661 1056 1730 1099 καὶ

134 1132 387 1186 ἀφίλαυτον.

195 1202 382 1246 Minime
422 1202 490 1245 his
530 1215 631 1245 cum
672 1201 838 1244 Nabero
882 1200 1034 1243 addere
1077 1198 1211 1243 velim
1253 1199 1411 1251 ἑαυτόν,
1452 1199 1566 1256 quod
1596 1213 1733 1256 neque

133 1275 420 1326 necessarium
460 1277 524 1317 est
564 1274 677 1330 (quis
720 1274 836 1316 enim
867 1286 951 1315 non
983 1275 1132 1329 sponte
1164 1276 1387 1328 tamquam
1420 1271 1634 1314 obiectum
1666 1271 1734 1313 τὸν

135 1345 224 1399 περὶ
257 1346 384 1389 αὑτοῦ
415 1344 538 1406 λόγον
572 1341 733 1398 addim
767 1348 810 1386 et
841 1344 1010 1401 ingrate
1041 1346 1175 1386 sonat.

194 1483 254 1526 ib.
296 1481 604 1526 Demosthenes
632 1482 747 1524 enim
773 1482 819 1524 in
846 1494 895 1524 ea
922 1482 1114 1524 oratione
1139 1483 1450 1524 commemorat
1476 1494 1605 1538 quam
1628 1481 1734 1524 bene

135 1554 416 1598 Athenienses
456 1555 599 1597 meriti
616 1543 625 1598 ⁹,
643 1554 728 1596 sint
771 1552 822 1596 de
862 1552 1173 1602 Euboensibus,
1212 1552 1438 1605 Thebanis,
1471 1551 1734 1611 Byzantinis,

136 1617 440 1679 Chersonesus,
488 1626 654 1683 sibique
701 1628 867 1682 partem
916 1624 1216 1668 tantummodo
1258 1623 1398 1668 laudis
1429 1625 1498 1667 hic
1531 1623 1734 1678 vindicat,

134 1690 469 1757 prudentissime
481 1710 491 1741 :

195 1769 388 1813 λανθάνει
429 1769 514 1822 γὰρ
556 1767 655 1812 οὕτω
690 1769 759 1811 τὸν
791 1769 994 1822 ἀκροατὴν
1027 1773 1109 1816 τοῖς
1142 1768 1251 1816 ἰδίοις
1286 1768 1464 1816 ἐπαίνοις
1498 1767 1736 1812 συνυποδυό-

136 1857 254 1894 μενος
289 1838 330 1890 ὃς
363 1845 449 1889 τοῖς
482 1840 580 1894 ὑπὲρ
613 1841 740 1883 αὑτοῦ
773 1837 1013 1892 λεγομένοις
1048 1839 1203 1891 ἥδεται.

197 1913 316 1959 Haec
355 1912 404 1957 B.
449 1912 538 1956 edit
579 1926 686 1970 quae
727 1927 811 1956 non
851 1912 1066 1970 intelligo,
1110 1916 1152 1956 et
1194 1914 1231 1955 si
1261 1911 1550 1970 intelligerem
1582 1913 1736 1956 misere

135 1985 342 2044 languere
375 1979 497 2030 'mihi
539 1983 619 2028 illa
661 1985 872 2028 sententia
914 1984 1098 2029 relativa
1128 1983 1362 2028 videretur.
1394 1983 1451 2027 Et
1484 1988 1660 2028 annotat
1692 1998 1736 2027 se

139 2059 200 2102 sic
241 2058 472 2102 correxisse
512 2056 558 2100 id
601 2051 717 2113 quod*
756 2056 966 2100 traditum
1009 2058 1066 2099 sit
1107 2056 1471 2108 συναποδυόμενος.
1505 2056 1633 2114 Apud
1670 2055 1734 2100 W.

137 2128 479 2180 συνυποδυόμενον
518 2127 696 2186 legitur,
740 2122 813 2171 sed
851 2132 893 2171 et
924 2141 1032 2185 quae
1064 2129 1108 2171 in
1142 2132 1265 2172 textu
1296 2130 1417 2185 ponit
1448 2127 1522 2172 ille
1555 2132 1598 2172 et
1629 2141 1736 2186 quae

138 2201 312 2263 coniicit
350 2201 444 2258 ipsa
482 2202 605 2243 nocte
647 2199 892 2243 obscuriora
934 2204 1048 2243 sunt.
1092 2199 1175 2243 Fac
1218 2214 1319 2257 ergo
1363 2199 1414 2243 de
1446 2199 1628 2244 lectione
1656 2204 1737 2243 tra-

138 2271 228 2315 dita
251 2274 366 2316 recte
396 2270 614 2315 rettulisse
645 2270 852 2315 editorem
885 2270 1113 2325 Graecum,
1148 2285 1243 2315 eam
1275 2270 1473 2328 equidem
1506 2273 1566 2315 sic
1598 2275 1738 2316 muta-

141 2344 300 2388 verim:
1341 2338 1347 2341 ’

199 2413 391 2458 λανθάνει
424 2414 508 2467 γὰρ
539 2412 640 2457 οὕτω
673 2414 741 2457 τὸν
774 2414 978 2468 ἀκροατὴν
1010 2419 1094 2462 τοῖς
1127 2414 1237 2463 ἰδίοις
1272 2414 1449 2462 ἐπαίνοις
1479 2415 1738 2459 συναποδύων

139 2485 196 2547 ὥς,
223 2491 307 2533 τοῖς
342 2485 438 2538 ὑπὲρ
473 2486 599 2528 αὑτοῦ
632 2486 866 2537 λεγομένοις
903 2484 1042 2536 ἥδεται

139 2557 252 2615 quod
281 2556 601 2615 elegantissime
629 2556 792 2600 dictum
819 2557 992 2615 videtur
1017 2554 1101 2601 hoc'
1124 2570 1270 2601 sensu:
1300 2556 1404 2601 dum
1432 2561 1568 2601 semet
1592 2559 1738 2615 ipsum

137 2627 287 2672 laudat
326 2632 427 2684 (τοῖς
472 2629 583 2675 ἰδίοις
626 2628 802 2676 ἐπαίνοις
848 2634 969 2683 ww),
1011 2628 1144 2672 simul
1176 2630 1315 2686 aperit
1345 2629 1584 2673 auditorem
1617 2631 1738 2686 eique

139 2703 320 2752 vestem,
361 2699 649 2752 involucrum,
692 2714 914 2756 personam
958 2700 1158 2752 detrahit,
1192 2700 1537 2758 demonstratque
1568 2702 1619 2748 ὡς
1654 2706 1739 2748 τοῖς

141 2772 239 2824 ὑπὲρ
281 2772 408 2815 αὑτοῦ
454 2771 689 2824 λεγομένοις
725 2771 880 2823 ἥδεται.
915 2771 1028 2816 Cum
1060 2772 1231 2815 auditor
1262 2771 1395 2815 semel
1427 2778 1492 2815 est
1524 2772 1739 2815 confessus

141 2857 185 2887 se
209 2842 361 2887 laetari
385 2843 500 2901 quod
526 2843 738 2895 laudetur,
763 2857 898 2901 aequo
925 2845 1068 2887 animo
1090 2844 1199 2887 ferre
1224 2843 1349 2887 debet
1372 2848 1582 2888 oratorem
1604 2850 1740 2888 semet

140 2916 284 2972 ipsum
315 2914 578 2959 laudantem.

204 3061 344 3105 543A
384 3062 502 3106 ἀλλὰ
547 3066 686 3105 ταῦτα
730 3063 805 3114 μὲν
848 3062 940 3111 ἴσως
982 3063 1076 3116 πρὸς
1111 3062 1204 3112 τοὺς
1238 3063 1486 3106 παντάπασι
1519 3063 1738 3116 χαλεποὺς

1517 3146 1558 3178 21
