2002 3372
1098 207 1182 251 112

409 327 490 370 161
514 328 548 370 Α
595 327 826 384 Delphines
857 327 1166 380 συναγαγόντες
1199 329 1384 383 (αὑτοὺς)
1417 330 1471 376 εἰς
1507 328 1638 372 ταύτό
1670 329 1757 374 xri.

404 398 760 455 Supplementum
792 403 856 441 est
886 398 1219 456 Wyttenbachii.

407 469 490 512 161
510 469 546 511 Ε
593 469 763 513 Gloriae
811 469 992 526 quadam
1039 470 1235 527 cupidine
1281 469 1427 514 salvus
1473 471 1518 512 in
1560 472 1743 527 patriam
1784 472 1929 518 venire

344 539 512 583 volebat
542 541 671 583 Arion
706 542 755 588 ὦς
790 541 978 594 θεοφιλὴς
1012 541 1108 594 ἀνὴρ
1138 543 1287 595 <paulu
1322 543 1390 584 καὶ
1418 542 1544 594 λάβοι
1572 542 1660 596 περὶ
1689 543 1780 586 θεῶν
1808 542 1930 596 δόξαν

344 611 531 662 βέβαιον.

403 682 595 725 Delectat
626 697 694 725 me
719 683 801 726 iste
828 682 1021 736 ὀρθόδοξος
1049 687 1205 727 cantor.
1234 683 1348 742 Lege
1375 699 1473 727 cum
1501 684 1550 727 R.
1579 683 1693 738 παραὶ
1718 699 1803 742 pro
1822 686 1930 739 περί.
1999 693 2002 696 “

406 752 542 795 161F
590 753 768 802 ἑστώσης
802 753 842 796 δὲ
875 754 1009 804 πάντη
1043 759 1116 802 τῆς
1149 755 1360 804 θαλάσσης
1395 756 1591 805 ἀκύμονος
1627 753 1759 810 ὥσπερ
1791 755 1928 810 τρΙβον

342 823 666 877 ἀνασχιζόμενον
699 826 753 876 τῷ
787 825 930 877 δρόμῳ,
963 813 1204 867 διανοεῖσθαι
1238 826 1332 879 πρὸς
1369 825 1491 868 αὑτόν
1520 826 1606 868 κτὲ.
1917 876 1919 878 ,

402 893 667 937 Sententiam
692 894 775 938 loci
799 899 1016 952 utcunque
1043 895 1232 952 dispicio,
1261 899 1476 939 structura
1497 900 1696 954 corrupta
1710 899 1776 941 est
1791 911 1928 955 neque

342 965 550 1020 quomodo
583 966 804 1009 emendem
837 970 977 1009 certus
1010 981 1120 1010 sum.

403 1036 489 1079 162
508 1037 545 1079 Α
592 1037 609 1079 ὂ
641 1037 787 1091 Γόργος
821 1036 900 1090 ἔφη
932 1070 941 1082 .
963 1070 972 1080 .
994 1069 1000 1080 .
1022 1070 1032 1080 .
1061 1037 1275 1092 ἐκπέμψαι
1309 1043 1434 1081 πλοῖα
1468 1038 1538 1082 καὶ
1570 1038 1823 1093 στρατιώτας
1856 1039 1924 1083 ἐπὶ

341 1107 416 1155 τὰς
452 1107 670 1160 κατάρσεις
705 1109 988 1162 φυλάξοντας.

402 1178 506 1221 Dele
540 1179 621 1222 ἐπί.
701 1186 703 1188 ’

404 1249 488 1292 163
506 1249 539 1293 G
587 1249 698 1294 Cum
741 1250 828 1293 filia
871 1250 1085 1294 Sminthei
1127 1265 1180 1294 ex
1211 1250 1371 1294 oraculi
1402 1265 1600 1308 responso
1633 1253 1678 1295 in
1709 1266 1826 1301 mare
1858 1251 1928 1296 de-

342 1321 605 1372 mittebatur,
647 1323 816 1364 iuvenis
860 1322 1035 1377 quidam
1068 1336 1210 1365 amore
1241 1323 1332 1365 eius
1364 1326 1513 1379 captus
1546 1323 1660 1375 παρὰ
1691 1323 1758 1367 τὸν
1789 1323 1927 1376 καιρόν

339 1394 521 1435 accurrit
551 1406 730 1448 eamque
762 1393 984 1449 amplexus
1015 1397 1058 1436 et
1088 1395 1178 1449 ipse
1209 1395 1382 1437 interire
1414 1394 1567 1437 voluit.

399 1462 636 1506 Possuntne
679 1462 839 1507 Graeca
880 1464 1008 1507 verba
1050 1465 1312 1521 significare:
1356 1478 1433 1516 „eo
1470 1466 1564 1521 ipso
1599 1465 1806 1522 temporis
1837 1478 1927 1509 mo-.-

340 1532 542 1575 mento''?
1592 1556 1614 1593 ᾗ)

403 1603 487 1646 163
506 1603 543 1646 D
593 1604 630 1646 εἴ
660 1621 719 1651 τις
757 1605 875 1653 εἰδείη
913 1637 922 1647 .
943 1636 951 1647 .
974 1636 982 1647 .
1005 1636 1013 1647 .
1048 1606 1222 1656 μαλιστ’
1257 1604 1307 1648 ἂν
1342 1637 1351 1648 .
1373 1638 1381 1648 .
1403 1637 1412 1648 .
1433 1638 1442 1648 .
1476 1605 1788 1659 διαφυλάττων.

398 1674 606 1717 Haeccine
630 1676 676 1717 in
703 1679 824 1718 textu
851 1677 1025 1728 servari,
1042 1691 1125 1718 non
1143 1677 1272 1732 recipi
1293 1675 1609 1733 Wyttenbachii
1627 1674 1921 1730 διαφυλάττοιῐ

401 1744 537 1789 1640
587 1747 755 1798 Χερσίας
800 1746 832 1788 δ’
864 1746 998 1788 οὑτοσί
1041 1751 1141 1798 Φησι
1184 1748 1256 1796 τὴν
1293 1746 1425 1795 ’Άτην
1467 1744 1549 1800 (ἣν)
1592 1746 1667 1789 ὑπὸ
1709 1749 1779 1789 τοῦ
1824 1746 1919 1793 Διὸς

336 1817 499 1868 ῥιφῆναι
534 1816 619 1859 κτέ.

397 1885 465 1928 Sic
496 1890 607 1929 recte
640 1886 810 1943 supplet
838 1887 903 1930 W.
933 1891 983 1930 ut
1009 1901 1031 1930 e
1058 1888 1405 1944 praecedentibus
1430 1887 1709 1932 subaudiatur
1735 1887 1921 1942 λοιδορεῖν

338 1971 473 2000 αυτον.
1583 1974 1586 1978 ’

913 2201 968 2232 DE
999 2201 1337 2234 SUPERS'HTIONB.

394 2310 595 2366 Quisquis
636 2311 719 2353 fuit
761 2312 834 2367 qui
875 2311 1097 2355 Plutarchi
1140 2314 1296 2369 scripta
1337 2311 1526 2369 collegit,
1569 2313 1640 2356 hic
1680 2316 1792 2357 certe
1823 2314 1916 2358 eius

333 2385 520 2423 mentem
552 2382 656 2424 bene
688 2383 903 2438 cognitam
936 2383 1097 2426 habuit.
1128 2383 1247 2426 Nihil
1273 2385 1387 2426 enim
1413 2382 1644 2433 Plutarcho
1669 2385 1808 2441 magis
1833 2383 1919 2427 fuit-

332 2466 579 2507 persuasum
623 2467 751 2509 quam
793 2455 1081 2496 certissimum
1122 2456 1183 2496 ire
1225 2455 1299 2511 qui
1339 2453 1479 2498 medio
1515 2458 1598 2498 eat.
1630 2454 1687 2497 ·In
1718 2455 1915 2499 convivio

332 2526 475 2565 autem
514 2525 614 2565 satis
647 2528 870 2566 strenuum
902 2539 946 2568 se
977 2525 1173 2581 praebuit
1205 2524 1508 2568 miraculorum
1541 2525 1815 2578 defensorem,
1847 2525 1917 2568 hic

331 2597 474 2636 autem
502 2608 544 2637 se
570 2598 760 2638 metuere
787 2594 969 2639 declarat
996 2610 1047 2638 ne
1075 2597 1204 2638 nimis
1232 2595 1450 2639 miraculis
1467 2596 1668 2639 obnoxios
1683 2595 1915 2639 reddiderit
1939 2594 1942 2596 ’

329 2664 521 2708 homines
563 2680 687 2709 curae
728 2681 828 2710 suae
869 2668 1131 2710 commissos,
1165 2667 1279 2723 Ergo
1308 2667 1770 2711 vehementius'etiam
1800 2680 1912 2709 nunc

328 2736 554 2793 impugnat
584 2737 776 2780 infirmos
804 2741 847 2780 et
873 2739 1201 2794 superstitiosos,
1228 2752 1402 2795 remque
1428 2752 1476 2781 eo
1502 2737 1674 2780 deducit
1701 2739 1750 2780 ut
1775 2741 1912 2789 totam

328 2805 657 2860 disputationem
702 2808 914 2864 praeclara
956 2809 1034 2852 hac
1076 2808 1244 2856 claudat
1288 2810 1518 2852 sententia:
1551 2807 1910 2863 quemadmodum

327 2889 448 2931 saepe
490 2877 682 2922 homines
721 2879 937 2923 latronum
970 2879 1038 2923 vel
1076 2879 1262 2923 ferarum
1298 2884 1416 2923 metu
1449 2879 1605 2923 abeunt
1634 2880 1680 2921 in
1711 2891 1909 2936 praeceps

327 2947 385 2988 sic
417 2947 490 2988 alii
