2002 3372
547 743 866 803 LECTURO
908 743 1259 803 SALUTEM.

46 1100 82 1157 Ε
167 1102 321 1148 Varius
361 1117 451 1147 esse
493 1107 633 1161 potest
665 1104 843 1148 huiusce
875 1104 976 1148 libri
1007 1118 1111 1147 usus
1143 1105 1346 1162 variaque
1378 1129 1435 1136 —
1467 1118 1566 1148 nam
1598 1105 1700 1149 haec

46 1178 49 1181 “
106 1188 203 1233 spes
231 1188 303 1219 me
334 1178 452 1219 tenet
480 1199 539 1208 —
571 1174 752 1218 utilitas.
784 1174 866 1218 Sed
899 1175 1110 1227 omnibus,
1144 1177 1217 1232 qui
1242 1189 1358 1219 meas
1384 1175 1699 1233 qualescunque

47 1244 191 1292 “t'non
235 1246 460 1291 fastidiunt
507 1245 844 1298 lucubrationes,
893 1251 1042 1290 auctor
1087 1261 1184 1290 sum
1227 1250 1277 1290 ut
1318 1249 1512 1304 primum
1552 1246 1701 1305 legant

104 1318 317 1375 φιἹομυι.
363 1317 527 1362 Deinde
572 1333 647 1376 pro
693 1333 771 1362 suo
818 1319 998 1375 quisque
1044 1317 1220 1362 consilio
1265 1318 1375 1362 libro
1415 1319 1482 1362 uti
1522 1332 1700 1376 pergere

34 1417 76 1450 ‘A
104 1390 278 1448 poterit.
318 1388 409 1433 Alii
450 1390 499 1433 in
538 1391 633 1447 ipso
672 1388 775 1432 libri
815 1403 987 1446 corpore
1028 1394 1232 1446 quaerent
1263 1395 1518 1448 argumenta
1550 1405 1698 1434 eorum

34 1467 37 1474 ¹
104 1474 213 1519 quae
243 1460 314 1508 hic
341 1460 642 1505 tantummodo
675 1465 894 1518 ponuntur
917 1461 1327 1519 contendunturque.
1361 1461 1477 1515 Quae
1504 1466 1554 1505 ut
1580 1461 1699 1505 nullo

16 1555 39 1571 ,Α
102 1532 335 1577 inveniant.
353 1533 526 1590 negotio
550 1532 711 1576 indices
738 1532 921 1576 efficient
949 1547 1054 1589 quos
1082 1534 1185 1576 satis
1206 1535 1395 1591 copiosos
1408 1532 1522 1577 libro
1540 1533 1697 1576 addidi.

41 1626 46 1671 J
94 1603 196 1648 Alii
234 1616 389 1652 meam,
419 1603 472 1647 de
502 1603 648 1661 aliquo
679 1603 902 1647 Plutarchi
931 1603 1040 1647 libro
1072 1609 1207 1647 totam
1240 1618 1493 1662 cognoscere
1525 1606 1700 1662 cupient

67 1703 75 1722 v.
103 1674 464 1732 disput-tionem:
507 1689 655 1719 omnes
697 1674 933 1719 secundum
974 1675 1173 1719 editionis
1215 1678 1398 1719 tractavi
1430 1675 1623 1720 ordinem
1656 1680 1700 1719 et

38 1779 39 1782 η
103 1751 322 1804 praeterea
361 1746 433 1790 hic
472 1760 642 1804 quoque
681 1746 810 1790 index
847 1747 956 1790 feret
998 1761 1137 1804 opem.
1182 1746 1264 1800 Qui
1307 1762 1410 1792 vero
1449 1762 1545 1791 meo
1587 1747 1697 1791 libro

102 1821 327 1876 tamquam
366 1822 574 1875 perpetuo
613 1817 762 1862 volent
803 1820 871 1860 uti
911 1818 1147 1862 Moralium
1191 1821 1510 1871 commentario,
1548 1819 1616 1862 his
1646 1833 1698 1862 ne

63 1913 68 1934 ι
102 1889 394 1947 quaerendum
436 1889 609 1947 quidem
652 1892 729 1933 est.
772 1888 855 1932 Sed
897 1894 1040 1932 tamen
1083 1893 1127 1933 et
1168 1890 1215 1932 hi
1255 1891 1308 1933 ab
1348 1890 1504 1946 epiloqo
1541 1890 1699 1934 faciant

25 1959 35 1999 ἶ
101 1957 303 2006 initium!
345 1959 458 2005 Nam
497 1959 660 2004 librum
700 1974 848 2003 meum
889 1959 1115 2004 vernacule
1152 1962 1382 2018 scriptum,
1424 1963 1500 2019 qui
1541 1962 1610 2005 hic
1652 1962 1698 2004 in

60 2067 68 2093 ,ῥ-
102 2032 296 2077 omnium
337 2031 565 2076 hominum
607 2031 735 2089 paulo
771 2030 1004 2075 cultiorum
1035 2046 1125 2076 esse
1156 2031 1263 2076 solet
1293 2033 1505 2084 manibus,
1537 2037 1698 2076 extero·

22 2156 40 2165 „
70 2094 71 2098 ¹
101 2116 201 2148 rum
224 2102 378 2161 >legent
408 2104 549 2160 pauci,
581 2104 691 2156 scio3
736 2102 810 2146 sed
839 2103 1082 2147 cuiusmodi
1113 2104 1200 2147 fere
1230 2103 1306 2147 ille
1339 2105 1396 2147 sit
1427 2104 1697 2161 aliquatenus

26 2206 28 2210 r
102 2176 146 2218 et
175 2170 244 2219 illi
275 2174 475 2218 noverint
505 2174 581 2231 qui
613 2173 835 2231 epilogum
866 2175 1156 2232 cognoverint.
1196 2173 1376 2218 Utinam
1408 2179 1451 2219 et
1477 2176 1524 2219 hi
1548 2189 1697 2218 meum

33 2263 35 2266 ⁴
101 2244 286 2303 probent
333 2243 586 2296 consilium,
642 2259 896 2301 mecumque
949 2250 1146 2289 censeant
1197 2245 1369 2289 nullum
1421 2248 1697 2303 antiquorum

28 2345 62 2374 με
100 2315 360 2374 scriptorum
391 2314 623 2360 Plutarcho
655 2330 745 2360 esse
776 2315 1016 2374 digniorem
1049 2331 1178 2373 quem
1209 2321 1253 2360 et
1279 2317 1476 2361 hodierni
1501 2319 1696 2361 homines

35 2414 38 2435 ;
101 2384 251 2445 legant
291 2392 335 2432 et
375 2390 598 2445 tamquam
635 2389 826 2431 amicum
857 2386 1056 2445 diligant,
1089 2403 1243 2446 meque
1273 2388 1390 2432 haud
1419 2391 1564 2446 inepte
1596 2403 1696 2432 eum

99 2459 257 2512 nostrie
286 2458 604 2503 commendasse
635 2457 906 2517 aequalibus!

1761 512 1825 562 Vt!
