2002 3372
1027 217 1115 262 276

342 339 474 383 5060
517 340 722 390 Pittacus,
766 352 865 380 cum
909 338 960 381 ad
999 353 1100 382 eum
1131 340 1315 384 hostiam
1349 342 1536 384 misisset
1566 356 1639 385 rex
1671 343 1863 402 Aegypti

280 411 554 465 iussissetque

340 482 385 523 τὸ
419 480 638 523 κάλλιστον
670 479 738 521 καὶ
772 480 975 531 χείριστον
1011 479 1163 531 ἐξελεῖν
1196 481 1314 534 κρέας
1347 481 1583 533 ἐξέπεμψεν
1615 483 1860 534 ἐξελὼν-τὺν

281 555 490 600 γλῶτταν.
1761 569 1764 571 ·

341 620 416 663 Vel
455 634 576 663 aures
618 620 845 663 admonent
877 635 959 663 non
991 621 1211 664 ferendum
1244 636 1334 665 esse
1365 622 1520 680 triplex
1551 624 1668 667 istud
1699 624 1757 678 ἐξ,
1789 624 1863 668 sed

280 690 479 732 disertius
506 692 635 733 etiam
665 691 865 734 admonet
889 693 1098 735 sententia
1124 707 1231 748 quae
1258 693 1438 750 simplex
1467 693 1654 755 ἔπεμψεν
1680 694 1861 752 flagitat.

341 834 475 878 507ss
519 836 632 878 Mira
662 839 725 879 est
759 838 950 894 syntaxis
981 839 1024 879 in
1056 837 1296 894 fragmento
1328 840 1482 895 trag-ici
1514 839 1623 896 quod
1657 841 1830 884 citatur:

580 910 721 957 μικροῦ
754 909 838 959 γὰρ
873 908 915 949 ἐκ
948 914 1191 960 λαμπτῆρος
1227 908 1372 951 Ἰδαῖον
1402 909 1540 957 λέπας

581 978 765 1028 πρήσειεν
797 976 846 1019 ἄν
879 992 963 1024 τις·
999 978 1067 1020 καὶ
1102 979 1195 1031 πρὸς
1228 977 1336 1031 ἄνδρ’
1368 980 1489 1022 εἰπὼν
1521 978 1592 1022 ἕνα

581 1047 758 1089 πύθοιντ’
791 1047 840 1090 ἂν
876 1048 992 1090 ἀστοὶ
1028 1049 1182 1095 πάντες

280 1131 386 1172 quae
418 1118 492 1161 vix
525 1117 765 1160 defenditur
790 1118 1101 1175 Xenophonteo
1127 1121 1235 1162 isto:
1265 1120 1333 1162 καὶ
1363 1121 1384 1169 ἧ
1412 1120 1569 1171 οἰμωγὴ
1599 1121 1642 1162 ἐκ
1669 1125 1862 1173 Πειραιῶς

279 1188 346 1229 διὰ
378 1192 454 1230 τῶν
487 1193 650 1241 μακρῶν
682 1190 832 1242 τείχων
863 1190 919 1236 εἷς
953 1188 1060 1231 ἄστυ
1093 1189 1237 1241 διῆκεν,
1267 1190 1285 1231 ὂ
1313 1188 1444 1242 ἕτερος
1471 1193 1525 1243 τῷ
1554 1191 1672 1243 ἑτέρῳ
1699 1207 1863 1243 παραγ-

278 1258 456 1308 ynam.

342 1392 476 1437 507E
524 1394 572 1436 In
611 1395 749 1436 iocosa
780 1395 1019 1436 narratione
1051 1394 1102 1436 de
1134 1398 1324 1438 senatore
1355 1409 1533 1438 uxorem
1566 1398 1863 1440 commenticia

281 1463 453 1507 fallente
496 1465 735 1506 narratione
776 1465 882 1507 hanc
922 1465 1050 1507 habes
1083 1464 1423 1509 altercationem:
1456 1468 1594 1509 οὐκοῦν
1625 1466 1734 1509 οὐδὲν
1766 1468 1863 1516 ἀκή-

282 1548 401 1586 κοαςς
444 1533 592 1585 γέγονε
634 1536 716 1585 γάρ
750 1551 788 1575 τι
821 1534 954 1577 καινόν
985 1532 1115 1587 dmm
1150 1535 1305 1586 κόρυδος
1339 1534 1471 1578 ὦπται
1505 1537 1590 1580 κτὲ.
1633 1536 1703 1580 Sic
1734 1537 1862 1581 tradi-

281 1609 376 1646 tum
409 1608 493 1656 est3
527 1604 655 1660 paulo
688 1604 844 1648 melius
876 1605 926 1647 R.
959 1605 1076 1647 ἀλλά
1109 1604 1217 1662 legit
1248 1609 1291 1649 et
1321 1607 1400 1650 hoc
1433 1621 1531 1650 cum
1562 1609 1754 1663 sequenti
1780 1623 1860 1659 κορ.

280 1673 322 1716 ὦ.
366 1676 524 1731 iungit.
564 1675 719 1718 Totum
751 1675 888 1719 delere
920 1674 1084 1727 malim,
1117 1677 1190 1718 vix
1222 1678 1334 1719 enim
1368 1676 1487 1720 locus
1519 1677 1588 1720 hic
1619 1678 1861 1734 emphatico

278 1745 343 1787 illi
386 1746 518 1796 ἄλλά,
559 1746 671 1801 quod
711 1750 806 1788 tum
838 1750 949 1788 recte
981 1750 1090 1788 esset
1121 1748 1325 1802 positum,
1359 1749 1395 1790 si
1425 1749 1476 1799 is,
1509 1761 1693 1804 quocum
1724 1762 1862 1791 sermo

279 1815 340 1866 fit,
373 1815 543 1872 aliquod
575 1817 830 1872 pertinaciae
863 1816 1045 1858 dedisset
1074 1817 1263 1873 signum.

340 1960 477 2004 5071?
532 1962 711 2004 absurde
760 1965 927 2005 senator
973 1961 1048 2004 ille
1097 1962 1254 2005 dicitur
1301 1965 1493 2014 πειρᾶσαι
1540 1964 1612 2011 τὴν
1659 1970 1858 2014 γυναῖκα.

279 2031 467 2088 Egregia
494 2031 785 2076 emendatione
811 2031 1100 2088 Stegmannus
1126 2033 1313 2084 ἐφώρασε
1338 2047 1414 2089 pro
1441 2034 1629 2086 ἐπείρασε
1657 2036 1860 2091 reposuit.

341 2175 475 2219 5080
517 2176 715 2233 Undique
757 2177 1027 2221 rumusculos
1058 2177 1284 2220 corradunt
1315 2177 1446 2230 ὥσπερ
1480 2178 1580 2227 ὕλην
1612 2179 1859 2222 πυλαίαν

280 2248 370 2289 τινὰ
403 2251 642 2299 Φορυτῶν
675 2254 724 2301 τῇ
758 2248 946 2302 Φλυαρίᾳ
978 2249 1304 2300 παρατιθέμενοι.

340 2317 475 2360 Verba
501 2321 646 2360 notata
670 2333 753 2361 non
778 2318 977 2375 intelligo
1003 2322 1047 2361 et
1072 2320 1203 2362 etiam
1228 2321 1273 2361 in
1299 2319 1456 2363 ultimo
1482 2320 1650 2372 haereo;
1669 2320 1861 2364 medium

279 2389 392 2429 enim
424 2388 540 2430 istud
571 2403 653 2431 non
685 2392 823 2444 potest
854 2403 937 2432 non
969 2389 1230 2446 significare:
1262 2391 1375 2433 iuxta
1405 2405 1447 2432 se
1477 2394 1691 2447 ponentes.
1730 2391 1860 2444 Quor·

279 2472 375 2500 sum
407 2473 508 2515 ergo
542 2459 714 2502 dativus
746 2466 796 2513 τῇ
830 2460 1017 2514 Φλυαρίᾳ
1048 2459 1150 2503 ille?

340 2593 474 2635 508ss
521 2594 569 2636 In
615 2596 855 2637 narratione
906 2595 957 2638 de
998 2595 1172 2638 Seleuco
1214 2598 1255 2638 et
1299 2596 1466 2652 hospite
1507 2597 1666 2639 rustico
1705 2597 1776 2639 hic
1815 2610 1859 2639 se

278 2665 491 2706 continere
533 2679 615 2707 non
656 2667 846 2721 potuisse
888 2665 1044 2708 dicitur
1086 2669 1234 2722 utpote
1276 2665 1414 2709 laetus
1455 2673 1505 2719 τῇ
1549 2667 1753 2721 συντυχίᾳ
1785 2672 1856 2716 τῆς

279 2734 437 2783 χρείας.

338 2803 454 2845 Haec
486 2806 545 2846 sic
576 2806 783 2860 interpres
814 2807 944 2848 vertit
976 2806 1161 2861 „gaudio
1191 2805 1311 2848 illius
1343 2805 1506 2848 casus’'.
1538 2807 1697 2848 Parum
1724 2811 1856 2858 recte;

279 2874 520 2928 oportebat:
566 2874 730 2924 „laetus
773 2875 884 2931 quod
923 2889 989 2918 res
1030 2877 1091 2918 ita
1132 2876 1348 2919 cecidisset
1379 2879 1430 2918 ut
1459 2890 1533 2918 rex
1563 2890 1588 2918 a
1619 2890 1663 2919 se
1694 2880 1858 2932 peteret

278 2943 445 2998 opem.’'
