2002 3372
1108 190 1164 234 70

409 327 449 367 p.
483 311 590 354 88F
620 312 933 354 altercationem
965 310 1206 355 Alcmeonis
1238 327 1336 356 cum
1368 313 1559 356 Adrasto.

410 397 450 438 p.
484 382 592 424 89ss
635 384 800 438 sapiens
842 382 1027 424 dictum:
1074 387 1176 433 „aut
1217 382 1299 426 fido
1335 397 1440 440 opus
1469 387 1534 426 est
1565 384 1701 427 amico
1729 387 1807 428 aut
1834 385 1921 428 aori

348 451 629 495 adversario”.

409 537 448 577 p.
479 522 533 564 90
548 523 583 563 A
612 522 800 564 Platonis
818 521 999 564 dictum:
1019 526 1250 574 τυφλοῦται
1269 524 1312 565 τὸ
1330 527 1477 575 Φιλοῦν
1495 524 1579 575 περὶ
1599 524 1644 568 τὸ
1661 517 1918 576 Φιλούμινον.

408 607 448 648 p.
483 592 538 634 92
557 592 591 633 Ε
622 591 784 634 Solonis
812 605 977 634 versus:
1007 594 1104 634 ἀλλ’
1131 595 1246 644 ἡμεῖς
1275 595 1410 641 αὐτοῖς
1438 596 1480 636 οὐ
1509 594 1814 648 διαμειψόμεθα
1835 594 1919 637 xri.

349 663 436 704 Hos
478 664 592 704 enim
634 662 827 704 flosculos
868 677 1034 719 semper
1063 678 1161 720 prae
1192 667 1339 708 ceteris
1370 665 1521 708 habuit
1551 666 1598 707 in
1629 663 1794 709 deliciis
1820 663 1922 708 Plu-

347 733 528 775 tarchus.
562 732 766 788 Denique,
798 733 908 789 quod
935 748 1056 790 saepe
1081 735 1351 778 observamus
1378 738 1422 778 in
1449 736 1644 778 omnibus
1669 737 1761 781 eius
1783 735 1918 788 libris,

347 805 475 845 etiam
507 804 560 845 iis
592 804 665 858 qui
699 805 882 846 maxime
915 806 1113 848 orationis
1145 806 1312 848 habitae
1342 820 1441 862 prae
1473 820 1516 849 se
1547 806 1690 849 ferunt
1719 808 1918 863 speciem,

345 887 429 915 non
455 872 675 928 splendida
701 873 842 929 aliqua
871 876 1190 930 „peroratione”
1218 876 1346 919 finem
1373 877 1474 919 facit
1501 881 1654 929 orator,
1680 876 1752 920 sod
1767 877 1920 930 subito,

346 957 445 985 cum
477 947 540 985 sat
575 945 676 986 bene
709 947 862 987 moniti
894 947 932 987 ei
964 946 1164 990 videntur
1194 947 1419 998 auditores,
1454 947 1588 990 dicere
1619 947 1787 993 desinit.

406 1013 497 1055 Iam
539 1018 587 1055 ut
629 1014 680 1056 ad
714 1015 907 1071 singulos
939 1018 1160 1059 veniamus
1192 1016 1318 1068 locos,
1351 1017 1400 1060 de
1431 1018 1544 1060 hisce
1575 1017 1707 1061 habeo
1737 1031 1845 1074 quae
1874 1019 1919 1061 in

346 1084 537 1127 medium
571 1085 755 1140 proferre
786 1085 942 1129 velim:

407 1154 463 1197 86
483 1154 518 1196 D
566 1154 679 1198 Olim
711 1157 902 1199 homines
934 1172 1032 1199 cum
1063 1158 1161 1200 feris
1195 1157 1354 1201 bellum
1386 1159 1589 1216 gerebant
1613 1160 1693 1204 hoc
1719 1174 1802 1204 uno
1828 1174 1923 1203 con-

347 1225 443 1267 silio
490 1230 538 1267 ut
580 1240 622 1268 se
659 1227 709 1269 ab
751 1229 805 1269 iis
847 1227 1138 1279 defenderent;
1181 1233 1326 1285 postea
1356 1244 1503 1276 eorum
1536 1244 1660 1287 opera
1690 1232 1757 1274 uti
1785 1231 1922 1288 iisque

348 1297 461 1338 vesci
493 1295 730 1339 didicerunt
762 1300 839 1350 (ita
870 1301 920 1340 ut
950 1298 1171 1355 pleraeque
1201 1301 1287 1342 iam
1321 1304 1395 1342 aut
1427 1300 1611 1344 domitae
1642 1303 1728 1344 sint
1757 1303 1833 1344 aut
1861 1302 1924 1344 in-

349 1370 611 1423 teremptae),
644 1366 725 1410 Sed
758 1370 816 1411 sic
847 1383 1006 1411 novum
1038 1371 1227 1412 nascitur
1256 1370 1518 1426 periculum:

410 1438 466 1487 μὴ
510 1442 584 1478 τῶν
628 1439 761 1490 θηρίων
805 1440 1069 1482 ἐπιλιπόντων
1103 1442 1156 1493 τῷ
1190 1442 1376 1493 ἀνθρώπῳ
1409 1439 1589 1495 θηριώδης
1623 1442 1640 1485 ὅ
1673 1441 1762 1494 βίος
1795 1443 1919 1485 αὐτοῦ

347 1508 516 1558 γένηται
551 1509 616 1550 καὶ
651 1510 860 1562 ἀνήμερος.

407 1577 623 1621 Sententia
661 1579 936 1635 lepidissima,
971 1595 1078 1637 quae
1110 1586 1251 1625 tamen
1284 1585 1569 1639 corrumpitur
1598 1583 1921 1641 languidissimo

344 1650 428 1691 isto
461 1650 600 1692 αὑτοῦ.
645 1649 891 1707 Legendum
924 1658 1027 1708 puto
1061 1649 1185 1704 αὖθις,
1218 1653 1368 1706 denuo,
1401 1654 1538 1710 qualis
1568 1656 1807 1711 primorum
1836 1654 1920 1697 fuit

345 1720 585 1762 hominum.
628 1721 737 1763 Nata
779 1722 1016 1778 corruptela
1057 1728 1120 1766 est
1151 1738 1172 1766 e
1205 1738 1306 1767 voce
1337 1724 1425 1774 βίος
1459 1739 1541 1768 11011
1571 1724 1800 1768 intellecta.
1843 1724 1920 1768 Est

345 1792 459 1832 enim
500 1790 775 1840 „collectiva”
817 1791 894 1834 illa
935 1793 1227 1850 significatque
1272 1795 1491 1846 „homines
1531 1795 1611 1838 hoc
1641 1800 1829 1853 tempore
1859 1797 1922 1839 vi·
1994 1815 1999 1819 ·

346 1861 535 1912 ventes”,
569 1862 926 1917 quemadmodum
958 1866 1129 1920 egregie
1161 1864 1280 1907 docet
1312 1865 1663 1909 Hemsterhusius
1693 1866 1746 1909 ad
1774 1865 1923 1908 Lucia-

344 1945 461 1973 num.
489 1931 632 1974 Simili
659 1946 784 1974 sensu
801 1933 950 1976 Latine
970 1934 1116 1984 „vita”
1136 1934 1302 1978 dicitur.
1328 1935 1733 1979 Luculentissimum
1751 1937 1921 1993 praebet

345 2002 590 2058 exemplum
623 2005 869 2046 notissimus
901 2004 1082 2047 Phaedri
1114 2005 1372 2049 versiculus:

614 2073 769 2129 duplex
800 2074 935 2117 libelli
966 2075 1040 2118 dos
1072 2080 1156 2118 est:
1191 2077 1300 2132 quod
1332 2079 1465 2119 risum
1500 2081 1644 2120 movet

615 2149 656 2186 et
688 2145 800 2200 quod
831 2146 1029 2202 prudenti
1060 2147 1179 2189 vitam
1210 2147 1385 2190 consilio
1415 2152 1571 2191 monet.

406 2213 462 2257 87
481 2215 517 2256 A
550 2214 667 2270 Ignis
700 2215 811 2258 male
844 2219 983 2259 utenti
1015 2222 1149 2268 nocet,
1183 2218 1253 2261 sed
1286 2218 1457 2275 prodest
1487 2220 1590 2262 bene
1621 2221 1783 2262 utenti:

406 2285 544 2326 σκόπει
586 2285 630 2332 δὴ
667 2286 732 2326 καὶ
769 2288 834 2328 τὸν
868 2288 1018 2341 ἐχθρόν,
1051 2289 1085 2330 εἰ
1117 2289 1326 2341 βλαβερὸς
1359 2289 1407 2332 ὢν
1441 2289 1584 2332 τᾶλλα
1616 2289 1685 2332 καὶ
1718 2291 1920 2340 δυσμετα-

344 2355 559 2407 χείριστος,
593 2355 852 2407 ἁμωσγέπως
887 2358 999 2408 οὶφῆν
1033 2359 1224 2401 ἐνδίδωσιν
1258 2361 1383 2402 αὑτοῦ
1416 2361 1484 2402 uxi
1518 2365 1663 2414 χρῆσιν
1692 2360 1856 2403 οἰκείαν.

405 2425 590 2482 Egregia
630 2427 731 2469 haec
773 2432 815 2470 et
855 2434 1034 2472 venuste
1076 2432 1307 2473 enuntiata.
1340 2430 1422 2473 Sed
1452 2432 1640 2488 corrupit
1671 2431 1812 2474 omnia
1843 2432 1918 2487 qui

344 2496 497 2539 adiecit
514 2497 580 2539 καὶ
601 2498 804 2548 ὠφέλιμός
826 2500 924 2542 ἐστι.
961 2500 1290 2543 Neminemdum
1307 2502 1464 2545 vidisse
1480 2503 1793 2545 annotationem
1810 2501 1916 2545 hanc

344 2581 432 2609 esse
464 2566 583 2609 scioli
614 2572 678 2610 est
709 2569 820 2623 quod
853 2571 1031 2612 mireris.

406 2636 461 2680 87
482 2638 514 2679 Β
563 2643 732 2689 πρῶτον
754 2640 828 2689 μὲν
871 2637 935 2682 οὖν
978 2641 1085 2682 δοκεῖ
1123 2657 1189 2691 μοι
1232 2646 1305 2690 τῆς
1338 2641 1485 2694 ἔχθραις
1518 2642 1563 2684 τὸ
1593 2642 1916 2694 βλαβερώτατον

345 2708 664 2758 ὠφελιμώτατον
696 2708 744 2750 ἂν
778 2710 963 2759 γένέσθοιι
997 2717 1077 2757 τοῖς
1113 2713 1366 2764 προσ-έχουσι.

405 2778 550 2820 Nonne
583 2783 677 2834 post
703 2779 1025 2830 βλαβερώτατον
1052 2783 1208 2825 excidit
1234 2782 1373 2830 ἄλλως
1399 2782 1469 2826 vel
1494 2783 1702 2826 eiusmodi
1727 2782 1914 2839 aliquid?

345 2847 457 2888 Mihi
484 2853 594 2890 certe
622 2850 974 2893 absurdissimum
1001 2852 1078 2894 hoc
1108 2853 1300 2896 videtur:
1329 2855 1433 2909 quod
1455 2854 1620 2895 maxime
1646 2858 1756 2896 nocet
1776 2853 1916 2897 utilis-

347 2918 505 2958 simum
537 2918 585 2960 fit
616 2925 726 2961 recte
760 2922 987 2964 utentibus.
