2002 3372
878 250 965 294 583

82 383 91 418 ὲ
125 388 239 429 ωας
269 375 435 423 nominc
456 378 504 418 et
534 375 652 417 verba
682 373 736 417 ab
767 386 816 416 eo
850 373 954 416 bene
985 372 1119 417 electa
1150 373 1348 425 dicimus,
1380 371 1465 416 alia
1490 372 1560 416 hic
1585 373 1720 416 nomi-

107 461 227 496 nate
250 447 456 493 orationis
486 446 678 490 membra
709 444 942 489 absurdum
975 445 1100 497 foret,
1133 458 1240 502 quae
1271 458 1338 488 res
1368 443 1624 488 documento
1655 446 1720 487 est

124 518 216 567 db
246 517 333 564 illa¹
366 517 562 563 umbra*
597 517 720 574 parvi
759 530 850 560 esse
890 518 936 559 in
969 518 1157 560 oratione
1189 515 1453 568 momenti’';
1485 514 1717 566 lubentius,

124 592 380 648 ut=¹bpinor,
419 593 567 647 postea
602 587 781 632 Iliadem
814 587 1136 646 Odysseamque
1167 602 1268 631 cum
1299 585 1539 644 pulvisculo
1572 600 1719 630 excus-

71 655 75 689 j
124 659 275 707 maist
308 661 390 719 qui
429 674 457 705 a
495 659 573 704 tali
603 661 812 718 magistro
844 674 929 717 quo
959 660 1086 704 modo
1119 659 1220 703 illae
1251 662 1392 703 essent
1420 657 1626 716 legendae
1658 657 1719 700 di-

75 772 82 795 3
111 734 339 786 dmm
361 732 439 776 Et
477 731 591 790 quod
619 733 666 775 in
698 746 784 775 nno
815 733 952 788 capite
984 730 1061 775 illo
1093 735 1182 775 tam
1214 731 1338 775 nobis
1369 730 1543 775 videtur
1572 729 1718 774 lauda-

74 839 75 842 =
125 805 226 860 bile,
251 805 299 849 id
324 805 369 848 in
385 805 535 848 ceteris
551 817 719 861 quoque
736 803 934 866 omnibus
951 803 1249 848 observamus:
1272 801 1490 860 legentem
1507 800 1720 845 delectant

111 878 402 934 umentque
438 879 501 927 et,
539 877 579 919 si
619 889 702 918 non
744 874 885 918 multa
925 876 1038 919 scitu
1079 875 1210 932 digna
1251 888 1352 918 eum
1394 875 1547 926 docent,
1593 877 1644 917 ut
1674 874 1719 915 in

66 976 73 986 s
124 949 306 1008 legendo
345 946 637 1003 studendoque
676 949 865 997 mentem
908 946 1062 989 habeat
1102 948 1313 989 intentam
1345 945 1612 1002 vigilemque
1644 943 1720 987 ali-

66 1062 71 1069 ,
124 1025 335 1081 quatenus
366 1013 528 1064 efficere
557 1021 736 1075 possunt
766 1019 923 1062 omnia.

72 1086 73 1089 '
122 1118 128 1127 =
156 1134 158 1136 .
182 1091 269 1138 Sed
306 1105 444 1136 unum
485 1091 617 1134 etiam
649 1089 795 1133 locum
826 1104 849 1132 e
882 1091 1019 1146 capite
1051 1088 1102 1132 de
1137 1088 1263 1131 verbis
1296 1093 1340 1132 et
1370 1088 1591 1131 nominibus
1625 1102 1719 1145 pro-

109 1165 306 1213 «θιὼ
329 1175 482 1221 operae
518 1163 710 1219 pretium
742 1161 928 1212 videtur,
972 1161 1175 1217 quoniam
1208 1174 1261 1204 ex
1291 1158 1369 1204 illo
1401 1159 1557 1203 melius
1589 1173 1719 1216 quam

65 1239 70 1287 ,’
122 1234 330 1287 maliis,
368 1247 481 1291 quoe
521 1232 683 1276 multos
718 1234 805 1276 iam
836 1231 890 1275 ad
921 1245 1018 1275 eam
1047 1245 1139 1274 rem
1170 1230 1543 1275 demonstrandam
1574 1229 1718 1282 attuli,

114 1307 437 1366 cognoscimus,
465 1319 594 1362 quam
621 1318 774 1361 parum
790 1303 834 1346 in
849 1318 1022 1346 sermone
1036 1304 1183 1346 Latino
1200 1302 1461 1347 Plutarchus
1479 1301 1718 1360 profecerit.

65 1387 67 1390 “
123 1378 366 1432 §Sermone
382 1375 794 1431 Romanorum’fait
824 1379 1023 1428 „tantum
1050 1389 1135 1418 non
1162 1374 1280 1429 (ὁμοῦ
1297 1378 1356 1427 τι)
1372 1388 1518 1419 omnes
1535 1377 1720 1417 utuntur

65 1460 67 1463 ⁴
119 1449 372 1495 mutulae&
403 1448 620 1495 habentor
651 1447 879 1498 credimus,
912 1446 985 1490 sed
1017 1461 1100 1490 non
1131 1460 1279 1490 omnes
1311 1450 1410 1503 apte
1434 1449 1478 1488 et
1503 1444 1720 1503 eleganter

120 1536 174 1568 eo
213 1535 315 1569 usos
345 1522 437 1578 ipse
469 1518 776 1565 Chaeronensis
808 1518 1141 1561 disertissimum
1174 1518 1348 1575 praebet
1366 1516 1626 1574 exemplum
1657 1519 1720 1560 at-

122 1606 207 1652 que
261 1591 473 1637 eiusmodi
531 1595 580 1635 ut
627 1605 728 1634 eum
774 1591 820 1632 in
865 1589 1090 1647 colloquiis
1137 1604 1236 1633 cum
1283 1589 1424 1632 Sossio
1469 1589 1718 1642 Senecione,

59 1710 61 1714 ,
119 1663 466 1718 &marmora
490 1662 682 1720 aliisque·
703 1662 910 1708 Romanis
940 1661 1221 1719 amplissimis
1252 1676 1323 1703 suo
1357 1675 1446 1707 esse
1478 1674 1606 1705 usum
1638 1675 1721 1704 ser·

51 1772 60 1776 .-
123 1751 251 1785 mone
279 1735 404 1782 facile
432 1733 744 1793 intelligamus,
777 1738 852 1778 aut
883 1748 1007 1791 saepe
1038 1734 1356 1779 iocosissimum
1387 1734 1438 1776 in
1459 1732 1638 1776 modum
1663 1734 1719 1776 iis

58 1853 59 1857 ,
118 1807 592 1866 uenitvqwdturnem
615 1805 924 1864 ⁴Babylonicum
953 1804 1274 1850 aedificantibus
1299 1804 1499 1849 accidisse
1514 1803 1718 1862 legimus.

60 1879 62 1922 ἶ
125 1879 348 1934 „Articulo
386 1882 531 1924 carent
571 1877 782 1923 Romani''
823 1879 898 1929 ait,
942 1878 1193 1929 rectissime,
1238 1875 1311 1920 sed
1353 1875 1495 1920 addit:
1541 1880 1611 1928 „et
1643 1878 1719 1920 vix

121 1966 315 2010 uuquam
343 1955 528 1995 utuntur
558 1948 987 2007 praepositionibus”.
1019 1946 1259 1999 Ridiculus,
1292 1947 1445 2000 hercle,
1478 1961 1592 1991 error
1621 1949 1717 1999 iste,

115 2021 337 2069 mcii-de
361 2025 488 2069 natus
514 2022 683 2065 sitnon
708 2034 814 2078 opus
841 2024 906 2064 est
932 2019 1009 2063 diu
1035 2033 1305 2077 quaeramus.
1336 2017 1582 2065 Permultas
1608 2019 1718 2063 vidit

57 2110 60 2115 ’
122 2094 383 2142 Blutarchua
404 2092 604 2146 «tabulas,
635 2092 768 2151 leges,
801 2091 968 2149 aliaque
1001 2105 1054 2135 ex
1085 2105 1134 2135 eo
1165 2104 1321 2149 genere
1353 2091 1611 2135 documenta
1643 2090 1719 2135 La-

122 2169 228 2220 tina,
268 2166 345 2211 ubi
375 2167 420 2210 in
450 2179 534 2223 qua
566 2165 658 2207 urbe
687 2164 850 2207 factum
882 2165 939 2206 sit
971 2162 1148 2220 aliquid,
1182 2177 1204 2206 e
1236 2176 1318 2219 qua
1349 2161 1505 2219 aliquis
1537 2164 1716 2214 venerit,

54 2282 55 2286 ,
118 2241 329 2297 in-‘quam
352 2239 416 2282 eit
443 2236 659 2295 profectus
690 2234 779 2279 solo
811 2248 910 2278 casu
941 2234 1268 2292 significaretur,
1303 2238 1432 2290 atque
1456 2233 1555 2278 inde
1579 2233 1717 2278 effecit

118 2312 272 2358 {tanat
300 2310 376 2353 sin·
396 2307 698 2352 communibus
739 2306 831 2350 fieri
871 2305 1008 2350 solere
1049 2306 1307 2350 nominibus.
1339 2304 1410 2348 Sic
1441 2319 1492 2348 ex
1527 2319 1612 2349 una
1643 2304 1718 2349 illa

119 2379 378 2428 sententiola
405 2379 506 2434 luae
530 2378 687 2424 clarius
719 2382 896 2436 apparet
925 2392 1026 2422 eum
1057 2377 1188 2422 fuisse
1218 2376 1504 2421 Plutarchum
1535 2379 1612 2434 qui
1641 2380 1717 2422 aut

49 2448 54 2516 ἶ
121 2454 305 2507 nesciret
349 2455 425 2496 aut
469 2450 664 2495 oblivisci
711 2454 853 2508 posset
900 2451 1012 2493 inter
1053 2450 1220 2492 vendere
1261 2452 1304 2492 et
1346 2463 1467 2491 emere
1507 2448 1612 2506 quid
1653 2450 1716 2492 in-

115 2527 315 2573 nasset,
347 2550 358 2565 -.

182 2596 251 2642 Ad
279 2595 475 2654 singulos
504 2594 804 2639 Platonicorum
841 2593 1122 2648 Quaestionum
1151 2592 1265 2637 locos
1298 2592 1400 2637 haec
1432 2596 1614 2637 annoto:

172 2667 323 2714 9991)
377 2668 517 2720 „Deus
561 2681 631 2711 me
677 2667 917 2711 obstetricis
963 2679 1140 2710 munere
1181 2666 1226 2708 in
1267 2664 1364 2709 aliis
1406 2665 1531 2722 fungi
1571 2666 1715 2718 iubet,

121 2741 266 2798 ipsum
297 2741 478 2798 gignere
509 2739 654 2783 vetat.”
688 2740 748 2781 ait
779 2737 986 2790 Socrates,
1018 2741 1225 2795 rogatque
1257 2735 1514 2780 Plutarchus
1545 2751 1620 2781 cur
1645 2738 1714 2781 hic

123 2812 203 2856 Dei
243 2813 301 2855 sit
340 2811 511 2855 nomine
551 2810 752 2855 Socratesv
781 2822 909 2854 usus:
943 2810 986 2853 οὐ
1018 2809 1103 2861 γὰρ
1137 2809 1197 2852 ait
1229 2807 1528 2862 εἰρωνευόμενός
1559 2825 1611 2861 γε
1645 2809 1713 2852 καὶ

46 2906 47 2911 =
113 2881 283 2937 παίζοι
308 2881 624 2937 προσεχρήσατο
655 2880 706 2925 ἂν
738 2882 793 2935 τῷ
825 2883 895 2924 τοῦ
929 2880 1015 2924 θεοῦ
1048 2879 1235 2932 ὀνόματι.

119 2954 379 3004 ,ῃΕιοοεεαΐι
418 2954 518 2999 hinc
557 2953 675 2997 istud
715 2950 781 3005 ἄν,
823 2955 889 2996 est
923 2953 1038 2996 enim
1078 2952 1311 2996 sententia:
1355 2966 1457 2996 nam
1489 2952 1602 3009 quod
1634 2951 1713 2997 Dei

123 3027 264 3071 utitur
293 3026 465 3070 nomine
496 3025 684 3082 profecto
717 3038 798 3067 uon
831 3025 941 3067 risus
972 3022 1170 3081 captandi
1200 3037 1325 3068 causa
1354 3022 1400 3067 id
1431 3023 1546 3067 facit.
