2002 3372
872 172 927 216 65

38 283 44 304 ’ἶ
106 297 232 350 πρὸς
275 295 555 349 καπηλείῳ
599 294 911 348 καταφυγόντα
955 295 989 336 δ
1021 295 1096 342 εἷς
1140 295 1192 337 τὸ
1226 299 1551 345 καπηλεῖον,
1586 293 1698 350 quod

31 363 51 462 ξ
105 367 245 413 01110111
271 367 602 427 Wyttenbachio
631 368 677 410 in
709 370 900 410 mentem
927 364 1074 409 venit?
1106 365 1242 419 Quem
1270 380 1366 417 non,
1395 363 1556 417 Graece
1584 364 1698 407 haud

26 484 28 488 ,
96 441 311 500 nescium,
353 442 445 498 ipse
484 438 560 483 ille
598 437 772 482 secundi
813 438 1000 481 membri
1041 437 1250 490 articulus,
1293 451 1377 494 quo
1417 438 1537 494 prius
1570 440 1697 488 caret,

36 501 47 546 ἶ
103 525 278 556 monere
307 515 450 570 potest
480 509 650 554 nullum
681 509 797 554 aliud
830 508 921 552 11110
951 509 1053 552 ferri
1075 524 1195 564 posse
1220 509 1541 552 substantivum
1568 522 1698 566 quam

103 598 188 642 quo
218 598 323 640 pare
363 597 577 640 cauponae
619 581 898 640 significetur,
940 585 1067 638 atque
1100 580 1175 624 illa
1207 580 1379 638 quidem
1412 581 1503 624 sine
1535 595 1619 638 qua
1645 595 1698 623 ne

90 657 284 714 cogitari
314 655 488 713 quidem
519 667 709 712 caupona
739 655 887 711 possit,
921 653 1100 710 denique
1134 653 1345 696 eiusmodi
1376 654 1698 696 substantivum

42 764 47 787 z
101 741 186 784 quo
225 726 280 771 ad
321 741 416 771 eam
457 731 624 784 partem
665 724 897 769 notandam
930 726 1072 781 quivis
1108 726 1173 767 uti
1205 722 1368 768 soleat?
1401 723 1516 778 Quae
1550 728 1695 768 autem
1736 711 1739 714 ⁵

20 814 46 858 ζ·
101 812 199 856 pars
227 797 304 842 illa
334 796 426 842 est?
460 786 633 856 Opinor,
666 797 768 840 cella
800 796 975 839 vinaria.
1009 795 1125 849 Quae
1153 810 1252 839 cum
1279 810 1445 853 semper
1471 800 1514 839 et
1540 797 1697 853 ubique

18 859 39 876 ’Ἰ
98 871 157 914 eit
197 869 470 922 subterranea,
513 869 615 927 quid
657 870 799 926 aptius
841 868 933 912 loco
978 873 1120 911 nostro
1161 882 1291 924 quam
1337 869 1517 919 ὀφθέντα
1551 871 1626 919 μὲν
1658 871 1697 911 ἐν

101 942 314 995 καπηλείῳ
363 940 673 1002 καταφυγόντα
719 939 752 982 δ’
799 940 854 986 εἷς
906 940 951 983 τὸ
1001 939 1238 991 κατάγειον,
1286 940 1400 997 quod
1448 939 1696 983 felicissimo

100 1014 298 1058 acumine
327 1014 494 1056 invenit
526 1009 755 1056 Reiskius?
793 1011 849 1054 Et
882 1026 988 1068 quae
1021 1013 1163 1068 potuit
1194 1010 1406 1054 laboranti
1437 1011 1529 1056 loco
1562 1011 1699 1056 lenior

100 1079 293 1129 adhiberi
321 1082 556 1128 medicina?
588 1083 670 1127 Sed
698 1082 1055 1141 wyttenbachius
1082 1097 1167 1140 quo
1194 1097 1388 1139 quaeque
1415 1088 1505 1126 erat
1531 1083 1696 1126 Reiskii

31 1202 35 1203 ⁷
99 1157 253 1200 certior
281 1155 522 1200 emendatio
553 1170 602 1199 eo
633 1155 756 1198 illam
787 1169 982 1212 spernere
1014 1153 1177 1197 solebat
1206 1156 1478 1211 pertinacius.

160 1228 403 1281 „Mentium
431 1227 676 1271 medicum'’
702 1228 870 1284 primus
893 1226 1143 1270 mortalium
1161 1225 1445 1269 Plutarchum
1463 1226 1697 1284 appellavit

35 1291 38 1295 ⁴
97 1298 340 1358 Levequius
381 1299 595 1357 praeclaro
635 1298 712 1342 illo
753 1297 915 1351 libello,
959 1311 1086 1355 quem
1129 1301 1227 1340 ante
1268 1297 1296 1340 8
1339 1312 1470 1341 annos
1503 1312 1694 1341 seorsum

95 1370 309 1415 edendum
335 1372 482 1414 curavi
503 1370 549 1424 ¹).
580 1370 640 1413 Et
667 1371 840 1428 egregie
867 1369 1040 1426 quidem
1066 1370 1111 1411 in
1129 1367 1469 1413 Chaeronensem
1496 1374 1694 1412 nostrum

97 1444 296 1490 convenit
336 1456 491 1486 nomeu
529 1440 652 1493 illud,
686 1441 759 1484 sed
789 1442 880 1498 ipse
912 1455 1012 1483 eum
1044 1439 1130 1483 alio
1162 1442 1308 1482 tamen
1341 1454 1489 1483 ornare
1522 1442 1694 1484 nomine

28 1559 30 1561 ,
95 1514 224 1568 00100,
257 1513 383 1572 quod,
416 1515 499 1557 nisi
530 1528 599 1556 me
627 1512 739 1556 fallit
766 1514 950 1564 animus,
978 1513 1120 1570 magis
1143 1513 1187 1554 in
1214 1526 1315 1555 eum
1342 1514 1553 1556 convenit.
1587 1512 1695 1566 Quo-

36 1643 38 1645 ·
97 1587 346 1644 tiescunque
378 1587 493 1630 enim
523 1586 570 1628 in
602 1583 968 1628 narratiunculam
996 1582 1134 1641 qualis
1161 1583 1264 1627 haec
1291 1590 1355 1627 est
1380 1583 1533 1636 incido,
1563 1598 1614 1627 ex
1643 1598 1692 1627 eo

30 1653 32 1655 ¹
95 1672 253 1717 genere
282 1656 395 1715 quod
426 1670 525 1714 prae
555 1658 706 1700 ceteris
737 1657 782 1698 111
815 1655 978 1699 deliciis
1011 1655 1142 1698 fuisse
1174 1654 1406 1699 Plutarcho
1439 1660 1552 1699 certa
1583 1656 1694 1699 mihi

94 1733 181 1774 stat
219 1730 443 1781 sententia,
485 1727 727 1785 intelligere
767 1728 877 1770 mihi
916 1726 1064 1770 videor
1096 1741 1180 1784 qua
1209 1728 1374 1770 ratione
1404 1726 1480 1770 ille
1511 1741 1693 1785 gregem

95 1815 196 1846 suae
236 1815 364 1846 curae
394 1801 676 1844 commissum
708 1798 914 1842 abducere
946 1813 971 1842 a
1003 1799 1127 1850 vitio,
1161 1798 1367 1842 adducere
1399 1799 1452 1841 ad
1483 1801 1691 1842 virtutem

28 1915 29 1918 ,
93 1875 151 1918 sit
180 1872 348 1918 solitus.
377 1871 432 1916 Et
459 1875 557 1916 ante
584 1870 727 1915 oculos
754 1885 870 1914 meos
898 1874 1139 1927 exsurgunt
1166 1872 1334 1928 egregii
1361 1869 1430 1913 illi
1458 1872 1555 1924 viri,
1588 1885 1692 1927 quos

35 1971 37 1973 ·
95 1959 202 2003 puer
246 1944 359 1997 vidi,
406 1945 570 1994 amavi,
619 1943 805 1999 suspexi,
853 1942 985 1985 bonos
1033 1941 1223 1999 fidosque
1271 1941 1407 1998 plebis
1454 1944 1693 1986 rusticanae

93 2019 295 2075 pastores,
337 2020 381 2060 et
419 2029 522 2073 prae
563 2015 714 2058 ceteris
748 2018 869 2071 pater
899 2015 990 2070 ipse
1024 2027 1159 2056 meus.
1194 2012 1344 2055 Stabat
1377 2015 1592 2070 „pastoria
1624 2013 1691 2056 do-

94 2088 220 2133 mus'’
253 2087 308 2132 ad
338 2101 544 2146 aggerem
577 2087 707 2129 maris
739 2099 864 2142 saepe
895 2084 1207 2128 tumultuantis
1240 2088 1454 2127 arcentem
1487 2087 1692 2142 impetus,

91 2163 136 2204 et
178 2157 298 2203 nulla
339 2160 380 2202 ei
422 2159 563 2202 vicina
606 2158 747 2215 magis
789 2162 879 2200 erat
921 2170 1053 2213 quam
1086 2157 1211 2198 unica
1242 2157 1345 2213 pagi
1377 2170 1581 2213 caupona,
1613 2155 1691 2198 illa

92 2245 260 2289 quoque
303 2229 463 2274 distans
505 2228 603 2272 inde
647 2233 854 2272 trecentos
898 2227 985 2271 fere
1027 2241 1190 2284 passus.
1239 2226 1353 2270 Satis
1399 2228 1529 2270 sobrii
1570 2230 1691 2270 erant

93 2301 318 2361 agricolae,
350 2301 507 2358 quibus
538 2304 660 2358 pater
685 2301 889 2357 praeerat,
917 2299 1042 2342 modo
1068 2313 1180 2341 unus
1209 2312 1356 2342 eorum
1385 2298 1548 2342 Baccho
1575 2300 1691 2341 iusto

95 2375 236 2432 magis
261 2376 354 2418 erat
379 2372 562 2416 deditus.
595 2371 827 2428 Nunquam
856 2375 1000 2414 tamen
1025 2370 1098 2413 ille
1126 2372 1169 2413 in
1192 2370 1337 2414 locum
1361 2371 1444 2414 sibi
1467 2372 1691 2428 praecipue

28 2447 33 2466 ¹
95 2443 302 2489 dilectum
330 2443 527 2488 veniebat
558 2443 661 2500 quin
694 2441 746 2485 ad
778 2443 1007 2485 fenestram
1040 2441 1275 2485 consideret
1306 2441 1419 2484 unde
1447 2441 1499 2484 ad
1527 2446 1692 2499 „pasto-

30 2507 31 2510 ¹
90 2514 230 2560 riam”
275 2515 385 2559 liber
426 2518 537 2558 esset
578 2517 838 2570 prospectus,
881 2515 943 2556 ita
984 2515 1096 2556 inter
1136 2513 1365 2556 fenestram
1398 2512 1690 2570 poculumque

29 2598 32 2600 “
90 2588 232 2646 posito
263 2586 391 2645 pileo,
424 2590 475 2630 ut
505 2587 541 2629 01
574 2585 682 2628 forte
715 2589 836 2642 pater
859 2586 1041 2628 intraret
1066 2599 1166 2628 cum
1193 2584 1366 2628 aedium
1394 2586 1603 2641 magistra
1631 2609 1687 2616 —

29 2698 31 2702 Α
90 2672 200 2716 quae
232 2658 381 2703 eadem
412 2663 503 2702 erat
535 2656 829 2713 ludimagistri
859 2671 967 2699 uxor
994 2682 1048 2688 —
1077 2655 1381 2708 collocuturus,
1412 2655 1521 2698 illud
1553 2655 1690 2699 oculis

91 2731 184 2776 eius
213 2734 358 2789 posset
388 2729 652 2774 subtrahere.

133 2906 171 2947 1)
203 2905 312 2938 Caroli
342 2903 491 2947 nmquis·
521 2902 665 2935 libellum
699 2912 830 2934 aureum
853 2902 891 2933 de
914 2901 1090 2933 Plutarcho
1114 2901 1230 2933 mentis
1254 2900 1374 2932 medico
1399 2899 1504 2932 denuo
1528 2900 1686 2933 edendum

90 2961 216 2994 curavit
239 2961 272 2996 J.
296 2961 328 2994 J.
356 2961 400 2993 H.
423 2960 460 2993 L.
474 2960 512 2992 B.
536 2958 619 3002 apud
643 2957 832 3000 Sythoffium
856 2968 884 2990 a.
907 2958 1003 2990 1903.

1471 3021 1490 3052 5
