2002 3372
1107 277 1194 321 512

363 418 609 462 responsum
651 403 761 460 quod
801 402 969 445 Amasis
1011 403 1104 458 regi
1144 416 1220 445 suo
1261 400 1360 445 dat?
1400 402 1632 445 Ponitusne
1669 405 1715 445 et
1752 401 1866 455 totns
1884 405 1940 445 <ut

364 477 497 527 aiunt,
530 478 694 531 pectore
725 475 908 529 patriam
941 485 1063 515 suam
1096 486 1237 516 amare
1268 473 1483 529 putandus
1514 476 1578 515 est
1609 468 1889 529 scripeoiftqui
1914 485 1940 522 a

362 559 505 603 pugna
545 545 814 587 Marathonia
853 544 1001 586 statim
1034 545 1212 587 transire
1242 545 1374 600 possit
1405 542 1458 586 ad
1489 541 1818 600 gesticulanten
1832 548 1940 586 -cru-

362 617 480 658 ribus
506 615 634 657 illum
661 611 985 670 Hippoclidem?
1011 612 1205 670 Denique
1227 614 1587 658 narratiunculam
1605 613 1657 657 de
1671 613 1939 671 Rampinito

362 688 665 730 iocosissimam
706 699 794 728 esse
835 698 919 727 non
959 698 1167 741 negamus
1209 684 1281 727 sed
1322 685 1454 728 simul
1484 684 1755 729 recordamur
1780 697 1837 728 η
1859 683 1940 728 illa

361 760 509 798 natum
550 755 764 798 ludicrum
807 754 917 797 illud
950 754 1284 812 Bavaricamque
1315 755 1507 800 redolens
1536 756 1775 800 cervisiam
1771 767 1939 812 *poema

361 828 411 868 dc
440 827 540 868 libro
572 826 722 882 effosso.
1609 840 1611 842 ·
1652 840 1654 842 ·

421 896 502 939 Sed
543 898 678 939 maior
718 896 819 939 haec
850 895 1072 939 Plutarchi
1101 887 1193 939 laus
1223 896 1336 952 quod
1369 910 1412 939 se
1443 897 1488 939 in
1522 857 1853 954 redarguendis
1848 896 1938 940 He-

361 967 496 1010 rodoti
529 966 754 1010 calumniis
779 968 1004 1024 egregium
1035 967 1208 1022 praebet
1239 968 1504 1011 historicum.
1538 966 1704 1011 Annon
1713 979 1822 1012 m
1835 966 1936 1011 soli·

361 1038 495 1094 daque
521 1038 709 1082 doctrina
734 1038 964 1090 Thebanos,
993 1040 1064 1095 qui
1089 1037 1388 1096 Thermopylis
1402 1039 1657 1092 ceciderunt,
1675 1037 1936 1096 nonsssponte,

361 1114 410 1151 ut
451 1111 512 1152 ait
554 1109 810 1162 Herodotus,
855 1109 928 1152 sed
959 1123 983 1152 a
1014 1109 1199 1152 Leonida
1231 1112 1377 1162 coacti,
1409 1109 1655 1164 Phocenses,
1690 1107 1938 1167 quwrfflom

360 1180 574 1222 contendit
616 1193 699 1223 non
739 1181 901 1235 patriae
931 1193 1075 1222 amore
1109 1179 1181 1223 sed
1212 1179 1510 1224 Thessalorum
1538 1180 1639 1224 odio
1659 1178 1938 1229 ‘commanem
1995 1195 1997 1197 ¹

360 1249 559 1294 Graeciae
601 1250 835 1293 defendisse
875 1263 1060 1301 causam,
1103 1254 1230 1306 atque
1272 1251 1375 1294 adeo
1413 1251 1938 1308 Spartanos=ipse=,1quos
1992 1250 1995 1257 '

360 1321 474 1364 idem
499 1321 572 1364 ille
597 1321 820 1364 insimulat
846 1321 961 1365 domi
987 1335 1253 1365 remansuros
1279 1323 1409 1365 fnisse
1435 1323 1518 1379 nisi
1542 1335 1568 1365 a
1586 1318 1740 1367 ohiloo
1755 1319 1938 1380 quodam

359 1395 411 1434 ut
439 1406 557 1435 arma
589 1396 806 1435 sumerent
837 1396 976 1435 essent
1007 1394 1203 1448 permoti,
1233 1393 1362 1449 idque
1393 1394 1663 1450 argumentis*
1679 1392 1798 1436 ‘nim
1822 1391 1938 1436 aliud

362 1476 491 1519 quam
524 1463 739 1506 utilitatem
769 1464 831 1506 rei
862 1463 1247 1506 demonstrantibus
1281 1496 1291 1506 .
1309 1494 1319 1506 .
1339 1496 1349 1506 .
1382 1463 1518 1506 nonhe
1549 1464 1626 1506 hos
1657 1475 1805 1506 omnen
1826 1462 1936 1506 ‘Plu-

359 1535 531 1599 tarchus
562 1535 613 1577 ab
645 1534 852 1577 eiusmodi
883 1533 1108 1577 calumniis
1137 1534 1257 1578 docte
1289 1533 1419 1578 simul
1451 1537 1494 1578 et
1524 1537 1646 1578 acute
1677 1531 1914 1577 defendit-‘f‘

418 1602 474 1647 Et
514 1606 736 1657 miramur,
782 1604 998 1662 placidum
1043 1605 1216 1662 quidem
1258 1605 1482 1662 leuemque
1524 1605 1597 1648 sed
1637 1604 1780 1648 simul}
1811 1603 1935 1648 verae

359 1677 591 1732 sapientiae
630 1677 939 1732 gravitatisque
979 1675 1154 1732 plenum
1195 1675 1320 1719 illum
1362 1675 1682 1732 philosophum·
1697 1677 1937 1732 mentisque

358 1746 572 1789 medicum
611 1748 826 1790 continere
866 1748 975 1790 iram
1008 1750 1051 1789 et
1080 1747 1418 1804 indignationem
1449 1761 1530 1789 non
1561 1741 1750 1803 potuiss'e
1777 1745 1936 1789 avalia

358 1817 574 1874 legentem
606 1822 648 1860 et
679 1821 778 1860 nota
808 1819 913 1860 ista:
946 1817 980 1859 εἰ
1012 1818 1071 1867 μὴ
1101 1817 1225 1860 αὑταιὶ
1259 1817 1489 1869 ἐβούλοντο,
1522 1817 1593 1860 οὐκ
1620 1816 1671 1860 ἄν
1697 1815 1934 1871 ἡρπάζοντο.

358 1886 518 1931 Audite
558 1889 626 1930 hic
665 1887 943 1930 Plutarchum
983 1889 1031 1930 in
1073 1888 1179 1931 hanc
1219 1891 1512 1945 erumpentem
1552 1900 1700 1932 vocem
1738 1883 1936 1943 „ineptiis

359 1972 459 2016 ergo
490 1961 618 2001 etiam
651 1958 749 2001 deos
779 1957 971 2000 dicamus
1001 1960 1074 2014 qui
1106 1972 1130 2001 a
1160 1958 1378 2015 Spartanis
1407 1971 1561 2015 poenas
1592 1959 1836 2009 sumserint&
1862 1957 1936 2014 qui

358 2031 449 2072 vim
488 2028 721 2072 intulerant
753 2029 925 2072 Leuctri
956 2028 1139 2081 filiabus,
1172 2033 1216 2072 et
1248 2030 1300 2072 ab
1333 2029 1460 2072 Aiace
1489 2042 1513 2072 a
1543 2041 1628 2086 quo
1656 2023 1936 2072 vid-tamt

358 2098 616 2143 Gassandra''
661 2102 704 2142 et
744 2113 850 2156 quae
881 2102 1118 2155 sequuntur
1149 2099 1338 2142 eiusdem
1368 2099 1676 2156 indignationis
1702 2095 1832 2156 plena
1894 2103 1933 2141 ,Ἐκ

358 2172 504 2212 statim
536 2171 616 2213 tibi
646 2184 722 2226 pro
753 2174 866 2213 certo
898 2171 1106 2213 constabit
1137 2183 1162 2213 a
1192 2169 1421 2214 Plutarcho
1451 2170 1564 2213 hunc
1588 2165 1934 2227 ‹le-malignitate

357 2240 562 2283 Herodoti
603 2242 809 2296 scriptum
852 2239 1025 2283 librum.
1066 2240 1114 2283 In
1152 2245 1340 2284 mentem
1383 2242 1498 2283 enim
1539 2241 1629 2283 tibi·
1662 2244 1706 2283 et
1739 2236 1935 2287 ‹atlffidoci

356 2312 528 2355 venient
570 2314 612 2354 et
641 2310 708 2353 illi
738 2311 894 2367 quibus
924 2310 1100 2354 Coloten
1132 2311 1350 2369 redarguit
1378 2313 1656 2368 castigatque,
1687 2310 1933 2366 scriptorem

357 2396 440 2424 non
472 2382 616 2424 minus
646 2381 785 2424 levem
817 2387 860 2424 et
890 2382 1092 2425 adversus
1117 2395 1307 2425 summos
1332 2383 1448 2426 viros
1472 2383 1670 2438 iniq-uum
1697 2380 1935 2437 quam·ihit

357 2452 611 2494 Herodotus.
653 2451 755 2495 Illos
798 2452 891 2495 dico
936 2456 994 2509 (p.
1029 2451 1144 2495 1116
1156 2452 1232 2506 F):
1275 2451 1466 2507 φορτικὸς·
1494 2447 1569 2495 οὗνὲ
1590 2452 1614 2495 δ’
1636 2448 1932 2496 matu-amre.

357 2526 399 2564 et
433 2521 595 2565 1117E
636 2522 706 2565 καὶ
748 2523 828 2573 μὴν
870 2520 930 2565 ὅτι
971 2522 1193 2575 Σωκράτης
1225 2554 1235 2566 .
1256 2555 1265 2566 .
1286 2555 1295 2566 .
1330 2521 1461 2571 οὕτως’
1483 2523 1642 2575 mian.
1675 2519 1933 2580 Agnoscisne

356 2593 425 2635 hic
457 2593 637 2636 eundem
666 2592 793 2636 illum
824 2593 1016 2637 ardorem
1048 2608 1175 2651 quem
1209 2598 1324 2638 totus
1355 2596 1487 2651 spirat
1513 2594 1622 2637 liber
1650 2592 1814 2638 noster?
1892 2610 1895 2617 ¹

416 2663 621 2706 Herodoti
646 2664 964 2721 malignitatem
991 2664 1312 2722 perstringendo
1338 2664 1592 2709 Plutarchus
1621 2667 1673 2707 ut
1691 2665 1902 2721 potuita.
1920 2695 1930 2706 .

357 2736 583 2790 capessivit
613 2734 935 2792 rempublicam.
968 2735 1024 2778 Et
1054 2749 1179 2778 nemo
1208 2734 1286 2778 illo
1317 2737 1459 2792 potuit
1484 2734 1654 2779 melius.
1686 2734 1842 2777 Annon·
1863 2741 1933 2790 op-

357 2806 488 2848 timus
531 2805 604 2848 ille
646 2810 710 2848 est
752 2805 1009 2862 „politicus”
1041 2807 1117 2862 qutl‘
1146 2808 1239 2862 paci
1270 2807 1382 2848 inter
1411 2809 1614 2862 cognatos
1647 2804 1830 2848 consulit
1859 2817 1932 2861 po·

355 2874 491 2929 pulos,
536 2875 633 2918 lites
674 2875 852 2928 dirimit,
896 2877 1086 2919 funestos
1128 2875 1243 2919 tollit
1282 2875 1466 2919 errores?
1506 2875 1562 2918 Et
1601 2877 1674 2932 qui
1704 2876 1931 2932 imponere
1982 2888 1983 2894 ¹

356 2944 481 2987 finem
523 2947 641 3001 cupit
682 2947 862 2988 aeternis
905 2945 1007 2996 illis,
1049 2947 1204 3002 quibus
1246 2948 1357 2989 inter
1396 2960 1441 2989 se
1480 2945 1692 2989 lacessunt
1730 2944 1930 2990 Graeciae
1996 3000 1999 3003 ⁸

356 3018 518 3070 gentes,
558 3016 726 3071 iurgiis,
769 3029 903 3059 nonne
945 3018 1116 3073 egregie
1156 3016 1265 3059 illud
1305 3016 1438 3059 facere
1471 3016 1798 3060 censendus‘eet
1817 3025 1924 3059 *cum
