2002 3372
1101 208 1187 252 164

351 333 523 390 legatur
554 335 628 375 aut
659 331 825 382 Νείλου,
858 330 976 374 nullo
1006 331 1117 374 inter
1142 344 1185 374 se
1211 330 1383 375 vinculo
1409 332 1627 376 cohaerere
1654 346 1760 389 quae
1783 332 1883 377 inde
1906 346 1934 377 a

355 406 505 461 capitis
535 404 660 445 initio
693 402 905 458 legantur.
938 401 1020 444 Sed
1045 401 1160 444 idem
1187 403 1322 445 sentio
1349 416 1438 446 esse
1463 403 1569 446 hanc
1595 403 1933 449 emendationem

355 490 405 518 ex
437 489 485 518 eo
516 487 669 531 genere
701 473 814 530 quod
845 487 920 516 suo
955 474 1311 525 „Kaemlorpmoffi
1343 472 1575 529 legendum
1605 474 1777 519 videtur
1806 481 1933 519 Φιλω-

354 546 490 594 νίδης”
532 545 668 587 ridere
709 544 872 587 solebat
915 543 1109 588 Oobetus.
1153 543 1297 587 Multo
1338 548 1449 587 certe
1480 546 1623 589 minus
1653 549 1718 589 est
1746 545 1934 591 violenta

350 616 528 673 Strydii,
569 616 806 658 acutissimi
837 615 932 665 viri,
965 616 1230 658 coniectura:
1265 615 1397 667 θρῆνός
1429 616 1537 658 ἐστιν
1569 617 1670 670 ἱερὸς
1699 615 1766 659 ἐπὶ
1798 617 1854 670 τῷ
1886 618 1931 660 ἐκ

352 687 492 738 Κρόνου
534 685 809 739 γεγενημένῳ,
854 685 924 728 sed
956 699 1092 742 neque
1123 685 1324 729 credibile
1357 691 1420 729 est
1452 687 1714 739 γεγενημένῳ
1742 689 1788 731 in
1818 687 1931 740 γενό·

351 773 468 808 μενος
501 757 653 799 abiisse
686 760 728 799 et
759 758 969 799 intactum
999 756 1255 813 relinquitur
1286 758 1345 799 sic
1377 771 1541 814 quoque
1569 758 1681 814 quod
1705 759 1752 801 in
1776 758 1931 803 tradita

349 828 527 871 lectione
571 831 636 870 est
676 826 1053 870 molestissimum:
1098 829 1228 880 θρῆνος
1262 829 1400 879 θρηνεῖ.
1435 828 1615 884 Utrique
1647 828 1760 873 malo
1788 829 1929 874 mede-

349 900 459 941 beris
496 913 570 955 pro
610 898 674 940 ἐπὶ
709 902 778 941 τοῦ
809 898 948 950 Κρόνου
976 898 1190 949 γενόμενος
1217 898 1397 956 legendo
1425 903 1493 941 τοῦ
1513 900 1665 952 Κρόνου
1691 899 1928 952 λεγόμενος.

349 969 481 1026 Saepe
514 969 738 1020 λεγόμενος
770 973 812 1011 et
843 969 1059 1019 γενόμενος
1091 971 1202 1012 inter
1233 984 1276 1012 se
1308 970 1624 1014 confunduntur
1654 974 1697 1015 et
1722 971 1792 1016 hic
1816 985 1931 1029 prae-

352 1045 466 1083 terea
497 1044 564 1092 (ut
595 1042 825 1083 sexcenties
855 1042 900 1082 in
932 1040 1154 1083 Plutarchi
1181 1045 1318 1094 textu)
1346 1055 1524 1096 sequens
1550 1041 1790 1094 γιγνόμενον
1816 1042 1930 1087 ultro

308 1132 313 1136 ·
350 1111 460 1154 illud
503 1113 645 1155 vitum
691 1112 959 1167 provocabat.
1009 1112 1148 1167 Atque
1196 1113 1254 1154 sic
1302 1112 1542 1156 obtinemus
1586 1113 1762 1159 eandem
1806 1113 1928 1159 illam

351 1184 605 1225 sententiam
637 1196 765 1238 quam
797 1182 995 1239 Strydius
1021 1184 1243 1226 restituere
1268 1182 1436 1226 volebat
1462 1183 1776 1241 elegantissime
1802 1199 1932 1230 enun-

349 1255 524 1296 tiatam:
558 1255 595 1295 si
628 1255 742 1296 enim
776 1253 918 1306 Κρόνος
950 1253 1166 1296 inducitur
1198 1253 1407 1297 Osiridem
1439 1254 1605 1311 lugens,
1637 1259 1784 1312 sponte
1809 1255 1930 1300 intel-

348 1324 528 1380 ligimus
569 1323 639 1365 hic
681 1322 859 1366 Osiridis
901 1338 1000 1366 eum
1044 1323 1127 1366 dici
1169 1327 1346 1379 patrem.
1396 1324 1516 1377 Quod
1556 1328 1703 1369 utrum
1742 1327 1835 1370 iure
1875 1340 1928 1370 an

348 1396 505 1437 iniuria
538 1394 794 1437 Plutarchus
826 1394 971 1437 fecerit
1002 1394 1174 1438 videant
1206 1394 1318 1437 docti
1349 1395 1652 1453 Aegyptologi.
1693 1396 1852 1450 Quodsi
1882 1399 1926 1440 in

349 1467 571 1518 sententia,
619 1465 788 1522 qualem
837 1480 916 1522 ego
961 1467 1145 1517 restitui,
1194 1480 1308 1508 error
1355 1466 1509 1522 aliquis
1555 1466 1674 1518 latet,
1716 1467 1926 1512 eiusmodi

347 1541 487 1579 tamen
529 1536 603 1579 ille
645 1540 708 1578 est
751 1539 799 1578 ut
839 1549 862 1578 a
904 1535 1133 1579 Plutarcho
1175 1537 1364 1592 potuisse
1405 1538 1621 1581 committi
1660 1539 1839 1585 minime
1870 1540 1926 1582 sit

344 1607 605 1651 incredibile.

412 1754 458 1799 C.
492 1754 548 1797 39
581 1758 639 1810 (p.
675 1752 838 1807 366E).
872 1757 970 1795 Βοῦν
1001 1753 1082 1806 γὰρ
1111 1753 1260 1800 Ἴσιδος
1293 1753 1424 1796 sladum
1459 1753 1526 1797 καὶ
1561 1759 1640 1805 γῆν
1671 1753 1885 1807 νομίζουσι.

409 1826 491 1868 Pro
525 1826 591 1867 κοιὶ
624 1829 703 1876 γῆν
736 1824 984 1867 Marklandi
1015 1825 1154 1880 recepi
1184 1825 1469 1867 coniecturam
1500 1825 1706 1874 αἰσθητήν.
1748 1825 1829 1870 Sed
1860 1826 1927 1870 ad-

350 1901 494 1940 monet
536 1910 604 1939 me
636 1895 847 1948 Volterus‚
886 1894 1048 1951 collega
1079 1894 1496 1946 Amstelodamensis,
1529 1895 1808 1942 verisimilius
1837 1910 1927 1940 esse

348 1968 465 2010 istud
507 1968 575 2010 καὶ
609 1971 687 2018 γῆν
721 1966 943 2010 semidocti
975 1979 1063 2008 esse
1096 1967 1413 2008 annotationem
1444 1972 1487 2009 et
1516 1979 1602 2009 una
1630 1966 1760 2010 litura
1789 1966 1927 2012 delen-

351 2039 466 2082 dum.
500 2038 659 2081 Verum
689 2037 846 2081 vidisse
877 2038 944 2079 vir
975 2037 1246 2079 acutissimus
1276 2036 1460 2080 videtur.

412 2174 459 2218 O.
495 2174 549 2217 69
583 2178 640 2230 (p.
677 2172 828 2226 378E)
861 2172 929 2215 καὶ
963 2171 1120 2215 Βοιωτοὶ
1153 2173 1207 2214 τὰ
1241 2177 1315 2221 τῆς
1345 2172 1532 2225 Ἀχαιίας
1563 2172 1732 2224 μέγαρα
1765 2176 1926 2216 κινοῦσι.

410 2246 572 2288 Locum
613 2246 725 2287 hunc
767 2258 887 2300 saepe
931 2247 1143 2286 tentatum
1181 2244 1240 2286 sic
1270 2242 1383 2286 idem
1414 2243 1490 2286 ille
1522 2243 1757 2287 sanandum
1787 2250 1928 2287 censet

353 2333 388 2359 κ.
422 2325 465 2360 Β.
500 2316 720 2367 κατάγαιοι
752 2316 919 2367 μέγαρα
951 2314 1165 2366 κτίζουσιν,
1206 2318 1489 2370 provocatque
1520 2314 1573 2357 ad
1604 2314 1927 2359 Atheniensium

349 2389 390 2429 in
420 2387 765 2443 Thesmophoriis
791 2400 932 2429 usum.
961 2385 1306 2441 Ingeniosissima
1333 2389 1444 2428 certe
1470 2385 1574 2428 haec*
1588 2388 1653 2429 est
1668 2387 1906 2429 coniectura
1915 2398 1927 2438 3

350 2458 577 2501 subdubito
618 2462 763 2500 tamen
804 2471 943 2500 annon
987 2454 1314 2508 „subterranea”
1358 2454 1515 2499 Graece
1548 2454 1753 2508 ὑπόγαια
1783 2457 1926 2512 potius

350 2529 573 2571 dicendum
606 2530 673 2571 sit.

953 2757 1008 2787 DE
1041 2751 1071 2786 E
1105 2754 1326 2786 DELPHIGO.

409 2868 616 2925 Deinceps
658 2884 769 2911 nunc
808 2871 851 2911 in
894 2868 1114 2911 Plutarchi
1147 2867 1402 2910 editionibus
1433 2869 1517 2910 tres
1549 2865 1752 2923 leguntur
1783 2865 1927 2923 dispu-

351 2941 531 2982 tationes
563 2953 665 2995 quas
698 2940 846 2983 eodem
879 2940 965 2982 fere
998 2944 1186 2994 tempore
1218 2952 1242 2981 a
1274 2937 1502 2981 Plutarcho
1534 2939 1786 2994 conscriptas
1817 2938 1926 2982 veri—
