2002 3372
869 237 955 280 291

113 376 240 422 agere
281 376 418 420 neque
458 361 579 419 loqui
618 360 753 403 lube?
798 362 827 403 i.
847 374 883 403 e.
928 363 1003 403 aut
1045 361 1165 404 abest
1206 363 1282 403 aut
1322 362 1460 403 cessat
1499 358 1714 415 voluptas.

113 434 184 479 sio
222 433 400 478 demum
432 437 544 477 recte
576 431 696 476 color
727 433 932 475 orationis
963 431 1196 484 redditur(:
1233 445 1307 483 „ze
1338 430 1501 473 hebben
1535 443 1582 473 er
1608 443 1716 486 geon

20 483 35 542 '1
113 504 211 549 trek
238 504 313 549 in''
345 504 416 549 vel
449 504 529 557 „de
561 504 651 547 lust
683 502 1047 561 vergaat·hun'').

176 640 313 685 5191?
354 640 475 685 Idem
508 644 551 684 et
581 641 739 684 curiosi
770 640 956 683 faciunt:
991 640 1130 682 πολλὰ
1167 639 1234 680 καὶ
1270 638 1385 681 καλοὶ
1417 636 1613 689 θεάματα
1646 670 1684 680 ..
1706 669 1715 680 .

34 766 38 767 ⁷
115 713 388 767 παρελθόντες
420 713 505 755 κτὲ.

175 783 402 828 Structura
428 785 567 842 exigit
594 786 644 825 ut
671 797 771 825 cum
799 781 1064 840 Stegmanno
1091 782 1174 836 γάρ
1191 783 1431 825 inseramus
1447 785 1543 839 post
1560 781 1716 824 πολλά.

174 930 232 975 ib.
277 931 480 986 χρήσιμον
512 962 552 974 ..
575 963 584 973 .
604 961 614 973 .
649 930 748 982 πρὸς
781 930 852 977 τὴν
887 932 977 982 (τοῦ
1009 929 1181 983 πάθους)
1213 930 1447 982 ἀποτροπήν
1479 930 1564 973 κτὲ.

175 1002 246 1047 Sic
281 1016 381 1046 cum
414 1001 588 1046 Reiskio
621 1000 924 1058 supplendum.
968 1001 1119 1044 Editor
1150 1015 1226 1044 cur
1257 999 1380 1043 malit
1415 1000 1497 1043 ἀπὸ
1532 1002 1602 1042 τοῦ
1636 999 1716 1042 πά-

115 1074 202 1123 θους
229 1089 312 1130 non
339 1073 487 1118 video:
514 1075 658 1131 ipsum
686 1075 849 1117 vitium
876 1072 1155 1116 avertendum
1183 1076 1247 1115 est
1273 1075 1316 1115 et
1333 1070 1716 1115 averruncandum.

177 1219 313 1265 520ss
349 1219 554 1278 Pingitur
578 1220 706 1263 homo
738 1221 909 1276 ineptus
934 1233 1246 1277 perversusque
1271 1219 1346 1276 qui
1370 1220 1554 1263 vetustis
1581 1219 1718 1275 poetis

115 1305 287 1350 operam
322 1291 426 1335 daus
456 1294 500 1334 et
531 1290 713 1334 aliarum
747 1291 874 1334 faciat
905 1305 1050 1334 rerum
1083 1289 1356 1333 collectiones
1389 1289 1718 1332 absurdissimas

115 1368 159 1407 et
189 1364 268 1407 τῶν
302 1363 372 1406 ὑπ’
398 1362 655 1416 Ἀρχιλόχου
689 1363 784 1414 πρὸς
813 1363 890 1408 τοὶς
919 1367 1120 1413 γυναῖκας
1154 1363 1344 1414 ἀπρεπῶς
1374 1362 1442 1403 καὶ
1473 1359 1716 1406 ἀκολάστως

115 1434 347 1490 εἰρημένων,
380 1433 574 1477 ἑαυτὸν
608 1432 1252 1487 παραδειγματίζοντος.

175 1504 345 1550 Ultima
386 1504 491 1562 quid
532 1504 773 1562 significent
805 1518 875 1548 me
906 1504 1036 1561 fugit.
1071 1505 1136 1546 An
1172 1504 1279 1546 forte
1311 1503 1609 1547 huiuscemodi
1642 1503 1717 1546 ali·

115 1575 244 1635 quid:
279 1577 466 1634 „quibus
492 1579 627 1621 semet
652 1577 796 1632 ipsum
824 1575 945 1619 nobis
972 1575 1146 1619 exhibet
1172 1574 1421 1632 exemplum
1447 1589 1720 1632 summopere

114 1645 432 1707 fugiendumffl?

120 1837 125 1844 ,
179 1783 318 1829 520D
360 1784 445 1839 Qui
484 1785 529 1826 in
571 1782 710 1827 aliena
734 1783 849 1827 mala
880 1786 923 1826 et
955 1782 1156 1826 dedecora
1186 1784 1414 1840 inquirunt
1446 1787 1523 1824 τῶν
1555 1784 1720 1834 πρώτων

116 1850 548 1908 α’ναμιμνησκέτωσαν
581 1855 749 1903 ἑαυτοὺς
783 1854 844 1898 ὅτι
876 1855 1000 1908 χάριν
1034 1854 1103 1897 καὶ
1136 1853 1266 1903 ὄνησιν
1298 1854 1493 1905 οὐδεμίαν
1526 1854 1688 1906 ἤνεγκε.

177 1929 288 1980 Non,
331 1932 382 1972 ut
423 1929 586 1985 opinor,
622 1928 758 1982 prima
799 1931 969 1970 tantum
1002 1941 1153 1970 eorum
1187 1928 1412 1969 curiositas
1444 1925 1587 1968 nullos
1619 1925 1723 1968 tulit

117 2000 282 2044 fructus
322 1999 396 2044 sed
427 2001 558 2043 etiam
590 2013 639 2043 ea
672 2013 780 2056 quae
811 2013 947 2056 usque
979 1998 1032 2041 ad
1064 1999 1402 2041 recentissimam
1435 1998 1544 2057 hanc
1577 2000 1723 2040 secuta

117 2074 196 2115 est.
237 2069 354 2129 Lege
396 2084 500 2128 ergo
541 2071 619 2112 τῶν
663 2070 860 2121 προτέρων
903 2068 975 2113 vel
1019 2073 1096 2110 τῶν
1140 2069 1326 2120 πρότερον
1358 2072 1432 2123 (sc.
1467 2068 1721 2122 ε’ζητημένων

117 2141 190 2186 vel
219 2141 339 2186 aliud
368 2143 558 2199 pcpium.
591 2142 636 2183 in
667 2155 762 2184 eam
795 2142 1071 2194 sententiam)
1104 2143 1146 2183 et
1177 2140 1320 2183 confer
1352 2139 1491 2182 502A
1525 2138 1723 2192 (utilissi-

118 2227 241 2257 mum
275 2214 443 2257 curioso
474 2212 715 2256 remedium
747 2216 829 2266 est)
862 2213 884 2260 ἧ
919 2213 997 2253 τῶν
1029 2212 1368 2264 προεγνωσμένων
1401 2211 1644 2261 ἀνάμνησις.

181 2359 319 2403 52ΟΕ
361 2359 404 2401 τί
435 2359 519 2411 γὰρ
551 2357 745 2411 χαλεπόν
779 2358 889 2400 ἔστιν
922 2359 962 2399 ἐν
994 2363 1088 2404 ταῖς
1123 2358 1223 2404 ὁδοῖς
1255 2358 1333 2404 τὰς
1368 2358 1433 2399 ε’π)
1468 2359 1545 2400 τῶν
1574 2357 1722 2410 τάφων

121 2431 366 2484 ἐπιγραφὰς
399 2431 457 2480 μὴ
491 2429 833 2481 ἀναγιγνώσκειν,
866 2430 888 2479 ἢ
923 2430 964 2472 τί
996 2430 1190 2481 δυσχερὲς
1226 2431 1265 2471 ἐν
1292 2434 1374 2471 τοῖς
1403 2429 1642 2480 περιπάτοις
1666 2429 1722 2471 τὰ

122 2503 234 2546 κατὰ
267 2507 347 2545 τῶν
378 2503 528 2555 τοίχων
559 2502 804 2552 γράμματα
838 2507 888 2554 τῇ
921 2500 1012 2551 ὄψει
1045 2500 1349 2553 παρατρέχειν;

182 2573 344 2617 Parum
387 2576 484 2630 apte
515 2573 585 2615 hic
619 2572 698 2614 ὁδοί
731 2575 774 2615 et
805 2573 1024 2623 περίπατοι
1057 2573 1171 2614 inter
1202 2586 1246 2615 se
1278 2574 1556 2628 opponuntur
1587 2575 1630 2614 et
1662 2585 1723 2613 re-

121 2658 224 2688 vera
264 2645 356 2687 dum
399 2644 547 2686 otiosus
590 2643 770 2685 ambulas
809 2657 894 2686 non
936 2642 1078 2686 solum
1120 2642 1430 2700 ignoscendum
1471 2643 1549 2685 tibi
1588 2645 1654 2685 est
1687 2643 1723 2684 si

121 2715 293 2773 quidvis
323 2714 460 2759 oculis
490 2713 739 2771 perlustras,
773 2714 845 2756 sed
876 2715 1007 2756 etiam
1041 2713 1344 2757 difficillimum
1378 2718 1443 2756 est
1474 2712 1610 2756 oculis
1639 2715 1724 2756 tuis

120 2788 347 2844 imperare.
390 2785 529 2828 Aliter
569 2799 612 2828 se
655 2785 693 2826 ἐν
738 2784 837 2830 ὁδοῖς
882 2798 949 2827 res
989 2784 1118 2827 habet
1149 2798 1249 2827 cum
1283 2788 1450 2828 certum
1482 2784 1563 2826 tibi
1595 2783 1723 2826 habes

121 2858 290 2901 itineris
322 2857 604 2914 propositum.
637 2854 813 2898 Accedit
845 2855 959 2912 quod
991 2855 1032 2896 ἐν
1065 2861 1147 2901 τοῖς
1181 2856 1420 2907 περιπάτοις
1449 2869 1532 2898 non
1557 2868 1725 2911 semper

123 2942 168 2972 se
203 2929 284 2972 tibi
327 2927 508 2971 offerunt
550 2928 747 2984 parieteS,
789 2928 906 2984 iique
947 2925 1108 2983 oppleti
1148 2925 1300 2978 literis,
1333 2940 1434 2969 nam
1468 2925 1723 2983 plerumque

123 3003 240 3042 ewra
278 2999 412 3042 urbem
454 3001 775 3052 περιπατοῦμεν,
817 3000 862 3040 in
908 2999 1024 3055 agris
1067 2999 1234 3055 viisque
1276 2997 1466 3041 desertis.
1508 2997 1722 3050 Quosnam
