2002 3372
694 970 985 1026 CAPUT
1026 971 1126 1027 IX.

663 1355 720 1387 DE
749 1355 862 1388 ISIDE
894 1357 947 1388 ΕΤ
978 1356 1158 1389 OSIBIDE.

116 1505 121 1510 ·
167 1484 298 1529 Haud
328 1485 458 1530 dubie
488 1486 744 1542 primarium
778 1487 857 1531 hoc
888 1501 995 1545 opus
1026 1487 1138 1530 docti
1169 1486 1361 1544 theologi
1393 1490 1436 1530 et
1461 1486 1706 1544 philosophi

106 1558 256 1610 nostri,
283 1559 388 1611 sive,
416 1562 467 1602 ut
492 1560 733 1602 accuratius
758 1558 922 1616 loquar,
949 1559 1064 1603 docti
1089 1558 1336 1616 philosophi
1363 1560 1462 1610 „cui
1488 1558 1707 1616 theologia

105 1627 399 1687 philosophiae
429 1629 571 1674 *fuerit
612 1630 775 1679 τέλος”.
819 1631 902 1684 Qui
941 1630 1051 1674 liber
1092 1645 1176 1674 non
1220 1630 1533 1688 Aegyptologis
1565 1630 1706 1674 solum

106 1700 322 1758 permulta
345 1702 519 1760 praebet
545 1701 799 1760 dignissima
825 1717 933 1760 quae
961 1702 1290 1760 perpendantur,
1309 1702 1381 1745 sed
1398 1702 1519 1745 nobis
1537 1716 1706 1759 quoque

105 1771 229 1816 utilis
259 1784 349 1817 6666
374 1777 519 1831 potest
543 1773 596 1817 ad
623 1773 962 1832 intelligendum
989 1788 1119 1831 quem
1145 1773 1289 1817 locum
1318 1778 1420 1816 tunc
1447 1772 1706 1817 Plutarchus

104 1845 218 1888 inter
242 1843 364 1888 illius
390 1846 595 1903 temporis
620 1845 816 1889 homines
843 1847 1045 1889 tenuerit.
1075 1844 1304 1888 Dedicatus
1332 1847 1448 1888 enim
1475 1850 1539 1888 est
1566 1843 1705 1897 Gleae,

104 1914 280 1960 mulieri
303 1916 594 1965 nobilissimae
622 1917 989 1974 doctissimaeque,
1017 1919 1086 1960 661
1113 1917 1229 1960 haud
1255 1918 1417 1974 paucis,
1442 1921 1490 1960 ut
1507 1917 1705 1974 equidem

104 1988 267 2046 opinor,
309 1990 430 2032 annis
473 1991 571 2032 ante
612 2002 741 2032 suum
782 1990 832 2031 de
873 1989 1083 2031 mulierum
1125 1988 1345 2031 virtutibus
1377 1989 1497 2031 misit
1528 1988 1704 2031 librum.

34 2059 35 2062 ’
103 2058 168 2104 De
213 2073 312 2118 quo,
358 2059 576 2118 simulque
618 2060 670 2104 de
717 2062 810 2118 ipsa
852 2059 953 2105 Olea
997 2064 1040 2104 et
1081 2060 1132 2104 de
1175 2064 1266 2104 toto
1309 2060 1389 2103 1166
1432 2060 1705 2103 collectionum

103 2144 272 2190 genere,
305 2133 409 2176 satis
439 2132 552 2175 mihi
583 2132 740 2176 dixisse
772 2132 920 2177 videor
950 2134 995 2175 in
1027 2132 1192 2176 Mnem.
1228 2146 1269 2175 v.
1303 2131 1404 2174 XLI
1436 2147 1479 2188 p.
1509 2131 1596 2174 106
1613 2146 1703 2189 sqq.

105 2201 172 2266 Ad
206 2202 384 2247 eandem
415 2217 518 2261 ergo
550 2203 791 2256 mulierem,
825 2206 947 2248 cuius
980 2203 1086 2247 olim
1119 2204 1378 2246 facetissima
1408 2202 1486 2246 illa
1517 2204 1706 2246 urbanis-

103 2274 296 2332 simaque
335 2275 596 2332 praefatione
639 2277 828 2333 captavit
872 2275 1228 2328 benevolentiam,
1263 2290 1376 2318 nunc
1407 2277 1594 2331 spissum
1625 2275 1704 2319 hoc

104 2345 242 2390 mittit
272 2345 478 2390 volumen
511 2346 624 2404 quod
657 2351 706 2390 ut
737 2351 802 2391 est
834 2347 1013 2405 plenum
1045 2347 1287 2390 reconditae
1322 2347 1552 2399 doctrinae,
1587 2348 1704 2390 omni

105 2420 220 2462 earet
250 2419 466 2462 suavitate
495 2423 624 2476 atque
656 2418 890 2463 dulcedine.
924 2419 1045 2473 Quod
1075 2418 1272 2462 lubenter
1302 2417 1476 2475 quidem
1503 2417 1706 2462 evolvant

51 2481 53 2483 ¹
106 2490 352 2551 ’6616611666
377 2489 597 2548 religionis
623 2490 726 2534 dant
752 2505 924 2548 operam
948 2491 1151 2534 historiae
1179 2489 1556 2547 philosophiaeque
1564 2503 1575 2542 ;
1604 2504 1704 2533 nam

105 2560 346 2606 multarum
391 2575 536 2605 rerum
583 2562 637 2605 ad
683 2564 1000 2620 Aegyptiorum
1048 2576 1139 2606 rem
1186 2575 1350 2605 sacram
1395 2563 1704 2618 pertinentium

103 2633 257 2677 6111666
296 2633 368 2677 1116
409 2634 502 2676 fons
543 2637 630 2686 est;
674 2633 827 2677 ducem
872 2648 971 2677 vero
1013 2633 1312 2676 lubentissime
1350 2637 1582 2689 sequentur
1612 2635 1703 2690 qui-

101 2717 268 2767 6611666
297 2702 396 2748 illas
426 2709 572 2747 amant
603 2706 903 2762 inquisitiones
935 2704 1245 2758 Plutarchum3
1278 2718 1379 2747 nam
1415 2705 1615 2760 quamvis
1647 2706 1703 2747 sit

100 2773 339 2820 Verisimile
371 2789 495 2833 saepe
522 2790 622 2819 eum
649 2789 803 2834 parum
833 2779 1027 2820 accurate
1054 2790 1078 2819 a
1106 2777 1193 2819 suis
1220 2776 1462 2819 auctoribus
1489 2775 1702 2828 edoctum,

37 2871 42 2875 ·
102 2860 228 2906 saepe
259 2848 389 2891 etiam
421 2849 608 2904 turpiter
640 2847 867 2905 deceptum
899 2862 1001 2900 esse,
1034 2849 1178 2905 ipsum
1205 2847 1336 2890 fuisse
1362 2847 1414 2890 ab
1443 2849 1562 2890 omni
1587 2861 1704 2891 men·

26 2975 29 2978 Α
101 2918 238 2963 tiendi
278 2918 539 2976 faHendique
580 2918 756 2963 consilio
801 2921 1141 2963 remotissimum
1184 2920 1336 2976 quavis
1366 2921 1497 2962 sentis
1529 2921 1700 2978 pagina.

101 2989 184 3034 Sed
215 3003 492 3048 quaecunque
525 2991 595 3034 hic
627 2991 678 3034 de
707 2990 818 3034 Iside
845 2996 887 3035 et
912 2990 1078 3035 Osiride
1104 2993 1339 3048 ceterisque
1366 2990 1448 3033 diis
1472 2991 1701 3048 Aegyptiis

1461 3071 1500 3104 11
