2002 3372
917 185 1002 227 311

718 380 775 411 DF.
803 379 969 411 INVIDIA
1003 380 1054 411 ΕΤ
1085 379 1198 412 omo.

167 523 622 568 ·=Praestantissimus
662 523 732 566 hic
773 526 839 566 est
879 521 1067 573 libellus,
1109 536 1245 580 neque
1287 522 1483 566 dubitare
1526 537 1756 579 possumus

161 596 266 652 quin
294 595 475 653 cognitu
500 595 632 638 fuerit
654 593 991 637 iucundissimus
1017 594 1218 636 omnibus
1241 593 1466 637 Plutarchi
1491 593 1755 651 aequalibus,

161 670 251 710 tam
282 667 357 724 qui
387 665 539 710 subtili
570 669 613 709 et
644 668 841 709 accurata
865 664 1175 708 delectarentur
1201 665 1497 722 disquisitione
1524 679 1655 722 quam
1681 666 1756 722 qui

157 738 205 781 in
243 739 361 781 omni
402 736 673 795 philosophia
703 741 832 794 atque
863 736 967 780 adeo
1001 736 1192 780 doctrina
1223 736 1349 793 plane
1381 741 1522 780 essent
1551 737 1755 794 hospites.

158 808 242 854 Sed
269 824 351 854 non
378 815 446 854 est
476 808 766 853 oratiuncula:
807 812 999 852 accurate
1030 808 1344 866 prudenterque
1373 809 1443 851 hic
1475 808 1756 865 philosophus

157 880 245 926 duo
268 880 524 939 pervulgata
548 881 773 924 hominum
799 880 1036 924 considerat
1062 882 1185 932 vitia,
1212 880 1264 923 de
1290 879 1486 923 sanandis
1511 880 1756 923 hominibus

157 966 211 997 ne
249 954 411 1011 cogitat
441 952 630 1010 quidem.
677 952 733 996 Et
763 957 907 996 tamen
940 952 1009 995 hic
1040 951 1212 995 libellus
1243 953 1391 995 statim
1422 955 1521 1009 post
1549 951 1676 995 illum
1708 953 1756 994 de

148 1025 298 1068 vit-'0⁸0
321 1025 480 1080 pudore
504 1026 691 1082 ponitur,
725 1038 808 1081 quo
834 1023 982 1067 nullus
1010 1022 1166 1067 melius
1191 1023 1314 1066 nobis
1341 1028 1438 1067 ante
1465 1022 1610 1067 oculos
1635 1024 1756 1080 ponit

155 1094 374 1140 medicum
413 1108 565 1153 aegros
604 1096 649 1138 in
692 1109 815 1139 suam
847 1096 1124 1152 recipientem
1155 1108 1317 1138 curam.
1350 1094 1433 1138 Sed
1465 1096 1666 1151 quamvis
1697 1095 1755 1137 sit

155 1168 310 1212 horum
347 1166 556 1211 librorum
589 1166 814 1218 πρακτικός
847 1165 968 1219 alter,
1002 1166 1110 1210 alter
1141 1166 1394 1219 θεωρητικός,
1427 1167 1576 1209 statim
1609 1170 1753 1208 tamen

155 1238 387 1296 utrobique
415 1237 599 1282 eundem
625 1240 820 1295 agnoscis
847 1242 1080 1281 auctorem.
1109 1237 1238 1281 Velut
1262 1238 1334 1281 hic
1361 1251 1528 1294 quoque
1553 1237 1753 1293 quamvis

140 1313 341 1354 >wear-ate
366 1309 583 1367 disputare
609 1310 793 1361 studeat,
821 1311 984 1367 spernit
1011 1309 1224 1366 nihilique
1249 1309 1352 1352 facit
1376 1308 1593 1363 ἀκρίβειαν
1614 1307 1751 1361 illam,

155 1395 240 1440 qua
281 1384 452 1425 nostrae
491 1382 645 1425 aetatis
686 1383 770 1425 viri
812 1381 926 1425 docti
960 1413 969 1424 .
990 1413 1000 1424 .
1021 1412 1030 1424 .
1052 1412 1062 1424 .
1095 1380 1320 1435 (laborant,
1363 1381 1502 1424 dicere
1535 1379 1752 1433 volebam)

154 1452 410 1512 gloriantur.
451 1452 638 1505 Errores,
678 1451 795 1496 leves
836 1453 1102 1510 praesertim,
1135 1467 1219 1496 non
1250 1456 1385 1504 curat,
1417 1451 1651 1495 dummodo
1681 1450 1752 1495 vel

152 1523 244 1569 illis
283 1523 432 1568 docere
472 1525 619 1581 possit.
661 1523 732 1568 Sic
763 1525 1076 1568 internecivum
1109 1538 1199 1567 esse
1231 1523 1378 1567 odium
1411 1525 1474 1567 ait
1504 1524 1616 1566 inter
1647 1523 1752 1567 duas

154 1610 268 1648 aves,
305 1595 528 1639 carduelem
557 1595 751 1648 alteram,
784 1595 964 1640 alteram
997 1610 1127 1653 quam
1159 1597 1368 1653 interpres
1400 1594 1607 1639 vocabulo
1640 1595 1751 1638 mihi

150 1669 302 1726 ignoto
323 1682 472 1723 parum
506 1672 645 1720 vocat,
676 1681 754 1711 nos
784 1682 885 1710 mees
911 1682 1007 1711 eam
1032 1668 1230 1718 dicimus,
1257 1668 1438 1722 mdeanye
1462 1666 1750 1724 Francogalli,

153 1739 296 1794 Mei-se,
327 1737 548 1792 Germani,
583 1740 782 1782 tit-mom
814 1739 960 1797 Angli,
993 1740 1240 1795 cinqalleqra
1272 1738 1385 1783 Itali.
1418 1739 1518 1782 Adii
1549 1739 1600 1782 de
1629 1753 1678 1782 ea
1705 1753 1750 1781 re

151 1814 364 1870 quotquot
401 1811 514 1854 mihi
545 1812 639 1854 noti
670 1815 790 1854 erant
820 1812 864 1854 in
896 1811 1110 1854 eiusmodi
1139 1811 1267 1854 rebus
1300 1812 1459 1854 versati
1490 1812 1588 1861 viri,
1623 1813 1748 1867 atque

149 1884 297 1941 ipsum
338 1882 662 1942 Biittikoferum
703 1897 852 1926 meum
895 1881 1105 1936 consului,
1137 1885 1208 1926 cui
1238 1883 1609 1927 Roterodamensis
1639 1896 1750 1925 com-

150 1956 309 1999 missus
348 1958 415 1998 est
454 1954 706 2008 παράδεισος
747 1956 900 2006 ἀγρίων
942 1955 1012 1998 και)
1058 1955 1376 2006 τιθασευομένων
1409 1955 1544 2005 θηρίων
1576 1954 1747 2006 πλήρης.

150 2025 237 2070 Hic
277 2029 391 2070 certe
432 2026 631 2070 omnibus
673 2025 931 2069 animalibus
971 2030 1015 2069 et
1055 2027 1210 2070 avibus
1242 2027 1492 2083 praesertim
1524 2029 1747 2082 tamquam

148 2098 302 2142 amicis
331 2098 496 2141 utitur:
530 2096 658 2154 paulo
685 2099 992 2155 pugnaciorem
1018 2111 1110 2141 esse
1139 2097 1350 2155 „parum”
1378 2097 1490 2140 mihi
1515 2096 1746 2154 respondit,

149 2169 224 2214 sed
262 2168 315 2213 de
355 2168 562 2226 peculiari
603 2169 790 2226 quodam
833 2171 925 2213 eius
966 2173 1009 2212 et
1049 2169 1260 2213 carduelis
1301 2169 1396 2213 odio
1439 2183 1483 2213 se
1527 2183 1580 2212 ne
1619 2168 1747 2212 fando

149 2241 323 2299 quidem
369 2254 560 2298 uuquam
608 2240 842 2298 quidquam
890 2240 1120 2285 audivisse.
1175 2241 1297 2295 Quod
1345 2255 1444 2285 vero
1490 2240 1746 2284 Plutarchus

147 2312 366 2358 contendit
391 2312 552 2356 invidia
577 2327 663 2356 non
688 2315 810 2370 tangi
835 2313 1040 2357 animalia
1066 2314 1146 2357 hoc
1172 2314 1314 2371 quivis
1341 2316 1538 2356 nostrum
1559 2313 1745 2356 refutare

148 2387 293 2443 potest
321 2387 365 2428 et
395 2384 588 2442 quotidie
618 2384 791 2428 refutat.
825 2385 936 2438 Quid
968 2386 1084 2428 enim
1117 2385 1297 2428 facimus
1329 2399 1428 2428 cum
1461 2386 1577 2428 canis
1601 2388 1746 2428 noster

148 2457 278 2509 cibos,
321 2469 429 2513 quos
470 2457 510 2499 ei
540 2457 834 2513 apposuimus,
866 2455 1061 2500 fastidit?
1093 2457 1312 2500 Advocare
1344 2471 1421 2500 nos
1451 2456 1579 2500 felem
1612 2458 1744 2499 simu-

147 2527 288 2572 lamus
318 2525 392 2571 vel
421 2527 555 2571 vicini
583 2541 756 2571 canem:
790 2542 891 2572 mox
922 2529 1102 2586 spongia
1132 2527 1279 2572 abluta
1310 2528 1483 2573 videtur
1512 2527 1682 2585 patella.

207 2598 417 2650 LecturiS,
444 2612 530 2642 non
556 2598 782 2652 audituris,
810 2601 1019 2657 scriptum
1045 2613 1136 2643 esse
1161 2599 1359 2644 libellum
1385 2601 1550 2644 aiebam
1572 2603 1615 2643 et-
1631 2614 1744 2643 nunc

147 2683 316 2728 quoque
339 2671 421 2722 aio,
450 2669 523 2713 sed
549 2674 766 2727 praeterea
795 2671 846 2715 de
873 2671 1084 2715 librorum
1108 2687 1263 2726 qenere,
1291 2687 1374 2729 quo
1401 2674 1459 2715 sit
1483 2673 1741 2726 referendus,

146 2740 257 2784 nihil
297 2741 507 2785 affirmare
549 2742 702 2785 ausim.
749 2741 929 2786 Initium
970 2744 1063 2786 eius
1103 2747 1168 2786 est
1209 2743 1457 2787 huiusmodi
1499 2748 1548 2787 ut
1589 2759 1742 2788 verum

145 2813 324 2856 initium
365 2811 512 2870 aliquo
553 2827 656 2857 casu
693 2814 906 2857 interiisse
947 2814 1158 2867 videatur,
1203 2819 1246 2858 et
1285 2816 1348 2858 ita
1389 2829 1433 2859 se
1465 2830 1556 2859 rem
1588 2816 1742 2860 habere

146 2883 282 2942 vulgo
320 2883 499 2928 credunt
540 2885 625 2929 viri
665 2884 780 2929 docti
822 2889 865 2928 et
905 2885 1041 2929 credit
1081 2888 1213 2930 etiam
1243 2886 1383 2931 editor
1414 2886 1616 2931 Graecus.
1657 2887 1740 2933 Sed

147 2954 213 2998 fac
254 2958 354 2998 ante
391 2954 502 2999 illud
545 2954 646 2999 οὕτω
689 2956 736 3006 δὴ
780 2956 848 3000 καὶ
894 2957 1005 3000 δοκεῖ
1043 2957 1166 3008 μηδὲν
1199 2961 1270 3000 τοῦ
1303 2960 1448 3009 μίσους
1483 2959 1688 3013 διαφέρειν
1720 2960 1738 3002 ὃ
