2002 3372
1137 222 1195 266 42

439 343 546 386 5614}
593 344 752 386 Parum
790 343 927 385 abfuit
957 345 1059 399 quin
1091 344 1690 399 Romanorum-rempubbicam
1723 367 1780 381 ·-—·
1811 343 1954 402 aliquo
1995 397 1996 401 Ἰ

377 416 493 456 enim
524 415 650 457 modo
683 414 947 457 efficiendum
980 420 1029 456 ut
1060 414 1163 458 ilam
1195 418 1240 458 in
1268 416 1409 459 locum
1436 419 1572 473 inepti
1597 415 1813 466 illiusfidn
1831 417 1955 474 squod

377 485 584 527 traditum
616 489 680 527 est
705 484 1039 536 introducamus,
1066 499 1165 528 nam
1195 487 1245 529 de
1262 487 1429 542 populis
1456 490 1507 530 et*
1524 486 1752 530 civitatibus
1775 487 1956 544 perditis

377 555 446 597 hio
477 569 614 597 sermo
647 569 735 597 esse
768 554 908 606 debet;
943 555 994 598 of.
1028 556 1141 611 quod
1171 558 1381 613 praecedit
1414 557 1605 610 ἐπέτριψε
1624 560 1954 604 {munima-et
1991 576 1993 578 ·

380 626 590 675 Αἴγυπτον
623 624 811 666 ἀπώλεσε
844 649 900 656 -
932 626 1124 681 perderet
1152 627 1315 684 ἔπαινος
1345 630 1422 675 τὰς
1451 629 1663 670 Ἀντωνίου
1694 629 1854 681 τρυφὰς
1880 627 1950 670 καὶ

377 697 603 742 ἀκολασίας
649 696 716 737 καὶ
761 698 1091 750 πανηγυρισμοὺς
1137 699 1261 750 ἱλαρὰ
1306 700 1540 750 παίγματα
1582 699 1773 756 (egregie
1798 698 1862 741 sic
1873 697 1955 740 '.·H

377 780 451 822 pro
482 767 739 818 πράγματα)
766 767 834 807 καὶ
865 769 1133 819 φιλάνθρωποι
1161 770 1370 821 χρωμένης
1399 769 1580 822 ἀφθόνως
1607 771 1718 822 αὐτῷ
1745 768 1958 875 {arduam

378 837 446 878 καὶ
482 837 613 890 τύχης
649 837 967 890 ὑποκριζόμενος.

436 907 564 949 Recte
597 921 665 950 me
697 908 801 960 αὐτῇ
834 908 1075 951 emendasse
1107 909 1286 963 (Mnem.
1319 908 1449 961 1909,
1482 909 1610 963 229)
1606 877 1734 953 soiet
1743 909 1818 966 qui
1835 907 1956 966 wyte

376 978 645 1020 tenbachium
689 978 845 1021 viderit
886 979 1087 1022 traditam
1128 979 1356 1023 lectionem
1398 980 1693 1036 explicantem,-
1737 978 1952 1035 simulque

374 1051 622 1105 cognoverit
661 1051 748 1091 iam
790 1049 1076 1092 Mezeriacum
1107 1050 1220 1093 idem
1255 1052 1460 1104 suasisse3
1493 1050 1563 1093 sed
1595 1049 1798 1107 in'longa
1829 1048 1953 1106 Wyte

373 1120 584 1162 tenbaehii
615 1122 885 1163 annotatione
915 1120 1034 1163 illius
1061 1120 1165 1163 latet
1191 1121 1452 1164 emendatio:
1481 1122 1592 1172 „ioci
1617 1120 1744 1164 sunt”
1773 1119 1954 1174 (dixerat

373 1189 583 1243 adulator)
618 1193 729 1242 „ista
760 1192 972 1247 potentiae
1003 1191 1133 1234 libere
1165 1194 1325 1234 utentis
1356 1207 1398 1233 se
1427 1192 1544 1246 ipsd’
1587 1193 1616 1234 i.
1634 1205 1670 1235 e.
1708 1192 1799 1234 suis
1819 1189 1953 1233 fabul-

374 1262 548 1303 tatibus.
1945 1267 1948 1271 “

437 1331 492 1375 57
522 1333 557 1374 A
603 1331 725 1374 Nihil
771 1333 954 1375 remittit
994 1334 1039 1375 in
1081 1332 1291 1376 laudando
1332 1332 1527 1376 adulator
1565 1345 1664 1375 oum
1714 1331 1951 1384 εὖπάρύφου

374 1404 477 1449 τινὸς
511 1403 532 1451 ἢ
569 1404 754 1454 ἀγροίκου
788 1403 978 1454 λάβηται
1010 1404 1170 1457 φορίνην
1203 1409 1390 1456 παχεῖαν
1421 1405 1624 1456 Φέροντος.
1686 1423 1690 1430 ·

435 1473 592 1529 Lepide
633 1474 702 1515 hic
742 1475 983 1530 iunguntur
1024 1479 1283 1531 purpuratus
1323 1478 1365 1517 et
1395 1476 1579 1517 rusticus
1610 1472 1720 1530 pelle
1739 1471 1951 1523 'indutum

376 1543 422 1585 hi
455 1545 567 1585 enim
599 1545 710 1586 inter
741 1545 934 1587 homines
966 1544 1231 1587 stolidissimi
1263 1559 1350 1588 esse
1383 1545 1531 1588 solent.
1575 1544 1656 1597 Qui
1685 1545 1731 1586 in
1761 1546 1954 1586 mentem

376 1615 521 1657 venire
552 1616 737 1670 potuerit
766 1615 1088 1672 Wyttenbachio
1119 1617 1187 1659 hic
1217 1619 1376 1669 φορίνην
1411 1617 1462 1659 de
1493 1619 1591 1658 cute
1621 1615 1806 1658 hominis
1836 1612 1951 1656 adhi-

375 1685 477 1736 beri,
510 1691 557 1727 ut
589 1688 776 1728 rusticus
805 1686 879 1729 ille
911 1687 1075 1729 dicatur
1101 1701 1191 1730 esse
1219 1688 1541 1740 παχυδέρματος
1572 1690 1622 1729 ut
1651 1684 1834 1741 elephas,
1865 1697 1950 1726 non

373 1755 583 1812 intelligo.
617 1756 678 1798 De
706 1757 928 1799 vestimento
960 1758 1126 1815 hic-agi
1148 1759 1327 1802 verbum
1353 1759 1487 1809 Φέρειν
1501 1756 1662 1813 liquido
1678 1755 1951 1798 demonstrat.

437 1825 491 1869 57
520 1825 556 1868 E}
603 1825 652 1868 ἂν
693 1828 727 1869 δ’
770 1826 792 1880 ᾖ
836 1843 895 1875 τις
941 1829 1115 1878 οἰόμενος
1158 1828 1284 1870 πολὺν
1330 1826 1440 1880 ἔχειν
1483 1830 1568 1870 νοῦν
1601 1827 1669 1868 καὶ
1701 1825 1949 1876 βουλόμενος

376 1897 574 1949 αὐστηρὸς
605 1894 706 1939 εἶναι
738 1898 806 1940 καὶ
836 1899 1083 1945 αὐθέκαστος
1119 1899 1193 1940 ὑπὸ
1217 1898 1271 1946 ’δή
1305 1914 1406 1946 τινος
1439 1898 1642 1950 ὀρθότητος
1675 1896 1740 1938 ἀεὶ
1768 1894 1952 1947 προβάλ-

377 1977 502 2016 ληται
535 1968 580 2010 τὸ

558 2039 744 2091 Τυδείδη,
779 2041 876 2090 μήτ’
909 2040 958 2091 ἄρ
991 2057 1044 2091 με
1076 2041 1182 2091 μάλ’
1215 2040 1321 2083 αἴνεε
1355 2040 1461 2090 μήτε
1494 2055 1532 2080 τι
1567 2038 1702 2080 νείκει.

379 2110 545 2151 cautius
577 2110 734 2152 accedit
766 2110 970 2154 adulator.
1601 2126 1604 2129 ’

440 2181 650 2233 Quorsum
681 2181 796 2223 istud
828 2179 850 2234 ᾖ
883 2186 1048 2224 vertam
1080 2184 1239 2225 nescio:
1272 2186 1407 2224 totam
1439 2180 1952 2223 sententiaezstruoturam

378 2253 534 2294 turbat.
585 2252 743 2305 Quodsi
788 2253 1002 2295 deleamus
1046 2255 1139 2296 iure
1182 2252 1302 2310 roget
1344 2252 1499 2308 aliquis
1541 2251 1652 2294 unde
1692 2254 1840 2294 natum
1881 2249 1951 2290 sit.

377 2322 539 2378 Ecquid
573 2322 621 2364 ἂν
655 2324 696 2364 δὲ
729 2324 774 2371 δή
808 2339 870 2370 τις
903 2324 1113 2380 legamus,
1147 2325 1229 2366 huc
1261 2327 1442 2366 retracto
1471 2322 1533 2372 δη,
1565 2336 1649 2378 quo
1673 2322 1718 2364 in
1743 2319 1952 2376 sequenti-

379 2394 455 2436 bus
485 2394 679 2437 lubenter
709 2393 924 2436 caremus?

440 2465 496 2508 58
524 2466 561 2507 A
607 2464 748 2507 Aulioi
790 2467 863 2520 qui
905 2479 948 2507 se
991 2465 1235 2507 Mithridati
1266 2464 1446 2507 urendos
1478 2463 1757 2519 sanandosque
1786 2461 1953 2518 praebe-

378 2537 480 2579 bant
521 2550 564 2578 re
608 2550 690 2578 non
724 2536 863 2578 verbis
895 2538 933 2577 ei
966 2534 1270 2578 adulabantur:
1305 2535 1594 2587 μαρτυρεῖσθαι
1627 2533 1709 2584 γὰρ
1743 2533 1951 2584 ἐμπειρίαν

379 2607 502 2649 ἐδόκει
536 2605 820 2655 πιστευόμενος
855 2607 922 2647 ὑπ’
957 2607 1103 2648 αὐτῶν.
1944 2639 1945 2642 ¹

439 2677 700 2720 Sententiam
741 2676 838 2718 hinc
879 2681 1094 2733 uteunque
1137 2676 1322 2719 extundo
1367 2680 1532 2732 aptam:
1569 2674 1708 2730 „quod
1740 2674 1821 2716 sibi
1850 2672 1954 2721 fides

379 2750 429 2791 ab
461 2751 514 2790 iis
544 2749 768 2790 haberetur
798 2750 974 2804 peritiae
1007 2751 1045 2791 ei
1077 2748 1299 2791 videbatur
1329 2744 1680 2790 testimoniuml”
1712 2745 1794 2788 §ed
1820 2749 1952 2787 struo-

377 2824 496 2861 turae
529 2833 738 2874 nusquam
763 2817 865 2860 alibi
891 2821 1006 2861 visae
1038 2819 1249 2874 adstupes.
1285 2820 1558 2867 Annotasset,
1586 2821 1636 2858 ut
1661 2817 1808 2873 opinor
1831 2814 1954 2872 Wyt-
2001 2859 2002 2874 χ

379 2890 638 2939 tenbaehius,
681 2889 784 2931 alios
824 2888 948 2940 locos,
990 2891 1065 2932 ubi
1107 2888 1391 2941 μαρτυροῦμοιί
1432 2905 1468 2929 τι
1503 2891 1589 2929 est:
1624 2886 1956 2938 „testimonium

379 2961 486 3003 mihi
518 2960 698 3002 alicuius
731 2961 790 3001 rei
822 2959 972 3002 datur'’
979 2992 988 3010 ,
1022 2962 1057 3002 si
1088 2962 1131 3002 in
1164 2964 1364 3016 promptu
1397 2959 1624 3000 habuisset,
