2002 3372
887 224 972 267 231

130 356 297 407 semper
319 348 456 392 fnisse
488 348 632 391 fratris
662 348 747 390 mei
781 346 973 391 Timonis
1005 346 1346 390 benevolentiam
1380 352 1424 391 et
1454 362 1566 391 nunc
1597 349 1727 391 etiam

129 435 232 473 esse,
263 420 427 464 nemini
457 420 658 476 ignotum
688 426 767 471 est,
799 419 978 461 minime
1010 432 1109 461 vero
1142 418 1278 470 vobis,
1311 420 1387 475 qui
1418 419 1610 475 quotidie
1637 420 1729 462 eius

130 492 307 537 utimini
337 489 675 535 familiaritate'’.

192 562 358 617 „Instar
399 563 596 606 omnium
627 565 670 604 et
701 574 870 618 semper
900 560 986 603 fuit
1017 564 1060 604 et
1092 574 1205 603 nunc
1237 562 1367 604 etiam
1402 561 1495 604 est’'
1531 565 1574 604 et
1607 575 1727 614 „vos,

125 637 318 693 proceres
358 632 556 685 Romani,
599 633 676 689 qui
717 631 908 675 Timonis
953 633 1127 675 utimini
1159 632 1456 676 commercio”.
1497 632 1615 690 Ergo
1646 632 1728 676 Ro-

126 718 224 750 mae
247 704 279 759 ¹)
309 718 424 748 nunc
454 702 580 747 Timo
612 707 676 747 est
708 706 750 746 et
780 704 868 746 iam
900 702 974 746 diu
1002 703 1100 747 fuit.
1129 702 1240 747 Cum
1267 718 1400 747 uxore
1428 703 1640 762 Aristylla
1668 729 1725 736 —-

126 776 487 835 quemadmodum
528 777 616 819 iam
658 775 848 819 vidimus
881 801 938 807 —
970 776 1084 818 inter
1125 774 1224 818 illos
1269 780 1466 819 versatur
1506 778 1620 820 viros
1652 778 1727 832 qui

126 853 228 893 tunc
271 847 431 893 Romae
473 847 698 905 dignitate,
740 848 932 905 ingenio,
976 846 1167 890 doctrina
1197 846 1473 899 excellebant,
1509 846 1723 899 Tacitum,

124 919 319 965 Plinium
363 918 483 964 alios.
525 917 608 962 Sed
649 932 733 975 quo
774 916 929 969 labore,
973 931 1057 974 quo
1099 931 1276 960 munere
1315 916 1634 975 ibifungitur?
1678 918 1728 961 In

123 995 328 1049 promptu
368 994 447 1043 est,
490 994 541 1034 ut
581 991 743 1047 opinor,
777 990 983 1033 coniicere
1016 1003 1117 1032 eum
1150 988 1387 1046 explevisse
1420 989 1562 1033 locum
1597 1004 1726 1046 quem

123 1075 234 1107 anno
267 1061 325 1105 92
358 1075 543 1106 vacuum
576 1075 679 1104 suus
713 1060 843 1104 frater
873 1059 1120 1117 reliquerit:
1166 1060 1314 1104 docere
1345 1075 1461 1114 eum,
1501 1066 1726 1118 praecepta

122 1133 238 1188 dare,
269 1133 462 1191 quotidie
494 1132 660 1176 consuli
691 1133 743 1176 ab
775 1134 828 1175 iis
861 1132 1016 1189 quibus
1041 1131 1194 1176 solatio
1222 1146 1407 1190 curaque
1433 1134 1591 1176 mentis
1619 1147 1725 1190 opus

122 1209 201 1250 est.
243 1205 387 1249 Pauca
417 1204 627 1261 quaedam
658 1205 704 1246 in
737 1203 884 1247 libello
916 1207 1059 1247 nostro
1090 1202 1298 1261 leguntur
1330 1218 1451 1261 quae,
1484 1203 1719 1248 dummodo

121 1281 315 1322 accurate
355 1276 684 1334 perpendantur,
724 1275 989 1333 singularem
1021 1275 1194 1333 quidem
1227 1275 1300 1319 sed
1331 1277 1511 1319 minime
1540 1275 1720 1319 incredi-

120 1348 254 1393 bilem
294 1350 338 1392 in
382 1347 558 1392 modum
602 1362 710 1405 quae
751 1349 863 1391 inter
895 1347 972 1391 hos
1005 1347 1156 1391 fratres
1187 1349 1472 1391 intercesserit
1503 1349 1612 1391 ratio
1643 1361 1719 1391 nos

121 1421 310 1466 doceant.
343 1419 473 1464 Velut
504 1434 546 1477 p.
580 1418 714 1464 4781?
747 1421 806 1462 sic
837 1420 985 1463 scribit
1016 1418 1302 1462 Plutarchus:

184 1491 322 1545 „Hoc‚
354 1494 406 1535 ut
432 1492 594 1550 opinor,
621 1492 759 1534 cuivis
785 1495 959 1548 apparet
986 1494 1184 1534 naturam
1211 1505 1263 1534 ex
1292 1504 1378 1534 una
1406 1491 1571 1548 origine
1599 1491 1719 1534 binos

120 1569 262 1609 ternos
303 1562 502 1621 pluresve
542 1576 783 1620 procreasse
825 1563 978 1606 fratres
1019 1577 1102 1605 non
1143 1562 1376 1606 discordiae
1407 1576 1548 1614 causa,
1581 1576 1718 1619 neque

120 1639 171 1680 ut
211 1637 325 1680 inter
365 1649 411 1679 se
450 1638 753 1692 repugnarent,
796 1634 869 1677 sed
911 1638 961 1676 ut
1006 1647 1101 1677 eam
1142 1635 1283 1690 ipsam
1316 1634 1368 1677 ob
1401 1648 1572 1677 causam
1605 1634 1718 1691 quod

119 1708 305 1766 separati
335 1710 475 1751 essent
506 1705 616 1750 alter
645 1705 771 1749 alteri
802 1720 924 1763 opem
955 1705 1065 1748 ferre
1096 1710 1282 1762 possent.
1323 1706 1435 1749 Nam
1466 1707 1717 1763 tricorpores

118 1779 187 1824 illi
225 1784 270 1824 et
309 1779 554 1830 centimani,
597 1779 634 1821 si
674 1778 848 1821 fuerunt
892 1791 1096 1834 unquam,
1140 1777 1482 1835 quandoquidem
1515 1778 1717 1821 omnibus

118 1855 239 1896 erant
278 1851 392 1895 inter
433 1864 477 1894 se
517 1851 704 1893 concreti
745 1850 965 1902 membris,
1008 1849 1117 1892 nihil
1156 1852 1350 1906 poterant
1380 1863 1507 1907 agere
1540 1850 1642 1893 foris
1674 1854 1717 1894 et

117 1936 324 1968 seorsum.
355 1922 414 1968 Et
439 1923 520 1966 hoc
546 1923 774 1980 praecipue
798 1921 909 1965 illud
936 1926 1000 1965 est
1027 1922 1139 1979 quod
1156 1922 1307 1965 fratres
1325 1922 1507 1966 habent:
1536 1927 1717 1979 possunt

118 1994 226 2040 alter
268 2009 344 2052 pro
386 1993 520 2038 altero
539 1995 575 2048 ²)
616 1993 732 2037 domi
774 2008 948 2038 manere
992 1998 1035 2036 et
1077 2008 1254 2051 peregre
1296 1995 1469 2046 versari,
1502 2008 1716 2051 capessere

117 2065 430 2124 rempublicam
473 2069 515 2109 et
555 2079 711 2123 agrum
751 2065 900 2117 colere,
945 2065 1178 2109 dummodo
1222 2067 1484 2123 principium
1526 2067 1716 2110 caritatis

119 2138 233 2197 quod
262 2139 460 2182 innatum
491 2139 547 2181 iis
577 2141 642 2181 est
674 2137 889 2181 servent''.

179 2209 300 2254 Bono
341 2209 527 2254 auditori
560 2209 792 2253 dimidium
825 2210 946 2254 verbi
979 2209 1169 2253 sufficere
1201 2210 1476 2266 proverbium
1511 2214 1575 2253 est
1606 2212 1719 2254 inter

119 2286 343 2327 nostrates.
387 2281 471 2325 Hic
511 2296 614 2326 vero
656 2297 739 2326 non
781 2282 1006 2325 dimidiata
1048 2282 1256 2325 babemus
1298 2282 1427 2325 verba
1471 2282 1542 2325 sed
1586 2297 1716 2339 quam

119 2355 308 2399 maxime
348 2355 532 2412 integra,
575 2368 768 2411 quaeque
811 2367 956 2411 prave,
1001 2353 1069 2397 vel
1112 2355 1256 2396 minus
1287 2357 1494 2406 accurate,
1529 2355 1718 2411 accipere

119 2425 292 2471 difficile
334 2429 411 2470 est.
453 2425 602 2483 Ipsum
642 2425 776 2469 illud:
813 2426 991 2477 „fratres
1024 2429 1206 2482 possunt
1237 2424 1345 2468 alter
1375 2439 1451 2482 pro
1483 2424 1616 2468 altero
1647 2425 1719 2469 vel

118 2571 249 2604 bachim
278 2570 311 2605 et
334 2570 368 2603 in
392 2570 492 2602 lexico
516 2572 548 2602 et
572 2570 605 2602 in
629 2569 714 2601 calce
738 2569 871 2612 paginae
895 2569 939 2601 sio
964 2568 1077 2601 vertit:
1107 2568 1228 2600 ninstar
1251 2568 1394 2601 omnium
1419 2568 1500 2600 est’'.
1531 2569 1587 2613 Est
1612 2571 1719 2601 tamen

118 2627 239 2660 locutio
262 2636 343 2670 quae
366 2625 614 2658 admirationem
637 2626 760 2657 movet:
794 2635 816 2656 αι
840 2624 918 2664 πρὸς
943 2625 966 2665 β
989 2622 1082 2666 μέγα
1107 2624 1241 2664 (μικρόν,
1265 2621 1369 2664 οὐδέν)
1393 2622 1470 2655 ’ἐστι
1494 2624 1554 2656 hoc
1577 2624 1653 2666 quid
1677 2624 1719 2656 sit

119 2681 225 2725 quivis
254 2680 424 2725 perepicit:
456 2680 490 2712 in
522 2691 544 2712 a
568 2680 647 2720 πρὸς
671 2681 694 2720 β
715 2678 793 2711 ’ἐστι
817 2680 850 2711 id
874 2680 978 2722 ipsum
999 2679 1164 2712 omittitur
1186 2680 1270 2722 quod
1294 2690 1370 2722 prae
1393 2680 1506 2712 ceteris
1531 2679 1718 2722 requiritur.

121 2736 246 2770 Vitium
274 2736 375 2769 latere
405 2746 469 2768 non
499 2735 690 2779 putaverim.
722 2735 885 2767 Traditum
916 2735 999 2767 enim
1026 2735 1194 2767 lectionem
1218 2735 1421 2777 aliquatenus
1444 2738 1553 2767 tuetur
1577 2735 1609 2767 id
1633 2735 1718 2777 quod

121 2795 169 2826 eat
193 2792 262 2825 ioco
285 2791 450 2824 notissimo
475 2791 558 2834 apud
583 2790 827 2822 Demosthenem
852 2801 898 2823 or.
924 2789 998 2822 XIV
1024 2802 1054 2834 p.
1082 2791 1142 2822 185
1167 2792 1372 2833 (quamquam
1395 2801 1459 2822 non
1482 2801 1611 2833 prorsus
1634 2791 1718 2823 idem

120 2847 166 2880 ibi
196 2846 322 2888 habea):
355 2846 454 2887 ὁρᾶτε
478 2845 540 2883 τὴν
565 2847 661 2878 πόλιν
687 2842 710 2877 ὦ
735 2843 846 2885 ἄνδρες
872 2844 1034 2883 Ἀθηναῖοι
1058 2847 1170 2877 πᾶσαν
1195 2845 1346 2883 ταυτηνί.
1373 2843 1405 2877 ἐν
1430 2844 1542 2886 ταύτῃ
1565 2843 1718 2886 χρήματ’

119 2899 249 2935 ’ἔνεστιν
268 2900 386 2943 ὀλίγον
411 2900 472 2934 δέω
497 2902 576 2942 πρὸς
600 2899 737 2938 ἁπάσας
761 2901 825 2939 τὰς
850 2899 961 2938 ἄλλοις
984 2899 1087 2932 εἰπεῖν
1111 2901 1233 2939 πόλεις.

167 2958 202 2994 1)
227 2957 300 3000 Ipse
325 2957 518 2990 Plutarchus
541 2957 742 2988 Chaeroneae
766 2959 826 2996 est,
846 2956 888 2989 cf.
910 2956 1013 2990 479ss
1037 2954 1069 2987 ἐν
1094 2955 1200 2998 Ῥώμῃ
1223 2958 1255 2988 et
1277 2957 1381 2988 484A
1406 2957 1482 2997 παρ’
1508 2955 1594 2996 ἡμῖν.

169 3012 206 3056 8)
230 3014 286 3046 Gr.
311 3010 353 3044 δι’
376 3010 544 3049 ἀλλήλων.
