2002 3372
0 1183 17 1203 ,.

0 1237 16 1253 >t

3 1411 12 1461 l

2 1469 17 1523 i

0 2872 1 2876 Α
0 2618 13 2848 -Ἶ-μ-,κε-Ἶι-
0 2522 5 2607 -μ-Ἶ
0 1855 11 2505 -Π--ι--Ἦ-Μ-,ι-ψ-ῃ--ψψ-ιη-νι
0 1797 3 1831 ὴν-
0 1744 2 1746 -
0 1699 3 1722 «-
0 1679 5 1689 -
0 1616 3 1618 -

871 235 959 278 269

113 358 288 404 sceleste
319 361 385 402 est
412 360 681 402 commentus
710 356 997 400 mendacium.
1030 357 1134 410 Quis
1161 358 1275 400 enim
1303 360 1521 413 praeterea
1549 358 1716 401 audivit

112 429 325 487 fidemque
357 427 537 472 habuit?
569 428 756 472 Affertur
788 432 895 479 rota,
929 430 1060 471 miser
1092 427 1167 471 ille
1198 430 1243 471 in
1275 443 1324 472 ea
1355 429 1614 472 extenditur.
1649 429 1716 472 In-

112 505 227 546 terea
259 502 365 545 certi
396 501 571 544 aderant
602 501 759 551 nuntii,
789 501 863 557 qui
891 514 942 542 ex
967 501 1060 557 ipsa
1087 500 1290 557 fugerant
1316 499 1448 544 clade.
1481 500 1717 545 Discedunt

111 573 322 625 homines,
364 587 441 630 pro
483 586 528 616 se
569 573 750 629 quisque
789 570 927 629 luget,
962 573 1133 615 vinctus
1165 571 1425 628 relinquitur
1454 574 1500 615 in
1532 576 1624 616 rota
1654 574 1716 615 in-

111 643 217 688 felix
246 646 405 688 tonsor.
438 643 528 687 Sub
559 657 782 700 vesperam
814 643 990 686 demum
1025 643 1212 686 carnifex
1245 643 1297 686 ad
1331 643 1587 688 solvendum
1615 659 1716 688 eum

111 716 244 759 venit.
277 715 415 768 Quem
445 715 593 757 statim
624 713 700 757 ille
732 716 993 771 interrogat:
1027 715 1176 771 ecquid
1211 714 1262 758 de
1294 715 1418 759 Nicia
1445 715 1646 768 audisset,
1674 720 1717 759 et

111 800 197 844 quo
227 785 355 830 modo
387 785 462 829 ille
493 786 740 829 interiisset.
824 777 827 779 “

175 858 311 910 „Tam
335 856 614 901 insanabilis’'
641 859 700 900 sic
726 861 870 901 noster
896 857 1088 914 disputat
1116 857 1193 909 „fit
1219 858 1526 902 consuetudine
1541 858 1717 902 morbus

111 928 392 987 loquacitas''.
906 979 909 981 ,

173 1000 201 1044 9
249 1001 487 1058 Aptissima
527 999 630 1043 haec
672 1003 737 1043 est
778 1001 965 1043 narratio
1006 1000 1058 1043 ad
1101 1000 1372 1044 audientium
1404 1002 1570 1044 animos
1603 1015 1716 1045 com—

111 1072 357 1117 movendos.
387 1070 756 1117 Chaeronensibus
786 1073 986 1116 omnibus
1012 1073 1209 1129 ignotam
1237 1086 1330 1115 eam
1358 1073 1492 1116 fuisse
1509 1074 1714 1130 suspicor,

110 1157 213 1188 nam
243 1143 491 1201 nescioquid
522 1143 652 1187 habet
685 1143 905 1187 reconditi.

173 1214 352 1273 Spartae
391 1216 437 1258 in
480 1216 750 1258 sanctissimo
792 1214 955 1271 templo
997 1214 1274 1272 sacrilegium
1306 1215 1468 1259 factum
1500 1219 1592 1259 erat
1623 1216 1717 1260 hor-

111 1287 308 1339 rendum,
336 1300 474 1344 neque
498 1285 639 1329 ullum
666 1286 966 1330 inveniebatur
993 1288 1232 1344 vestigium
1256 1291 1424 1344 praeter
1448 1320 1457 1330 .
1479 1321 1487 1330 .
1509 1320 1518 1331 .
1544 1290 1716 1331 inanem

110 1358 324 1417 lagenam.
359 1357 568 1411 Quaerere
596 1372 743 1401 omnes
770 1362 812 1401 et
839 1359 923 1401 huc
947 1356 1053 1401 illuc
1077 1373 1248 1402 versare
1274 1362 1478 1402 mentem.
1512 1359 1578 1402 Ibi
1604 1374 1716 1402 unus

112 1444 164 1474 ex
202 1431 259 1474 iis
301 1431 378 1486 qui
419 1429 731 1473 confluxerant:
774 1429 924 1472 videor
964 1429 1075 1472 mihi
1117 1429 1255 1473 dicere
1296 1444 1419 1487 posse
1451 1430 1603 1488 lagena
1633 1433 1717 1474 ista

113 1500 217 1559 quid
257 1501 340 1545 sibi
370 1500 503 1554 velit;
546 1500 776 1558 sacrilegos
809 1502 958 1558 opinor
989 1504 1163 1558 propter
1195 1500 1364 1545 sceleris
1395 1503 1716 1546 immanitatem

110 1574 232 1630 prius
273 1573 465 1616 cicutum
508 1572 665 1615 bibisse
705 1574 749 1615 et
781 1573 932 1615 vinum
966 1572 1165 1616 attulisse
1197 1577 1259 1624 ut,
1293 1574 1329 1615 si
1360 1574 1404 1615 in
1437 1573 1600 1630 templo
1632 1589 1715 1618 non

111 1646 253 1688 essent
298 1643 564 1701 deprehensi,
607 1645 700 1687 vini
741 1643 895 1701 lag-ena
937 1648 1062 1700 epota
1103 1643 1212 1687 salvi
1253 1644 1502 1697 evaderent,
1547 1649 1636 1697 aut,
1680 1647 1716 1688 si

112 1714 542 1773 deprehenderentur,
569 1715 657 1758 leni
683 1717 872 1772 perirent
895 1717 1045 1759 morbo
1072 1719 1115 1759 et
1141 1720 1454 1760 tormentorum
1481 1716 1717 1774 effugerent

111 1788 395 1831 atrocitatem.
438 1786 559 1840 Quod
601 1801 701 1830 cum
743 1786 820 1830 ille
863 1786 1053 1838 dixisset,
1097 1796 1244 1831 omnes
1285 1787 1594 1832 intellexerunt
1623 1791 1715 1831 tam

110 1860 302 1903 intricati
343 1858 507 1916 aliquid
550 1862 593 1902 et
625 1860 742 1902 acuti
773 1859 1013 1902 comminisci
1045 1873 1145 1903 eum
1179 1874 1262 1903 non
1294 1862 1485 1917 potuisse
1516 1860 1589 1903 sed
1620 1875 1716 1904 nar-

111 1945 227 1975 rasse
258 1929 371 1988 quod
401 1930 532 1974 sciret.
566 1930 766 1987 Undique
798 1930 850 1973 ad
883 1945 984 1974 eum
1015 1945 1264 1975 concurrere
1296 1932 1491 1975 homines
1518 1935 1561 1975 et
1590 1933 1716 1989 „quis

112 2003 186 2046 es”
218 2015 370 2060 rogare
404 2003 529 2059 „quis
563 2006 604 2046 te
635 2004 866 2060 cognoscit,
900 2003 1012 2046 unde
1045 2003 1124 2046 hoc
1155 2003 1284 2047 habes
1298 2002 1342 2046 ?''
1376 2003 1447 2047 Sic
1476 2004 1528 2047 ad
1559 2005 1715 2047 incitas

111 2072 308 2118 redactus
340 2088 384 2117 se
415 2087 553 2117 unum
585 2087 675 2117 esse
707 2088 730 2117 e
762 2073 981 2132 sacrilegis
1014 2075 1230 2118 confessus
1261 2079 1339 2118 est.

175 2145 234 2189 10
275 2145 608 2189 Narratiuncula
635 2149 699 2188 est-
726 2160 778 2189 ex
805 2145 983 2189 historia
1009 2145 1213 2190 Romana.
1242 2146 1324 2189 Vix
1351 2145 1469 2189 ullus
1493 2146 1716 2190 Plutarchi

112 2216 222 2260 liber
251 2215 345 2259 illis
376 2219 503 2260 caret.
538 2216 655 2260 Haec
687 2220 834 2260 autem
862 2217 1043 2260 dubium
1071 2232 1155 2261 non
1184 2221 1248 2260 est
1274 2219 1378 2274 quin
1404 2220 1498 2274 ipsa
1524 2219 1715 2262 novitate

113 2286 347 2332 Graeculos
379 2286 624 2331 detinuerit.
657 2287 868 2344 Exemplo
900 2287 1159 2331 Plutarchus
1191 2288 1315 2331 docet
1348 2303 1478 2345 quam
1510 2288 1619 2332 utile
1646 2291 1713 2341 sit,

111 2357 158 2402 id
197 2357 310 2416 quod
340 2372 562 2415 nunquam
597 2359 699 2402 facit
730 2358 945 2416 garrulus,
979 2374 1128 2403 aurem
1159 2360 1360 2416 praebere
1391 2359 1583 2416 loquenti
1617 2364 1660 2403 et
1691 2374 1716 2403 a

112 2443 158 2473 re
199 2430 417 2487 proposita
457 2444 540 2473 non
582 2430 788 2473 aberrare.
831 2430 997 2488 Pupius
1031 2431 1144 2481 Piso,
1179 2432 1381 2487 quoniam
1411 2430 1610 2487 loquaces
1641 2431 1716 2474 ho-

114 2502 252 2544 mines
283 2501 392 2544 ferre
424 2515 505 2544 non
537 2505 716 2557 poterat,
751 2515 894 2545 servos
926 2516 1026 2545 suos
1059 2505 1254 2545 vetuerat
1286 2501 1520 2558 quidquam
1550 2516 1717 2559 respon·

113 2571 212 2615 dere
252 2575 421 2629 praeter
460 2571 503 2614 id
547 2571 660 2628 quod
702 2574 846 2629 rogati
890 2577 1042 2615 essent.
1088 2573 1214 2616 Forte
1257 2577 1403 2616 autem
1437 2575 1635 2616 evenerat
1666 2576 1717 2616 ut

113 2641 328 2695 Clodium,
372 2657 500 2700 quem
542 2644 626 2686 sibi
665 2642 838 2686 reddere
877 2645 1066 2687 amicum
1098 2645 1311 2700 cupiebat,
1345 2644 1397 2686 ad
1428 2658 1578 2687 cenam
1607 2645 1717 2687 invi-

114 2717 260 2758 tasset.
303 2714 441 2758 Laute
482 2717 713 2771 apparatur
755 2716 1022 2766 convivium,
1067 2715 1118 2758 ad
1162 2719 1333 2771 tempus
1376 2729 1522 2758 omnes
1561 2714 1717 2758 adsunt

114 2789 281 2843 praeter
310 2800 447 2828 unum
475 2784 691 2829 Clodium.
725 2785 890 2828 Iterum
918 2787 1162 2842 iterumque
1188 2800 1375 2837 servum,
1403 2788 1479 2842 qui
1504 2785 1717 2829 invitandi

113 2857 374 2914 fungebatur
404 2857 554 2908 officio,
591 2858 829 2913 prospicere
861 2857 1037 2900 iubebat
1067 2859 1210 2900 iamne
1243 2856 1714 2901 Clodius=adventaret.

113 2927 203 2972 Sub
235 2941 456 2986 vesperam
490 2928 680 2979 demum,
715 2942 814 2971 cum
846 2930 933 2971 iam
966 2928 1018 2971 de
1051 2943 1098 2971 eo
1131 2932 1239 2971 esset
1271 2928 1597 2985 desperandum,
1631 2928 1716 2971 Pu-

113 3001 212 3056 pius
242 3013 414 3043 servum
446 3001 727 3043 invitassetne
754 3001 940 3057 rogavit.
976 3000 1116 3056 Atque
1142 2999 1215 3042 ille
1244 2999 1461 3056 „profecto
1485 2999 1715 3043 invitavi'’.
