2002 3372
914 262 1002 305 249

156 398 173 415 '=
199 380 361 432 *1497ssss
393 386 566 431 Danaus
597 386 912 444 quinquaginta
945 385 1132 430 filiarum
1165 389 1286 443 pater

155 474 171 489 ³
222 459 257 502 εί
289 457 458 507 ἄτεκνος
491 457 551 512 ἦν,
584 459 777 505 πλείονας
813 457 864 501 ἂν
897 456 989 512 εἶχε
1018 459 1363 512 κληρονομοῦντας
1394 456 1463 499 καὶ
1493 457 1573 510 οὐχ
1602 456 1760 507 ὁμοίως.

183 556 185 558 -
222 530 356 574 Addit
387 531 642 585 ἀχαρίστους
676 530 893 574 Reiskius.
927 530 1100 573 Leniori
1131 529 1429 573 emendatione
1461 528 1619 579 ὁμοίους
1651 527 1763 585 lege-

162 612 294 647 mus:
314 616 398 647 non
429 601 609 655 similes,
641 603 670 645 i.
689 615 725 645 e.
759 601 971 645 meliores.

175 756 178 758 '
223 747 359 795 4970
400 748 543 793 Facile
584 751 783 806 quamvis
826 748 988 792 multos
1029 750 1190 792 amicos
1231 749 1461 793 inveniunt
1501 761 1585 791 non
1616 760 1763 791 omnes

161 821 319 866 divites
349 820 424 865 sed
455 820 613 864 divites
647 821 764 864 orbi:

176 897 179 910 ”
215 891 390 940 ’τούτους
431 893 466 935 οἱ
508 891 696 934 πλούσιοι
740 891 1019 945 δειπνίζουσιν,
1064 892 1096 934 οἱ
1142 891 1341 943 ἡγεμόνες
1387 890 1686 943 θεραπεύουσιν,
1727 890 1760 931 οἱ

161 964 319 1018 ῥήτορες
351 963 485 1015 μόνοις
517 963 672 1010 τούτοις
706 967 851 1014 προῖκα
886 966 1184 1014 συνηγοροῦσιν.

158 1034 340 1079 ’”·Ἠιίοο
370 1036 432 1078 sic
461 1034 708 1092 refingenda
740 1038 883 1078 censet
911 1034 1068 1077 editor:
1103 1033 1268 1081 τούτους
1297 1033 1472 1086 (orbos),
1500 1033 1534 1076 εἰ
1563 1031 1762 1083 πλούσιοι,

151 1106 428 1160 ’δειπνίζουσιν
461 1106 495 1149 01
527 1105 745 1158 ἡγεμόνες,
779 1106 1065 1158 θεραπεύουσιν
1097 1106 1131 1148 οἱ
1163 1107 1337 1159 ῥήτορες,
1371 1104 1504 1155 μόνοις
1538 1104 1624 1146 xrs.

206 1177 414 1230 Frustra,
458 1180 508 1220 ut
547 1179 709 1234 opinor.
743 1176 831 1220 Sua
861 1179 1016 1234 cuique
1048 1177 1186 1220 danda
1216 1180 1331 1227 sunt,
1363 1190 1476 1218 nunc
1509 1174 1681 1232 singula
1712 1174 1763 1217 de

158 1250 328 1302 ceteris,
370 1249 470 1292 bina
502 1248 553 1291 de
585 1249 825 1292 oratoribus
856 1249 1148 1291 enuntiantur.
1182 1247 1294 1301 Quid
1327 1251 1474 1290 autem
1506 1246 1687 1289 ducibus
1720 1250 1764 1289 et

160 1312 491 1378 magistratibus
518 1334 617 1364 cum
645 1318 788 1363 cenis?
815 1318 967 1377 Epulis
994 1320 1189 1376 excipere
1216 1319 1441 1376 proprium
1468 1321 1532 1361 est
1550 1318 1760 1370 divitum3

37 1379 46 1415 {-
99 1422 101 1425 -
161 1391 323 1435 ducum
363 1395 509 1435 autem
541 1395 584 1434 et
614 1392 927 1448 imperatorum
958 1390 1040 1434 coli
1071 1395 1114 1434 et
1145 1390 1373 1441 observari,
1407 1389 1529 1432 orbos
1562 1402 1664 1433 vero
1696 1402 1765 1446 pe-

162 1464 362 1508 cuniosos
393 1462 540 1507 colunt
572 1461 688 1507 ultro
720 1463 1045 1520 observantque.

221 1601 280 1644 ib.
330 1600 563 1657 Postquam
605 1601 709 1643 satis
749 1601 839 1643 iam
881 1600 1193 1643 demonstravit
1224 1599 1361 1643 solam
1394 1602 1595 1642 naturam
1628 1599 1764 1642 facere

160 1674 214 1716 ut
243 1670 402 1716 liberos
433 1675 579 1715 ament
610 1675 821 1728 parentes,
853 1673 914 1714 sic
946 1673 1111 1729 pergit:

156 1758 158 1761 ·
222 1741 534 1795 ἐξαμαυροῦται
575 1743 661 1796 γὰρ
702 1742 771 1784 καὶ
815 1745 956 1785 ταῦτα
999 1743 1067 1784 καὶ
1112 1742 1253 1785 πολλοὶ
1297 1743 1374 1784 τῶν
1407 1740 1546 1784 ἄλλων
1580 1741 1656 1783 ὑπὸ
1689 1745 1764 1789 τῆς

149 1816 328 1861 (κακίας.

221 1883 383 1929 Nullus
414 1885 484 1928 hic
514 1884 750 1942 particulae
775 1886 860 1938 γὰρ
887 1884 1030 1930 locus:
1059 1885 1112 1929 ad
1139 1885 1225 1927 alia
1253 1887 1368 1929 enim
1396 1886 1616 1928 transitur.
1649 1883 1765 1940 Lege

163 1970 266 2014 ergo
295 1955 339 1999 δέ
371 1969 471 2000 cum
503 1956 707 2014 Amyoto.

445 2253 504 2284 AN
539 2251 772 2286 vl'mosrl'As
804 2254 861 2284 AD
893 2254 1226 2286 INFELIGITATEM
1258 2254 1490 2287 surmclss'r.

223 2377 272 2422 Si
313 2379 409 2436 quis
451 2391 642 2435 unquam
674 2380 890 2422 exstiterit
921 2380 996 2435 qui
1027 2380 1200 2422 omnino
1233 2380 1315 2423 sibi
1347 2380 1596 2424 incredibile
1628 2381 1767 2425 videri

164 2448 349 2493 declaret
379 2448 452 2493 vel
484 2449 632 2493 fraude
664 2449 734 2493 vel
760 2463 860 2493 casu
886 2452 1104 2507 scriptoris
1131 2453 1298 2508 antiqui
1323 2451 1446 2494 libris
1472 2454 1618 2509 spuria
1643 2467 1766 2508 quae-

165 2521 263 2564 dam
307 2533 399 2564 esse
439 2520 632 2564 admixta
674 2546 730 2552 —
771 2525 814 2564 et
857 2535 986 2578 quam
1029 2523 1275 2578 opinionem
1318 2537 1540 2580 nunquam
1582 2524 1635 2566 ab
1677 2523 1766 2567 ullo

165 2591 419 2636 mortalium
461 2591 677 2648 prolatum
719 2594 775 2634 iri
816 2607 892 2649 pro
935 2597 1051 2636 certo
1090 2593 1300 2637 affirmare
1337 2594 1596 2651 possumus?
1634 2621 1690 2628 —
1728 2597 1767 2638 is

165 2663 278 2707 mihi
319 2662 439 2721 legat
473 2664 658 2720 ineptias
691 2677 796 2720 quas
827 2664 945 2707 hicce
978 2665 1066 2717 περὶ
1103 2666 1252 2712 κακίας
1287 2674 1331 2708 et
1362 2666 1681 2717 κακοδαιμονίας
1715 2667 1766 2710 li-

165 2734 305 2779 bellus
330 2733 566 2778 Plutarcho
592 2735 818 2778 obtrudat:
847 2737 996 2778 statim
1025 2738 1279 2780 sententiam
1307 2738 1509 2781 mutabit.
1544 2738 1767 2782 Habemus

165 2806 283 2850 enim
323 2806 395 2849 hic
434 2819 573 2849 meras
615 2819 755 2863 nugas
795 2806 1147 2863 quisquiliasque,
1190 2822 1295 2865 quas
1333 2809 1523 2865 sophista
1552 2809 1710 2867 aliquis
1743 2825 1767 2854 a

166 2876 400 2921 Plutarcho
443 2890 574 2934 quam
617 2877 936 2921 diversissimus
979 2878 1195 2922 effundens
1234 2883 1433 2936 paratum
1465 2881 1546 2924 sibi
1578 2883 1767 2938 speravit

166 2944 410 3007 legentium
443 2948 797 3006 audientiumque
830 2949 1045 3006 plausum.
1078 2950 1136 2994 Et
1168 2954 1310 2994 tamen
1342 2953 1386 2994 in
1419 2951 1506 2996 sola
1539 2952 1768 2997 Didotiana

167 3021 419 3064 asteriscum
446 3022 667 3077 appictum
695 3019 827 3064 titulo
847 3021 1059 3066 videmus.
1088 3022 1261 3080 Ergone
1282 3037 1419 3081 neque
1436 3023 1766 3082 Wyttenbachio
