<?xml version="1.0" encoding="UTF-8"?>
<!DOCTYPE html PUBLIC "-//W3C//DTD XHTML 1.0 Transitional//EN"
    "http://www.w3.org/TR/xhtml1/DTD/xhtml1-transitional.dtd">
<html xmlns="http://www.w3.org/1999/xhtml" xml:lang="en" lang="en">
 <head>
  <title>
</title>
<meta http-equiv="Content-Type" content="text/html;charset=utf-8" />
  <meta name='ocr-system' content='tesseract 3.04.00' />
  <meta name='ocr-capabilities' content='ocr_page ocr_carea ocr_par ocr_line ocrx_word'/>
</head>
<body>
  <div class='ocr_page' id='page_1' title='image "./deplutarchoscrip00hartuoft_0019.png"; bbox 0 0 2002 3372; ppageno 0'>
   <div class='ocr_carea' id='block_1_1' title="bbox 865 215 892 259">
    <p class='ocr_par' dir='ltr' id='par_1_1' title="bbox 865 215 892 259">
     <span class='ocr_line' id='line_1_1' title="bbox 865 215 892 259; baseline 0 0"><span class='ocrx_word' id='word_1_1' title='bbox 865 215 892 259; x_wconf 86' lang='lat'>3</span> 
     </span>
    </p>
   </div>
   <div class='ocr_carea' id='block_1_2' title="bbox 0 0 272 3092">
    <p class='ocr_par' dir='ltr' id='par_1_2' title="bbox 0 0 272 3092">
     <span class='ocr_line' id='line_1_2' title="bbox 0 0 272 427; baseline 0 -47"><span class='ocrx_word' id='word_1_2' title='bbox 0 0 272 427; x_wconf 95' lang='lat' dir='ltr'>   </span> 
     </span>
     <span class='ocr_line' id='line_1_3' title="bbox 2 427 202 500; baseline 0 -50"><span class='ocrx_word' id='word_1_3' title='bbox 2 427 202 500; x_wconf 95' lang='lat' dir='ltr'>  </span> 
     </span>
     <span class='ocr_line' id='line_1_4' title="bbox 0 500 182 668; baseline 0 -27"><span class='ocrx_word' id='word_1_4' title='bbox 0 500 182 668; x_wconf 95' lang='lat' dir='ltr'>   </span> 
     </span>
     <span class='ocr_line' id='line_1_5' title="bbox 0 668 182 784; baseline 0 -65"><span class='ocrx_word' id='word_1_5' title='bbox 0 668 182 784; x_wconf 95' lang='lat' dir='ltr'>  </span> 
     </span>
     <span class='ocr_line' id='line_1_6' title="bbox 0 784 260 954; baseline 0 -21"><span class='ocrx_word' id='word_1_6' title='bbox 0 784 260 954; x_wconf 95' lang='lat' dir='ltr'>   </span> 
     </span>
     <span class='ocr_line' id='line_1_7' title="bbox 0 954 203 1096; baseline 0 -22"><span class='ocrx_word' id='word_1_7' title='bbox 0 954 203 1096; x_wconf 95' lang='lat' dir='ltr'>    </span> 
     </span>
     <span class='ocr_line' id='line_1_8' title="bbox 0 1096 178 1385; baseline 0 -26"><span class='ocrx_word' id='word_1_8' title='bbox 0 1096 178 1385; x_wconf 95' lang='lat' dir='ltr'>     </span> 
     </span>
     <span class='ocr_line' id='line_1_9' title="bbox 0 1385 170 1456; baseline 0 0"><span class='ocrx_word' id='word_1_9' title='bbox 0 1385 170 1456; x_wconf 95' lang='lat' dir='ltr'>  </span> 
     </span>
     <span class='ocr_line' id='line_1_10' title="bbox 0 1456 174 1600; baseline 0 -27"><span class='ocrx_word' id='word_1_10' title='bbox 0 1456 174 1600; x_wconf 95' lang='lat' dir='ltr'>   </span> 
     </span>
     <span class='ocr_line' id='line_1_11' title="bbox 0 1600 191 1742; baseline 0 -25"><span class='ocrx_word' id='word_1_11' title='bbox 0 1600 191 1742; x_wconf 95' lang='lat' dir='ltr'>   </span> 
     </span>
     <span class='ocr_line' id='line_1_12' title="bbox 0 1742 156 1884; baseline 0 -17"><span class='ocrx_word' id='word_1_12' title='bbox 0 1742 156 1884; x_wconf 95' lang='lat' dir='ltr'>    </span> 
     </span>
     <span class='ocr_line' id='line_1_13' title="bbox 0 1884 71 2079; baseline 0 0"><span class='ocrx_word' id='word_1_13' title='bbox 0 1884 71 2079; x_wconf 95' lang='lat' dir='ltr'>   </span> 
     </span>
     <span class='ocr_line' id='line_1_14' title="bbox 0 2230 76 2390; baseline 0 -23"><span class='ocrx_word' id='word_1_14' title='bbox 0 2230 76 2390; x_wconf 95' lang='lat' dir='ltr'>    </span> 
     </span>
     <span class='ocr_line' id='line_1_15' title="bbox 0 2390 70 2507; baseline 0 -70"><span class='ocrx_word' id='word_1_15' title='bbox 0 2390 70 2507; x_wconf 95' lang='lat' dir='ltr'>   </span> 
     </span>
     <span class='ocr_line' id='line_1_16' title="bbox 2 2507 159 2683; baseline 0 -24"><span class='ocrx_word' id='word_1_16' title='bbox 2 2507 159 2683; x_wconf 95' lang='lat' dir='ltr'>   </span> 
     </span>
     <span class='ocr_line' id='line_1_17' title="bbox 0 2683 110 3092; baseline 0 -317"><span class='ocrx_word' id='word_1_17' title='bbox 0 2683 110 3092; x_wconf 95' lang='lat' dir='ltr'>   </span> 
     </span>
    </p>
   </div>
   <div class='ocr_carea' id='block_1_3' title="bbox 0 327 1678 3045">
    <p class='ocr_par' dir='ltr' id='par_1_3' title="bbox 55 327 1678 1544">
     <span class='ocr_line' id='line_1_18' title="bbox 143 327 1677 400; baseline 0 -18"><span class='ocrx_word' id='word_1_18' title='bbox 143 395 149 400; x_wconf 80' lang='lat'><em>.</em></span> <span class='ocrx_word' id='word_1_19' title='bbox 251 327 410 394; x_wconf 53' lang='grc' dir='ltr'>ζ”ἓστιυ</span> <span class='ocrx_word' id='word_1_20' title='bbox 435 341 481 383; x_wconf 83' lang='lat' dir='ltr'>et</span> <span class='ocrx_word' id='word_1_21' title='bbox 506 338 754 389; x_wconf 71' lang='grc' dir='ltr'><strong><em>καθέστηκεν</em></strong></span> <span class='ocrx_word' id='word_1_22' title='bbox 779 339 891 382; x_wconf 88' lang='lat' dir='ltr'>inter</span> <span class='ocrx_word' id='word_1_23' title='bbox 917 354 961 382; x_wconf 90' lang='lat' dir='ltr'>se</span> <span class='ocrx_word' id='word_1_24' title='bbox 988 341 1178 397; x_wconf 89' lang='lat' dir='ltr'>opponit.</span> <span class='ocrx_word' id='word_1_25' title='bbox 1211 339 1268 383; x_wconf 79' lang='lat' dir='ltr'>Et</span> <span class='ocrx_word' id='word_1_26' title='bbox 1298 341 1399 383; x_wconf 91' lang='lat' dir='ltr'>sunt</span> <span class='ocrx_word' id='word_1_27' title='bbox 1424 339 1564 383; x_wconf 85' lang='lat' dir='ltr'>multa</span> <span class='ocrx_word' id='word_1_28' title='bbox 1592 339 1677 383; x_wconf 89' lang='lat' dir='ltr'>alia</span> 
     </span>
     <span class='ocr_line' id='line_1_19' title="bbox 159 405 1525 470; baseline -0.002 -13.933"><span class='ocrx_word' id='word_1_29' title='bbox 159 405 407 456; x_wconf 76' lang='lat' dir='ltr'>ammoth</span> <span class='ocrx_word' id='word_1_30' title='bbox 438 410 522 456; x_wconf 80' lang='lat' dir='ltr'>Sed</span> <span class='ocrx_word' id='word_1_31' title='bbox 552 410 686 455; x_wconf 85' lang='lat' dir='ltr'>totius</span> <span class='ocrx_word' id='word_1_32' title='bbox 715 410 800 454; x_wconf 91' lang='lat' dir='ltr'>loci</span> <span class='ocrx_word' id='word_1_33' title='bbox 833 411 1147 455; x_wconf 81' lang='lat' dir='ltr'><strong>consideremus</strong></span> <span class='ocrx_word' id='word_1_34' title='bbox 1180 414 1525 470; x_wconf 84' lang='lat' dir='ltr'>argumentum·</span> 
     </span>
     <span class='ocr_line' id='line_1_20' title="bbox 87 470 1677 543; baseline -0.003 -13.862"><span class='ocrx_word' id='word_1_35' title='bbox 87 476 282 543; x_wconf 60' lang='lat' dir='ltr'>§haec</span> <span class='ocrx_word' id='word_1_36' title='bbox 314 470 460 528; x_wconf 87' lang='lat' dir='ltr'>omnia</span> <span class='ocrx_word' id='word_1_37' title='bbox 497 486 549 527; x_wconf 87' lang='lat' dir='ltr'>ut</span> <span class='ocrx_word' id='word_1_38' title='bbox 589 481 723 526; x_wconf 91' lang='lat' dir='ltr'>simul</span> <span class='ocrx_word' id='word_1_39' title='bbox 764 482 1099 540; x_wconf 80' lang='lat' dir='ltr'>comprehendas</span> <span class='ocrx_word' id='word_1_40' title='bbox 1141 487 1286 541; x_wconf 87' lang='lat' dir='ltr'>optare</span> <span class='ocrx_word' id='word_1_41' title='bbox 1322 487 1456 541; x_wconf 90' lang='lat' dir='ltr'>potes,</span> <span class='ocrx_word' id='word_1_42' title='bbox 1489 484 1677 540; x_wconf 85' lang='lat' dir='ltr'>praecipi</span> 
     </span>
     <span class='ocr_line' id='line_1_21' title="bbox 175 555 1675 622; baseline -0.003 -21.932"><span class='ocrx_word' id='word_1_43' title='bbox 175 557 305 622; x_wconf 69' lang='lat' dir='ltr'>non</span> <span class='ocrx_word' id='word_1_44' title='bbox 324 557 492 613; x_wconf 82' lang='lat' dir='ltr'>potest;</span> <span class='ocrx_word' id='word_1_45' title='bbox 532 556 576 598; x_wconf 92' lang='lat' dir='ltr'>at</span> <span class='ocrx_word' id='word_1_46' title='bbox 611 555 819 613; x_wconf 86' lang='lat' dir='ltr'>maiorem</span> <span class='ocrx_word' id='word_1_47' title='bbox 853 568 1001 598; x_wconf 89' lang='lat' dir='ltr'>eorum</span> <span class='ocrx_word' id='word_1_48' title='bbox 1032 558 1199 612; x_wconf 88' lang='lat' dir='ltr'>partem</span> <span class='ocrx_word' id='word_1_49' title='bbox 1232 557 1269 598; x_wconf 86' lang='lat' dir='ltr'>si</span> <span class='ocrx_word' id='word_1_50' title='bbox 1298 557 1463 598; x_wconf 89' lang='lat' dir='ltr'>conaris</span> <span class='ocrx_word' id='word_1_51' title='bbox 1494 556 1675 611; x_wconf 83' lang='lat' dir='ltr'>assequi,</span> 
     </span>
     <span class='ocr_line' id='line_1_22' title="bbox 159 612 1676 697; baseline -0.001 -25.933"><span class='ocrx_word' id='word_1_52' title='bbox 159 628 378 691; x_wconf 83' lang='lat' dir='ltr'>quoque</span> <span class='ocrx_word' id='word_1_53' title='bbox 407 639 567 684; x_wconf 87' lang='lat' dir='ltr'>magna</span> <span class='ocrx_word' id='word_1_54' title='bbox 597 612 676 669; x_wconf 88' lang='lat' dir='ltr'>tibi</span> <span class='ocrx_word' id='word_1_55' title='bbox 708 639 817 683; x_wconf 86' lang='lat' dir='ltr'>opus</span> <span class='ocrx_word' id='word_1_56' title='bbox 847 630 911 669; x_wconf 90' lang='lat' dir='ltr'>est</span> <span class='ocrx_word' id='word_1_57' title='bbox 943 625 1147 670; x_wconf 83' lang='lat' dir='ltr'>felicitate</span> <span class='ocrx_word' id='word_1_58' title='bbox 1178 640 1419 684; x_wconf 88' lang='lat' dir='ltr'>magnaque</span> <span class='ocrx_word' id='word_1_59' title='bbox 1451 626 1676 697; x_wconf 84' lang='lat' dir='ltr'>industria,</span> 
     </span>
     <span class='ocr_line' id='line_1_23' title="bbox 156 697 1278 755; baseline -0.002 -11.947"><span class='ocrx_word' id='word_1_60' title='bbox 156 703 237 743; x_wconf 81' lang='grc'>30</span> <span class='ocrx_word' id='word_1_61' title='bbox 262 700 412 742; x_wconf 74' lang='lat' dir='ltr'>tamen</span> <span class='ocrx_word' id='word_1_62' title='bbox 441 698 662 755; x_wconf 82' lang='lat' dir='ltr'>pervenire</span> <span class='ocrx_word' id='word_1_63' title='bbox 691 700 832 754; x_wconf 90' lang='lat' dir='ltr'>potest</span> <span class='ocrx_word' id='word_1_64' title='bbox 861 697 1050 741; x_wconf 89' lang='lat' dir='ltr'>humana</span> <span class='ocrx_word' id='word_1_65' title='bbox 1081 697 1278 741; x_wconf 59' lang='lat' dir='ltr'>naturass’</span> 
     </span>
     <span class='ocr_line' id='line_1_24' title="bbox 96 750 1678 832; baseline -0.002 -15.924"><span class='ocrx_word' id='word_1_66' title='bbox 96 755 237 816; x_wconf 62' lang='lat' dir='ltr'>‘ho</span> <span class='ocrx_word' id='word_1_67' title='bbox 265 757 337 814; x_wconf 81' lang='grc'>313</span> <span class='ocrx_word' id='word_1_68' title='bbox 353 774 558 832; x_wconf 82' lang='lat' dir='ltr'>·&#39;unquam</span> <span class='ocrx_word' id='word_1_69' title='bbox 597 769 880 812; x_wconf 83' lang='lat' dir='ltr'>Plutarchum</span> <span class='ocrx_word' id='word_1_70' title='bbox 923 771 1164 826; x_wconf 89' lang='lat' dir='ltr'>scripsisse;</span> <span class='ocrx_word' id='word_1_71' title='bbox 1210 772 1246 812; x_wconf 89' lang='lat' dir='ltr'>si</span> <span class='ocrx_word' id='word_1_72' title='bbox 1286 769 1390 813; x_wconf 88' lang='lat' dir='ltr'>talia</span> <span class='ocrx_word' id='word_1_73' title='bbox 1427 750 1678 828; x_wconf 74' lang='lat' dir='ltr'>subscripsit</span> 
     </span>
     <span class='ocr_line' id='line_1_25' title="bbox 124 827 1678 908; baseline -0.001 -21.956"><span class='ocrx_word' id='word_1_74' title='bbox 124 827 289 908; x_wconf 80' lang='lat' dir='ltr'>puli</span> <span class='ocrx_word' id='word_1_75' title='bbox 308 840 594 903; x_wconf 76' lang='lat' dir='ltr'>meditationi,</span> <span class='ocrx_word' id='word_1_76' title='bbox 620 855 757 884; x_wconf 90' lang='lat' dir='ltr'>nonne</span> <span class='ocrx_word' id='word_1_77' title='bbox 784 855 878 884; x_wconf 86' lang='lat' dir='ltr'>eam</span> <span class='ocrx_word' id='word_1_78' title='bbox 905 841 1140 884; x_wconf 83' lang='lat' dir='ltr'>admodum</span> <span class='ocrx_word' id='word_1_79' title='bbox 1168 841 1251 884; x_wconf 90' lang='lat' dir='ltr'>sibi</span> <span class='ocrx_word' id='word_1_80' title='bbox 1277 840 1442 898; x_wconf 87' lang='lat' dir='ltr'>placere</span> <span class='ocrx_word' id='word_1_81' title='bbox 1470 841 1678 885; x_wconf 80' lang='lat' dir='ltr'>testatur?</span> 
     </span>
     <span class='ocr_line' id='line_1_26' title="bbox 79 899 1678 971; baseline -0.001 -13"><span class='ocrx_word' id='word_1_82' title='bbox 79 914 82 921; x_wconf 77' lang='grc'><strong>“</strong></span> <span class='ocrx_word' id='word_1_83' title='bbox 158 935 160 942; x_wconf 69' lang='grc'>·</span> <span class='ocrx_word' id='word_1_84' title='bbox 206 918 210 925; x_wconf 86' lang='grc'><em>“</em></span> <span class='ocrx_word' id='word_1_85' title='bbox 240 934 249 952; x_wconf 86' lang='grc'>·-</span> <span class='ocrx_word' id='word_1_86' title='bbox 297 900 441 958; x_wconf 70' lang='lat' dir='ltr'>autem</span> <span class='ocrx_word' id='word_1_87' title='bbox 485 899 718 956; x_wconf 84' lang='lat' dir='ltr'>Plutarcho</span> <span class='ocrx_word' id='word_1_88' title='bbox 750 914 825 970; x_wconf 90' lang='lat' dir='ltr'>qui</span> <span class='ocrx_word' id='word_1_89' title='bbox 855 914 999 970; x_wconf 87' lang='lat' dir='ltr'>potuit</span> <span class='ocrx_word' id='word_1_90' title='bbox 1029 912 1079 955; x_wconf 88' lang='lat' dir='ltr'>de</span> <span class='ocrx_word' id='word_1_91' title='bbox 1111 926 1156 955; x_wconf 91' lang='lat' dir='ltr'>re</span> <span class='ocrx_word' id='word_1_92' title='bbox 1188 914 1458 970; x_wconf 86' lang='lat' dir='ltr'>gravissima,</span> <span class='ocrx_word' id='word_1_93' title='bbox 1487 927 1678 971; x_wconf 85' lang='lat' dir='ltr'>quaeque</span> 
     </span>
     <span class='ocr_line' id='line_1_27' title="bbox 166 971 1678 1044; baseline -0.001 -13.95"><span class='ocrx_word' id='word_1_94' title='bbox 166 972 309 1044; x_wconf 73' lang='lat' dir='ltr'>prae</span> <span class='ocrx_word' id='word_1_95' title='bbox 347 985 499 1029; x_wconf 81' lang='lat' dir='ltr'>ceteris</span> <span class='ocrx_word' id='word_1_96' title='bbox 541 971 657 1028; x_wconf 90' lang='lat' dir='ltr'>cordi</span> <span class='ocrx_word' id='word_1_97' title='bbox 689 988 812 1036; x_wconf 91' lang='lat' dir='ltr'>esset,</span> <span class='ocrx_word' id='word_1_98' title='bbox 846 984 1094 1041; x_wconf 78' lang='lat' dir='ltr'>disputatio,</span> <span class='ocrx_word' id='word_1_99' title='bbox 1126 986 1172 1026; x_wconf 86' lang='lat' dir='ltr'>in</span> <span class='ocrx_word' id='word_1_100' title='bbox 1203 999 1287 1041; x_wconf 88' lang='lat' dir='ltr'>qua</span> <span class='ocrx_word' id='word_1_101' title='bbox 1320 984 1430 1027; x_wconf 91' lang='grc'>1111111</span> <span class='ocrx_word' id='word_1_102' title='bbox 1460 982 1678 1043; x_wconf 83' lang='lat' dir='ltr'>legeretur</span> 
     </span>
     <span class='ocr_line' id='line_1_28' title="bbox 70 1039 1678 1122; baseline -0.001 -20"><span class='ocrx_word' id='word_1_103' title='bbox 70 1039 165 1119; x_wconf 49' lang='grc' dir='ltr'>ᾞ</span> <span class='ocrx_word' id='word_1_104' title='bbox 166 1070 231 1102; x_wconf 87' lang='grc'>10</span> <span class='ocrx_word' id='word_1_105' title='bbox 260 1043 379 1122; x_wconf 77' lang='lat' dir='ltr'>quae</span> <span class='ocrx_word' id='word_1_106' title='bbox 418 1058 465 1100; x_wconf 91' lang='lat' dir='ltr'>in</span> <span class='ocrx_word' id='word_1_107' title='bbox 494 1059 686 1100; x_wconf 88' lang='lat' dir='ltr'>mentem</span> <span class='ocrx_word' id='word_1_108' title='bbox 718 1057 863 1100; x_wconf 86' lang='lat' dir='ltr'>venire</span> <span class='ocrx_word' id='word_1_109' title='bbox 896 1056 1096 1099; x_wconf 87' lang='lat' dir='ltr'>deberent</span> <span class='ocrx_word' id='word_1_110' title='bbox 1126 1056 1292 1099; x_wconf 90' lang='lat' dir='ltr'>homini</span> <span class='ocrx_word' id='word_1_111' title='bbox 1319 1057 1400 1113; x_wconf 91' lang='lat' dir='ltr'>qui</span> <span class='ocrx_word' id='word_1_112' title='bbox 1423 1056 1494 1099; x_wconf 82' lang='lat' dir='ltr'>vel</span> <span class='ocrx_word' id='word_1_113' title='bbox 1524 1059 1678 1113; x_wconf 89' lang='lat' dir='ltr'>primo-</span> 
     </span>
     <span class='ocr_line' id='line_1_29' title="bbox 145 1126 1678 1189; baseline -0.001 -15.978"><span class='ocrx_word' id='word_1_114' title='bbox 145 1132 210 1173; x_wconf 75' lang='lat' dir='ltr'>e</span> <span class='ocrx_word' id='word_1_115' title='bbox 238 1127 385 1174; x_wconf 76' lang='lat' dir='ltr'>labris</span> <span class='ocrx_word' id='word_1_116' title='bbox 406 1127 600 1188; x_wconf 76' lang='lat' dir='ltr'>aliquam</span> <span class='ocrx_word' id='word_1_117' title='bbox 641 1128 938 1189; x_wconf 84' lang='lat' dir='ltr'>philosophiae</span> <span class='ocrx_word' id='word_1_118' title='bbox 975 1129 1193 1186; x_wconf 86' lang='lat' dir='ltr'>attigisset</span> <span class='ocrx_word' id='word_1_119' title='bbox 1225 1126 1420 1184; x_wconf 83' lang='lat' dir='ltr'>partem?</span> <span class='ocrx_word' id='word_1_120' title='bbox 1451 1129 1678 1172; x_wconf 87' lang='lat' dir='ltr'>Rhetorica</span> 
     </span>
     <span class='ocr_line' id='line_1_30' title="bbox 115 1198 1678 1262; baseline -0.001 -17.969"><span class='ocrx_word' id='word_1_121' title='bbox 115 1200 213 1244; x_wconf 48' lang='grc' dir='ltr'>ιᾞῑῐ</span> <span class='ocrx_word' id='word_1_122' title='bbox 224 1201 536 1264; x_wconf 69' lang='grc' dir='ltr'><strong>001013,ν303</strong></span> <span class='ocrx_word' id='word_1_123' title='bbox 577 1204 620 1244; x_wconf 91' lang='lat' dir='ltr'>et</span> <span class='ocrx_word' id='word_1_124' title='bbox 650 1201 807 1244; x_wconf 89' lang='lat' dir='ltr'>inania.</span> <span class='ocrx_word' id='word_1_125' title='bbox 841 1199 924 1243; x_wconf 84' lang='lat' dir='ltr'>Sed</span> <span class='ocrx_word' id='word_1_126' title='bbox 955 1214 1039 1243; x_wconf 91' lang='lat' dir='ltr'>non</span> <span class='ocrx_word' id='word_1_127' title='bbox 1072 1204 1136 1242; x_wconf 90' lang='lat' dir='ltr'>est</span> <span class='ocrx_word' id='word_1_128' title='bbox 1169 1214 1317 1243; x_wconf 91' lang='lat' dir='ltr'>meum</span> <span class='ocrx_word' id='word_1_129' title='bbox 1350 1198 1401 1242; x_wconf 90' lang='lat' dir='ltr'>de</span> <span class='ocrx_word' id='word_1_130' title='bbox 1432 1200 1510 1243; x_wconf 90' lang='lat' dir='ltr'>hac</span> <span class='ocrx_word' id='word_1_131' title='bbox 1542 1214 1587 1243; x_wconf 92' lang='lat' dir='ltr'>re</span> <span class='ocrx_word' id='word_1_132' title='bbox 1618 1199 1678 1243; x_wconf 93' lang='grc'>13-</span> 
     </span>
     <span class='ocr_line' id='line_1_31' title="bbox 121 1259 1676 1331; baseline -0.002 -13.912"><span class='ocrx_word' id='word_1_133' title='bbox 121 1259 233 1317; x_wconf 61' lang='lat' dir='ltr'>tea</span> <span class='ocrx_word' id='word_1_134' title='bbox 265 1259 454 1331; x_wconf 73' lang='lat' dir='ltr'>edocere.</span> <span class='ocrx_word' id='word_1_135' title='bbox 498 1271 653 1315; x_wconf 72' lang='lat' dir='ltr'>Ot‘nnia</span> <span class='ocrx_word' id='word_1_136' title='bbox 692 1273 876 1330; x_wconf 87' lang='lat' dir='ltr'>reperire</span> <span class='ocrx_word' id='word_1_137' title='bbox 917 1271 1032 1328; x_wconf 90' lang='lat' dir='ltr'>apud</span> <span class='ocrx_word' id='word_1_138' title='bbox 1063 1271 1447 1329; x_wconf 84' lang='lat' dir='ltr'>Wyttenbachium</span> <span class='ocrx_word' id='word_1_139' title='bbox 1484 1276 1676 1329; x_wconf 84' lang='lat' dir='ltr'>possunt,</span> 
     </span>
     <span class='ocr_line' id='line_1_32' title="bbox 138 1329 1676 1408; baseline -0.002 -18.885"><span class='ocrx_word' id='word_1_140' title='bbox 138 1329 409 1408; x_wconf 70' lang='lat' dir='ltr'>quomodo</span> <span class='ocrx_word' id='word_1_141' title='bbox 449 1344 555 1388; x_wconf 86' lang='grc'><strong>11333</strong></span> <span class='ocrx_word' id='word_1_142' title='bbox 598 1344 750 1387; x_wconf 85' lang='lat' dir='ltr'>fuisset</span> <span class='ocrx_word' id='word_1_143' title='bbox 791 1343 1007 1386; x_wconf 87' lang='lat' dir='ltr'>tractanda</span> <span class='ocrx_word' id='word_1_144' title='bbox 1049 1345 1240 1400; x_wconf 84' lang='lat' dir='ltr'>quaestio</span> <span class='ocrx_word' id='word_1_145' title='bbox 1282 1347 1332 1386; x_wconf 90' lang='lat' dir='ltr'>ut</span> <span class='ocrx_word' id='word_1_146' title='bbox 1362 1342 1525 1386; x_wconf 88' lang='lat' dir='ltr'>idoneis</span> <span class='ocrx_word' id='word_1_147' title='bbox 1556 1342 1676 1386; x_wconf 91' lang='lat' dir='ltr'>illius</span> 
     </span>
     <span class='ocr_line' id='line_1_33' title="bbox 139 1401 1331 1476; baseline -0.003 -14.919"><span class='ocrx_word' id='word_1_148' title='bbox 139 1416 233 1460; x_wconf 64' lang='lat' dir='ltr'>tis</span> <span class='ocrx_word' id='word_1_149' title='bbox 261 1415 486 1476; x_wconf 74' lang='lat' dir='ltr'>satisfieret</span> <span class='ocrx_word' id='word_1_150' title='bbox 515 1401 730 1459; x_wconf 89' lang='lat' dir='ltr'>iudicibus</span> <span class='ocrx_word' id='word_1_151' title='bbox 761 1414 974 1473; x_wconf 90' lang='lat' dir='ltr'>praeclare</span> <span class='ocrx_word' id='word_1_152' title='bbox 1006 1415 1331 1459; x_wconf 81' lang='lat' dir='ltr'>demonstravit.</span> 
     </span>
     <span class='ocr_line' id='line_1_34' title="bbox 55 1485 1677 1573; baseline -0.001 -41"><span class='ocrx_word' id='word_1_153' title='bbox 55 1511 70 1524; x_wconf 36' lang='grc' dir='ltr'><strong><em>ι</em></strong></span> <span class='ocrx_word' id='word_1_154' title='bbox 86 1486 225 1573; x_wconf 42' lang='lat' dir='ltr'>JRt‘</span> <span class='ocrx_word' id='word_1_155' title='bbox 238 1489 354 1532; x_wconf 83' lang='lat' dir='ltr'>enim</span> <span class='ocrx_word' id='word_1_156' title='bbox 393 1500 534 1531; x_wconf 90' lang='lat' dir='ltr'>nonne</span> <span class='ocrx_word' id='word_1_157' title='bbox 575 1486 667 1531; x_wconf 89' lang='lat' dir='ltr'>fieri</span> <span class='ocrx_word' id='word_1_158' title='bbox 708 1488 852 1544; x_wconf 91' lang='lat' dir='ltr'>potuit</span> <span class='ocrx_word' id='word_1_159' title='bbox 894 1491 944 1530; x_wconf 88' lang='lat' dir='ltr'>ut</span> <span class='ocrx_word' id='word_1_160' title='bbox 976 1485 1234 1530; x_wconf 87' lang='lat' dir='ltr'>Plutarchus</span> <span class='ocrx_word' id='word_1_161' title='bbox 1268 1486 1467 1543; x_wconf 89' lang='lat' dir='ltr'>discipuli</span> <span class='ocrx_word' id='word_1_162' title='bbox 1499 1487 1677 1530; x_wconf 91' lang='lat' dir='ltr'>medita-</span> 
     </span>
    </p>

    <p class='ocr_par' dir='ltr' id='par_1_4' title="bbox 0 1547 1678 2919">
     <span class='ocr_line' id='line_1_35' title="bbox 0 1547 1676 1616; baseline -0.002 -12"><span class='ocrx_word' id='word_1_163' title='bbox 0 1578 2 1582; x_wconf 49' lang='lat'><em>*</em></span> <span class='ocrx_word' id='word_1_164' title='bbox 39 1561 74 1575; x_wconf 53' lang='grc'><strong>”</strong></span> <span class='ocrx_word' id='word_1_165' title='bbox 125 1547 317 1604; x_wconf 69' lang='grc' dir='ltr'>ι801310</span> <span class='ocrx_word' id='word_1_166' title='bbox 356 1559 497 1603; x_wconf 87' lang='lat' dir='ltr'>obiter</span> <span class='ocrx_word' id='word_1_167' title='bbox 537 1558 836 1602; x_wconf 84' lang='lat' dir='ltr'>tantummodo</span> <span class='ocrx_word' id='word_1_168' title='bbox 876 1560 1114 1615; x_wconf 89' lang='lat' dir='ltr'>inspectam</span> <span class='ocrx_word' id='word_1_169' title='bbox 1159 1557 1254 1602; x_wconf 88' lang='lat' dir='ltr'>tali</span> <span class='ocrx_word' id='word_1_170' title='bbox 1273 1558 1445 1616; x_wconf 87' lang='lat' dir='ltr'>epilogo</span> <span class='ocrx_word' id='word_1_171' title='bbox 1479 1557 1676 1602; x_wconf 77' lang='lat' dir='ltr'>ornaret?</span> 
     </span>
     <span class='ocr_line' id='line_1_36' title="bbox 1 1619 1675 1708; baseline -0.001 -33"><span class='ocrx_word' id='word_1_172' title='bbox 1 1667 3 1670; x_wconf 89' lang='lat'><em>.</em></span> <span class='ocrx_word' id='word_1_173' title='bbox 55 1643 85 1679; x_wconf 57' lang='grc' dir='ltr'><em>ω</em></span> <span class='ocrx_word' id='word_1_174' title='bbox 121 1619 231 1708; x_wconf 79' lang='grc'><strong>0033</strong></span> <span class='ocrx_word' id='word_1_175' title='bbox 277 1634 343 1694; x_wconf 81' lang='lat' dir='ltr'>est</span> <span class='ocrx_word' id='word_1_176' title='bbox 388 1629 590 1674; x_wconf 83' lang='lat' dir='ltr'>credibile</span> <span class='ocrx_word' id='word_1_177' title='bbox 636 1632 919 1688; x_wconf 88' lang='lat' dir='ltr'>magistrum,</span> <span class='ocrx_word' id='word_1_178' title='bbox 968 1629 1120 1673; x_wconf 92' lang='lat' dir='ltr'>multis</span> <span class='ocrx_word' id='word_1_179' title='bbox 1166 1631 1382 1687; x_wconf 85' lang='lat' dir='ltr'>variisque</span> <span class='ocrx_word' id='word_1_180' title='bbox 1429 1630 1675 1674; x_wconf 89' lang='lat' dir='ltr'>districtum</span> 
     </span>
     <span class='ocr_line' id='line_1_37' title="bbox 143 1699 1677 1760; baseline -0.001 -13.968"><span class='ocrx_word' id='word_1_181' title='bbox 143 1703 280 1756; x_wconf 53' lang='lat' dir='ltr'>neiis,</span> <span class='ocrx_word' id='word_1_182' title='bbox 320 1699 522 1760; x_wconf 72' lang='lat' dir='ltr'>dmcipuli</span> <span class='ocrx_word' id='word_1_183' title='bbox 562 1701 758 1746; x_wconf 83' lang='lat' dir='ltr'>laudasse</span> <span class='ocrx_word' id='word_1_184' title='bbox 798 1702 1070 1754; x_wconf 87' lang='lat' dir='ltr'>industriam,</span> <span class='ocrx_word' id='word_1_185' title='bbox 1116 1704 1189 1759; x_wconf 94' lang='lat' dir='ltr'>qui</span> <span class='ocrx_word' id='word_1_186' title='bbox 1221 1702 1272 1744; x_wconf 90' lang='lat' dir='ltr'>de</span> <span class='ocrx_word' id='word_1_187' title='bbox 1302 1707 1560 1759; x_wconf 83' lang='lat' dir='ltr'>argumento</span> <span class='ocrx_word' id='word_1_188' title='bbox 1593 1703 1677 1746; x_wconf 90' lang='lat' dir='ltr'>sibi</span> 
     </span>
     <span class='ocr_line' id='line_1_38' title="bbox 129 1773 1675 1836; baseline -0.001 -17.964"><span class='ocrx_word' id='word_1_189' title='bbox 129 1775 296 1836; x_wconf 57' lang='grc'>(1103110</span> <span class='ocrx_word' id='word_1_190' title='bbox 324 1777 395 1818; x_wconf 78' lang='lat' dir='ltr'>tot</span> <span class='ocrx_word' id='word_1_191' title='bbox 422 1773 645 1836; x_wconf 84' lang='lat' dir='ltr'>implesset</span> <span class='ocrx_word' id='word_1_192' title='bbox 675 1775 870 1831; x_wconf 83' lang='lat' dir='ltr'>paginas,</span> <span class='ocrx_word' id='word_1_193' title='bbox 904 1773 976 1817; x_wconf 87' lang='lat' dir='ltr'>sed</span> <span class='ocrx_word' id='word_1_194' title='bbox 1009 1788 1108 1831; x_wconf 90' lang='lat' dir='ltr'>prae</span> <span class='ocrx_word' id='word_1_195' title='bbox 1134 1775 1268 1816; x_wconf 90' lang='lat' dir='ltr'>nimia</span> <span class='ocrx_word' id='word_1_196' title='bbox 1296 1773 1567 1817; x_wconf 86' lang='lat' dir='ltr'>festinatione</span> <span class='ocrx_word' id='word_1_197' title='bbox 1593 1789 1675 1818; x_wconf 91' lang='lat' dir='ltr'>non</span> 
     </span>
     <span class='ocr_line' id='line_1_39' title="bbox 0 1838 1676 1904; baseline -0.002 -13"><span class='ocrx_word' id='word_1_198' title='bbox 0 1840 1 1857; x_wconf 67' lang='lat'><em>³</em></span> <span class='ocrx_word' id='word_1_199' title='bbox 71 1838 242 1891; x_wconf 51' lang='grc' dir='ltr'>Ξ11ῖᾶ1333</span> <span class='ocrx_word' id='word_1_200' title='bbox 277 1853 407 1904; x_wconf 86' lang='lat' dir='ltr'>quam</span> <span class='ocrx_word' id='word_1_201' title='bbox 442 1845 586 1890; x_wconf 88' lang='lat' dir='ltr'>multa</span> <span class='ocrx_word' id='word_1_202' title='bbox 615 1859 747 1902; x_wconf 89' lang='lat' dir='ltr'>eaque</span> <span class='ocrx_word' id='word_1_203' title='bbox 777 1847 1036 1903; x_wconf 88' lang='lat' dir='ltr'>gravissima</span> <span class='ocrx_word' id='word_1_204' title='bbox 1063 1845 1125 1888; x_wconf 89' lang='lat' dir='ltr'>ibi</span> <span class='ocrx_word' id='word_1_205' title='bbox 1158 1845 1511 1898; x_wconf 88' lang='lat' dir='ltr'>desiderarentur,</span> <span class='ocrx_word' id='word_1_206' title='bbox 1545 1860 1676 1902; x_wconf 88' lang='lat' dir='ltr'>quam</span> 
     </span>
     <span class='ocr_line' id='line_1_40' title="bbox 16 1906 1676 1981; baseline -0.002 -17"><span class='ocrx_word' id='word_1_207' title='bbox 16 1906 18 1910; x_wconf 28' lang='grc' dir='ltr'>Ι</span> <span class='ocrx_word' id='word_1_208' title='bbox 53 1907 235 1981; x_wconf 43' lang='lat' dir='ltr'>&amp;lenae</span> <span class='ocrx_word' id='word_1_209' title='bbox 258 1921 401 1963; x_wconf 79' lang='lat' dir='ltr'>essent</span> <span class='ocrx_word' id='word_1_210' title='bbox 428 1915 719 1975; x_wconf 81' lang='lat' dir='ltr'>ineptiarum?</span> <span class='ocrx_word' id='word_1_211' title='bbox 750 1916 976 1960; x_wconf 84' lang='lat' dir='ltr'>Eiusmodi</span> <span class='ocrx_word' id='word_1_212' title='bbox 1008 1916 1171 1977; x_wconf 88' lang='lat' dir='ltr'>aliquid</span> <span class='ocrx_word' id='word_1_213' title='bbox 1201 1919 1245 1960; x_wconf 91' lang='lat' dir='ltr'>in</span> <span class='ocrx_word' id='word_1_214' title='bbox 1279 1919 1431 1974; x_wconf 87' lang='lat' dir='ltr'>quavis</span> <span class='ocrx_word' id='word_1_215' title='bbox 1464 1916 1607 1960; x_wconf 91' lang='lat' dir='ltr'>schola</span> <span class='ocrx_word' id='word_1_216' title='bbox 1634 1921 1676 1960; x_wconf 90' lang='lat' dir='ltr'>et</span> 
     </span>
     <span class='ocr_line' id='line_1_41' title="bbox 55 1986 1675 2087; baseline -0.002 -51"><span class='ocrx_word' id='word_1_217' title='bbox 55 1986 189 2058; x_wconf 61' lang='grc' dir='ltr'>81ῥῆ</span> <span class='ocrx_word' id='word_1_218' title='bbox 198 1990 323 2087; x_wconf 70' lang='lat' dir='ltr'>posse</span> <span class='ocrx_word' id='word_1_219' title='bbox 353 1993 397 2034; x_wconf 87' lang='lat' dir='ltr'>et</span> <span class='ocrx_word' id='word_1_220' title='bbox 415 2003 554 2049; x_wconf 85' lang='lat' dir='ltr'>saepe</span> <span class='ocrx_word' id='word_1_221' title='bbox 582 1989 746 2050; x_wconf 84' lang='lat' dir='ltr'>factum</span> <span class='ocrx_word' id='word_1_222' title='bbox 771 2003 862 2033; x_wconf 90' lang='lat' dir='ltr'>esse</span> <span class='ocrx_word' id='word_1_223' title='bbox 888 1990 1068 2032; x_wconf 90' lang='lat' dir='ltr'>minime</span> <span class='ocrx_word' id='word_1_224' title='bbox 1095 2003 1219 2047; x_wconf 87' lang='lat' dir='ltr'>nego,</span> <span class='ocrx_word' id='word_1_225' title='bbox 1248 1989 1321 2032; x_wconf 87' lang='lat' dir='ltr'>sed</span> <span class='ocrx_word' id='word_1_226' title='bbox 1346 1988 1415 2032; x_wconf 89' lang='lat' dir='ltr'>hic</span> <span class='ocrx_word' id='word_1_227' title='bbox 1443 1989 1675 2049; x_wconf 81' lang='lat' dir='ltr'>Plutarcho</span> 
     </span>
     <span class='ocr_line' id='line_1_42' title="bbox 157 2059 1675 2119; baseline -0.002 -13"><span class='ocrx_word' id='word_1_228' title='bbox 157 2068 161 2072; x_wconf 57' lang='lat'><strong><em>⁴</em></strong></span> <span class='ocrx_word' id='word_1_229' title='bbox 234 2060 391 2106; x_wconf 81' lang='lat' dir='ltr'>.illnd</span> <span class='ocrx_word' id='word_1_230' title='bbox 422 2077 500 2104; x_wconf 73' lang='lat' dir='ltr'>non</span> <span class='ocrx_word' id='word_1_231' title='bbox 523 2061 677 2116; x_wconf 74' lang='lat' dir='ltr'>potuit.</span> <span class='ocrx_word' id='word_1_232' title='bbox 710 2060 823 2114; x_wconf 78' lang='lat' dir='ltr'>Quid</span> <span class='ocrx_word' id='word_1_233' title='bbox 855 2059 1000 2104; x_wconf 82' lang='lat' dir='ltr'>enim?</span> <span class='ocrx_word' id='word_1_234' title='bbox 1032 2061 1240 2119; x_wconf 84' lang='lat' dir='ltr'>Quamvis</span> <span class='ocrx_word' id='word_1_235' title='bbox 1270 2061 1503 2114; x_wconf 87' lang='lat' dir='ltr'>festinaret,</span> <span class='ocrx_word' id='word_1_236' title='bbox 1531 2066 1675 2104; x_wconf 88' lang='lat' dir='ltr'>tamen</span> 
     </span>
     <span class='ocr_line' id='line_1_43' title="bbox 55 2093 1676 2196; baseline -0.003 -17"><span class='ocrx_word' id='word_1_237' title='bbox 55 2122 180 2183; x_wconf 50' lang='grc'>8011</span> <span class='ocrx_word' id='word_1_238' title='bbox 201 2093 305 2182; x_wconf 73' lang='lat' dir='ltr'>adeo</span> <span class='ocrx_word' id='word_1_239' title='bbox 341 2133 606 2177; x_wconf 86' lang='lat' dir='ltr'>caecutiebat</span> <span class='ocrx_word' id='word_1_240' title='bbox 637 2134 742 2196; x_wconf 84' lang='lat' dir='ltr'>quin</span> <span class='ocrx_word' id='word_1_241' title='bbox 772 2133 877 2194; x_wconf 86' lang='lat' dir='ltr'>ipsis</span> <span class='ocrx_word' id='word_1_242' title='bbox 910 2133 1051 2176; x_wconf 83' lang='lat' dir='ltr'>verbis</span> <span class='ocrx_word' id='word_1_243' title='bbox 1081 2134 1127 2175; x_wconf 88' lang='grc'>111</span> <span class='ocrx_word' id='word_1_244' title='bbox 1159 2134 1315 2189; x_wconf 89' lang='lat' dir='ltr'>quibus</span> <span class='ocrx_word' id='word_1_245' title='bbox 1346 2147 1464 2189; x_wconf 90' lang='lat' dir='ltr'>puer,</span> <span class='ocrx_word' id='word_1_246' title='bbox 1496 2134 1676 2175; x_wconf 87' lang='lat' dir='ltr'>iamiam</span> 
     </span>
     <span class='ocr_line' id='line_1_44' title="bbox 0 2190 1677 2267; baseline -0.002 -16"><span class='ocrx_word' id='word_1_247' title='bbox 0 2204 2 2206; x_wconf 61' lang='grc'>’</span> <span class='ocrx_word' id='word_1_248' title='bbox 58 2196 170 2251; x_wconf 58' lang='lat' dir='ltr'>eibi</span> <span class='ocrx_word' id='word_1_249' title='bbox 189 2190 442 2258; x_wconf 77' lang='lat' dir='ltr'>laudandus,</span> <span class='ocrx_word' id='word_1_250' title='bbox 474 2205 645 2267; x_wconf 85' lang='lat' dir='ltr'>fecisset</span> <span class='ocrx_word' id='word_1_251' title='bbox 676 2204 804 2248; x_wconf 89' lang='lat' dir='ltr'>finem</span> <span class='ocrx_word' id='word_1_252' title='bbox 837 2204 950 2249; x_wconf 92' lang='lat' dir='ltr'>oculi</span> <span class='ocrx_word' id='word_1_253' title='bbox 980 2206 1074 2248; x_wconf 88' lang='lat' dir='ltr'>eius</span> <span class='ocrx_word' id='word_1_254' title='bbox 1105 2205 1346 2262; x_wconf 86' lang='lat' dir='ltr'>ferirentur.</span> <span class='ocrx_word' id='word_1_255' title='bbox 1380 2205 1498 2258; x_wconf 79' lang='lat' dir='ltr'>Quae</span> <span class='ocrx_word' id='word_1_256' title='bbox 1530 2204 1677 2247; x_wconf 90' lang='lat' dir='ltr'>simul-</span> 
     </span>
     <span class='ocr_line' id='line_1_45' title="bbox 64 2252 1677 2339; baseline -0.004 -13.985"><span class='ocrx_word' id='word_1_257' title='bbox 64 2252 207 2339; x_wconf 49' lang='lat' dir='ltr'>aque</span> <span class='ocrx_word' id='word_1_258' title='bbox 247 2277 413 2336; x_wconf 77' lang='lat' dir='ltr'>aspexit</span> <span class='ocrx_word' id='word_1_259' title='bbox 454 2291 561 2334; x_wconf 90' lang='lat' dir='ltr'>quos</span> <span class='ocrx_word' id='word_1_260' title='bbox 603 2291 703 2320; x_wconf 91' lang='lat' dir='ltr'>eum</span> <span class='ocrx_word' id='word_1_261' title='bbox 748 2277 928 2321; x_wconf 89' lang='lat' dir='ltr'>edidisse</span> <span class='ocrx_word' id='word_1_262' title='bbox 971 2279 1084 2320; x_wconf 90' lang='lat' dir='ltr'>risus</span> <span class='ocrx_word' id='word_1_263' title='bbox 1126 2291 1373 2320; x_wconf 88' lang='lat' dir='ltr'>censeamus</span> <span class='ocrx_word' id='word_1_264' title='bbox 1416 2276 1487 2321; x_wconf 85' lang='lat' dir='ltr'>vel</span> <span class='ocrx_word' id='word_1_265' title='bbox 1519 2282 1677 2334; x_wconf 87' lang='lat' dir='ltr'>quanta</span> 
     </span>
     <span class='ocr_line' id='line_1_46' title="bbox 63 2347 1677 2407; baseline -0.002 -13.017"><span class='ocrx_word' id='word_1_266' title='bbox 63 2355 178 2396; x_wconf 86' lang='grc'>0010</span> <span class='ocrx_word' id='word_1_267' title='bbox 205 2348 501 2407; x_wconf 85' lang='lat' dir='ltr'>indignatione</span> <span class='ocrx_word' id='word_1_268' title='bbox 532 2352 675 2392; x_wconf 89' lang='lat' dir='ltr'>totum</span> <span class='ocrx_word' id='word_1_269' title='bbox 705 2349 907 2392; x_wconf 89' lang='lat' dir='ltr'>abiecisse</span> <span class='ocrx_word' id='word_1_270' title='bbox 938 2348 1137 2392; x_wconf 89' lang='lat' dir='ltr'>libellum</span> <span class='ocrx_word' id='word_1_271' title='bbox 1169 2363 1191 2392; x_wconf 92' lang='lat' dir='ltr'>e</span> <span class='ocrx_word' id='word_1_272' title='bbox 1223 2347 1451 2392; x_wconf 78' lang='lat' dir='ltr'>manibus?</span> <span class='ocrx_word' id='word_1_273' title='bbox 1484 2348 1677 2391; x_wconf 86' lang='lat' dir='ltr'>Disticha</span> 
     </span>
     <span class='ocr_line' id='line_1_47' title="bbox 63 2412 1678 2486; baseline -0.002 -19.968"><span class='ocrx_word' id='word_1_274' title='bbox 63 2421 192 2476; x_wconf 59' lang='lat' dir='ltr'>§nim</span> <span class='ocrx_word' id='word_1_275' title='bbox 223 2425 338 2474; x_wconf 86' lang='lat' dir='ltr'>sunt,</span> <span class='ocrx_word' id='word_1_276' title='bbox 370 2419 442 2464; x_wconf 87' lang='lat' dir='ltr'>sed</span> <span class='ocrx_word' id='word_1_277' title='bbox 474 2412 629 2477; x_wconf 86' lang='lat' dir='ltr'>qualia,</span> <span class='ocrx_word' id='word_1_278' title='bbox 664 2420 708 2463; x_wconf 88' lang='lat' dir='ltr'>di</span> <span class='ocrx_word' id='word_1_279' title='bbox 739 2419 865 2470; x_wconf 83' lang='lat' dir='ltr'>boni!</span> <span class='ocrx_word' id='word_1_280' title='bbox 895 2420 1155 2486; x_wconf 84' lang='lat' dir='ltr'>Exemplum</span> <span class='ocrx_word' id='word_1_281' title='bbox 1183 2420 1428 2478; x_wconf 84' lang='lat' dir='ltr'>legentibus</span> <span class='ocrx_word' id='word_1_282' title='bbox 1455 2422 1678 2477; x_wconf 88' lang='lat' dir='ltr'>proposuit</span> 
     </span>
     <span class='ocr_line' id='line_1_48' title="bbox 58 2490 1674 2553; baseline -0.001 -17"><span class='ocrx_word' id='word_1_283' title='bbox 58 2484 209 2553; x_wconf 63' lang='lat' dir='ltr'>¹jum·</span> <span class='ocrx_word' id='word_1_284' title='bbox 223 2495 369 2536; x_wconf 82' lang='lat' dir='ltr'>noster</span> <span class='ocrx_word' id='word_1_285' title='bbox 408 2490 653 2549; x_wconf 72' lang='lat' dir='ltr'>Eurydicen</span> <span class='ocrx_word' id='word_1_286' title='bbox 696 2491 922 2548; x_wconf 84' lang='lat' dir='ltr'>quandam,</span> <span class='ocrx_word' id='word_1_287' title='bbox 968 2493 1202 2544; x_wconf 88' lang='lat' dir='ltr'>barbaram,</span> <span class='ocrx_word' id='word_1_288' title='bbox 1244 2494 1290 2534; x_wconf 90' lang='lat' dir='ltr'>in</span> <span class='ocrx_word' id='word_1_289' title='bbox 1331 2491 1484 2549; x_wconf 84' lang='lat' dir='ltr'>Illyria</span> <span class='ocrx_word' id='word_1_290' title='bbox 1515 2496 1674 2542; x_wconf 88' lang='lat' dir='ltr'>natam,</span> 
     </span>
     <span class='ocr_line' id='line_1_49' title="bbox 58 2554 1676 2629; baseline -0.003 -20"><span class='ocrx_word' id='word_1_291' title='bbox 58 2554 187 2624; x_wconf 59' lang='lat' dir='ltr'>Quae</span> <span class='ocrx_word' id='word_1_292' title='bbox 223 2566 447 2623; x_wconf 82' lang='lat' dir='ltr'>provecta</span> <span class='ocrx_word' id='word_1_293' title='bbox 463 2564 552 2606; x_wconf 89' lang='lat' dir='ltr'>iam</span> <span class='ocrx_word' id='word_1_294' title='bbox 586 2566 723 2606; x_wconf 87' lang='lat' dir='ltr'>aetate</span> <span class='ocrx_word' id='word_1_295' title='bbox 756 2577 987 2629; x_wconf 82' lang='lat' dir='ltr'>puerorum</span> <span class='ocrx_word' id='word_1_296' title='bbox 1021 2578 1200 2607; x_wconf 90' lang='lat' dir='ltr'>suorum</span> <span class='ocrx_word' id='word_1_297' title='bbox 1233 2578 1359 2612; x_wconf 86' lang='lat' dir='ltr'>causa</span> <span class='ocrx_word' id='word_1_298' title='bbox 1390 2563 1537 2606; x_wconf 87' lang='lat' dir='ltr'>literas</span> <span class='ocrx_word' id='word_1_299' title='bbox 1569 2563 1676 2605; x_wconf 88' lang='lat' dir='ltr'>didi-</span> 
     </span>
     <span class='ocr_line' id='line_1_50' title="bbox 145 2634 1674 2694; baseline -0.001 -14.982"><span class='ocrx_word' id='word_1_300' title='bbox 145 2634 182 2679; x_wconf 76' lang='lat' dir='ltr'>&#39;t</span> <span class='ocrx_word' id='word_1_301' title='bbox 211 2634 633 2693; x_wconf 63' lang='lat' dir='ltr'>„quemadmoduuf&#39;</span> <span class='ocrx_word' id='word_1_302' title='bbox 663 2635 725 2678; x_wconf 87' lang='lat' dir='ltr'>ait</span> <span class='ocrx_word' id='word_1_303' title='bbox 753 2637 874 2692; x_wconf 81' lang='lat' dir='ltr'>„ipsa</span> <span class='ocrx_word' id='word_1_304' title='bbox 900 2640 1084 2682; x_wconf 86' lang='lat' dir='ltr'>testatur</span> <span class='ocrx_word' id='word_1_305' title='bbox 1110 2635 1189 2680; x_wconf 87' lang='lat' dir='ltr'>hoc</span> <span class='ocrx_word' id='word_1_306' title='bbox 1217 2637 1532 2694; x_wconf 82' lang='lat' dir='ltr'>epigrammate</span> <span class='ocrx_word' id='word_1_307' title='bbox 1561 2634 1674 2691; x_wconf 90' lang='lat' dir='ltr'>quod</span> 
     </span>
     <span class='ocr_line' id='line_1_51' title="bbox 63 2700 460 2752; baseline -0.006 0"><span class='ocrx_word' id='word_1_308' title='bbox 63 2716 109 2744; x_wconf 66' lang='lat'>⁸³</span> <span class='ocrx_word' id='word_1_309' title='bbox 126 2700 219 2752; x_wconf 82' lang='grc'><strong>0313</strong></span> <span class='ocrx_word' id='word_1_310' title='bbox 248 2705 460 2751; x_wconf 84' lang='lat' dir='ltr'>dicavit”:</span> 
     </span>
     <span class='ocr_line' id='line_1_52' title="bbox 271 2778 1186 2841; baseline 0 -19"><span class='ocrx_word' id='word_1_311' title='bbox 271 2831 275 2835; x_wconf 21' lang='grc' dir='ltr'>ι</span> <span class='ocrx_word' id='word_1_312' title='bbox 317 2778 515 2841; x_wconf 68' lang='grc' dir='ltr'>Εὐρυδίκη</span> <span class='ocrx_word' id='word_1_313' title='bbox 549 2779 845 2829; x_wconf 77' lang='grc' dir='ltr'>Ἱεραπολιῆτις</span> <span class='ocrx_word' id='word_1_314' title='bbox 879 2778 984 2822; x_wconf 81' lang='grc' dir='ltr'>τόνδ’</span> <span class='ocrx_word' id='word_1_315' title='bbox 1018 2779 1186 2829; x_wconf 71' lang='grc' dir='ltr'><strong><em>ἀνέθηκε</em></strong></span> 
     </span>
     <span class='ocr_line' id='line_1_53' title="bbox 58 2848 1273 2919; baseline 0.003 -28"><span class='ocrx_word' id='word_1_316' title='bbox 58 2877 108 2919; x_wconf 40' lang='lat' dir='ltr'>*h</span> <span class='ocrx_word' id='word_1_317' title='bbox 136 2887 167 2918; x_wconf 88' lang='lat'>.&#39;</span> <span class='ocrx_word' id='word_1_318' title='bbox 359 2852 567 2896; x_wconf 67' lang='grc' dir='ltr'><strong><em>Μούσαις</em></strong></span> <span class='ocrx_word' id='word_1_319' title='bbox 600 2848 758 2892; x_wconf 80' lang='grc' dir='ltr'><strong><em>εὔιστον</em></strong></span> <span class='ocrx_word' id='word_1_320' title='bbox 793 2853 914 2905; x_wconf 72' lang='grc' dir='ltr'><em>ψυχῇ</em></span> <span class='ocrx_word' id='word_1_321' title='bbox 949 2851 1098 2894; x_wconf 76' lang='grc' dir='ltr'>ἑλοῦσα</span> <span class='ocrx_word' id='word_1_322' title='bbox 1133 2852 1273 2900; x_wconf 61' lang='grc' dir='ltr'>πόθον,</span> 
     </span>
    </p>

    <p class='ocr_par' dir='ltr' id='par_1_5' title="bbox 51 2922 1448 3045">
     <span class='ocr_line' id='line_1_54' title="bbox 57 2922 1448 2983; baseline 0.002 -21"><span class='ocrx_word' id='word_1_323' title='bbox 57 2944 106 2983; x_wconf 33' lang='grc' dir='ltr'>ς,</span> <span class='ocrx_word' id='word_1_324' title='bbox 316 2922 561 2976; x_wconf 69' lang='grc' dir='ltr'>γράμματα</span> <span class='ocrx_word' id='word_1_325' title='bbox 594 2922 677 2973; x_wconf 75' lang='grc' dir='ltr'>γὰρ</span> <span class='ocrx_word' id='word_1_326' title='bbox 710 2928 894 2971; x_wconf 72' lang='grc' dir='ltr'>μνημεῖα</span> <span class='ocrx_word' id='word_1_327' title='bbox 929 2923 1063 2974; x_wconf 70' lang='grc' dir='ltr'><strong><em>λόγων</em></strong></span> <span class='ocrx_word' id='word_1_328' title='bbox 1094 2925 1228 2975; x_wconf 74' lang='grc' dir='ltr'>μήτηρ</span> <span class='ocrx_word' id='word_1_329' title='bbox 1260 2928 1448 2976; x_wconf 68' lang='grc' dir='ltr'>γεγαυῖα</span> 
     </span>
     <span class='ocr_line' id='line_1_55' title="bbox 124 2993 1187 3045; baseline 0 -8"><span class='ocrx_word' id='word_1_330' title='bbox 124 2999 125 3002; x_wconf 69' lang='grc'>’</span> <span class='ocrx_word' id='word_1_331' title='bbox 381 2993 535 3037; x_wconf 73' lang='grc' dir='ltr'><strong><em>παίδων</em></strong></span> <span class='ocrx_word' id='word_1_332' title='bbox 571 2993 761 3044; x_wconf 57' lang='grc' dir='ltr'><strong><em>ἡβώντων</em></strong></span> <span class='ocrx_word' id='word_1_333' title='bbox 794 2993 1010 3045; x_wconf 74' lang='grc' dir='ltr'><em>ἐξεπόνησε</em></span> <span class='ocrx_word' id='word_1_334' title='bbox 1028 2995 1187 3045; x_wconf 73' lang='grc' dir='ltr'><strong><em>μαθεῖν.</em></strong></span> 
     </span>
    </p>
   </div>
   <div class='ocr_carea' id='block_1_4' title="bbox 0 1361 141 1458">
    <p class='ocr_par' dir='ltr' id='par_1_6' title="bbox 0 1335 141 1458">
     <span class='ocr_line' id='line_1_56' title="bbox 0 1361 141 1458; baseline 0 -24"><span class='ocrx_word' id='word_1_335' title='bbox 0 1455 1 1458; x_wconf 9' lang='lat'>¹</span> <span class='ocrx_word' id='word_1_336' title='bbox 58 1361 141 1434; x_wconf 60' lang='grc'>1</span> 
     </span>
    </p>
   </div>
   <div class='ocr_carea' id='block_1_5' title="bbox 4 3324 68 3364">
    <p class='ocr_par' dir='ltr' id='par_1_7' title="bbox 4 3324 68 3364">
     <span class='ocr_line' id='line_1_57' title="bbox 4 3324 68 3364; baseline 0 8"><span class='ocrx_word' id='word_1_337' title='bbox 4 3324 68 3364; x_wconf 95' lang='lat' dir='ltr'> </span> 
     </span>
    </p>
   </div>
  </div>
 </body>
</html>
