2002 3372
861 238 948 283 227

167 361 305 406 4681}
345 366 390 406 et.
431 361 569 405 469A
609 365 651 404 et
695 360 846 404 multis
890 361 985 404 aliis
1017 361 1134 412 locis,
1169 375 1274 417 quos
1307 361 1483 418 posthac
1515 361 1702 404 indicare

106 433 402 492 supersedebo,
444 432 658 477 semicolis
699 434 787 475 suis
832 432 1052 476 molestias
1094 433 1215 476 nobis
1258 432 1459 476 exhibent
1497 433 1702 476 editores:

105 503 278 564 virgula
308 519 414 562 opus
445 508 510 548 est
540 508 638 548 ante
671 503 813 547 σκόπει
847 507 892 547 et
923 509 1020 547 ante
1053 506 1124 552 τὴν
1159 504 1200 547 δὲ
1233 504 1423 547 διάνοιαν.

99 681 107 689 ·
168 651 308 696 469D
349 652 437 707 περὶ
471 647 511 696 ἓν
543 651 795 705 ὀχληθέντας
828 651 877 694 L.
910 652 1000 705 περὶ
1035 650 1075 694 ἓν
1109 652 1420 706 ἔνοχληθέντας.

165 788 302 836 4700
343 789 498 835 Oitatis
538 790 734 833 versibus
776 789 821 833 οὔ
861 805 928 839 μοι
972 792 1028 832 τὰ
1072 789 1215 841 Γύγεω
1259 790 1344 834 κτὲ.
1388 790 1491 833 haec
1529 790 1703 833 subiicit

105 861 257 910 Θάσιος
300 862 384 914 γὰρ
428 859 473 910 ἦν
516 861 676 913 ἐκεῖνος,
719 874 826 918 quae
866 862 926 904 sic
961 862 1114 918 accipit
1146 861 1238 904 W.:
1275 861 1486 912 „dixeris:
1519 860 1701 905 Thasius

26 924 27 930 ἵ
100 933 177 977 ille
217 937 345 991 poeta
385 932 499 977 fuit’'
543 936 587 976 et
619 934 792 990 egregie
823 933 903 976 hoc
934 933 1211 990 sequentibus
1244 937 1395 990 aptum
1429 936 1506 976 est.
1539 932 1699 976 Tamen

94 1005 212 1053 mihi
256 1004 374 1050 istud
422 1004 574 1052 Θάσιος
623 1008 874 1062 corruptum
917 1004 1114 1049 videtur:
1158 1004 1209 1048 de
1253 1004 1377 1047 Pario
1419 1006 1534 1048 enim
1576 1008 1701 1062 poeta

101 1091 241 1122 sermo
273 1080 353 1121 est.

14 791 29 881 ξ

160 1213 299 1259 4701)
341 1213 519 1271 Sapiens
551 1226 675 1256 suam
705 1212 920 1270 praedicat
950 1211 1201 1256 felicitatem

159 1283 220 1328 ὅτι
254 1285 402 1336 μυρίων
435 1283 625 1337 μυριοίκις
659 1285 698 1327 ἐν
731 1284 936 1332 τοσούτοις
971 1283 1324 1335 εὐδαιμονέστερον
1356 1283 1419 1337 ζῇ.

157 1356 378 1402 Sententia
413 1357 649 1414 perspicua,
684 1355 757 1400 sed
788 1356 918 1399 verba
948 1355 1140 1413 aliquam
1174 1356 1434 1398 contraxisse
1465 1355 1605 1399 labem
1638 1358 1699 1399 vi-

97 1429 265 1474 dentur.
297 1428 427 1473 Recte
457 1427 618 1472 similia
647 1431 869 1485 ponuntur
901 1428 950 1470 de
979 1427 1174 1471 Frater-ne
1203 1442 1335 1470 amore
1365 1442 1407 1484 p.
1432 1426 1566 1472 4850
1598 1439 1698 1471 πολ-

95 1501 219 1550 λάκις
252 1505 416 1544 πολλῶν
447 1500 725 1543 ἀπολείπεται
760 1500 829 1542 καὶ
863 1499 1052 1552 μυριάκις
1087 1500 1250 1552 μυρίων.

159 1645 301 1693 4711)
342 1647 423 1691 οὐδ’
457 1644 512 1694 οἷς
545 1647 703 1696 δαίμων
732 1647 804 1690 οὐκ
838 1647 1090 1689 ἐναντιοῦται
1124 1646 1326 1701 μοχθηρός
1360 1647 1445 1690 κτὲ.

157 1719 352 1764 Primam
391 1733 541 1763 vocem
582 1717 783 1762 Naberus.
819 1717 955 1769 delet;
1000 1718 1164 1770 dubito,
1203 1732 1303 1761 nam
1337 1720 1546 1762 sententia
1592 1719 1695 1763 haec

95 1805 187 1836 esse
222 1791 417 1836 videtur:
460 1805 586 1847 neque
615 1789 770 1832 omnimo
802 1789 850 1832 hi
878 1788 1068 1832 infelices
1101 1793 1215 1842 sunt,
1249 1790 1406 1846 quibus
1437 1804 1520 1833 non
1552 1790 1697 1834 adver-

94 1867 217 1908 satur
244 1862 386 1908 malus
418 1861 576 1919 aliquis
607 1863 763 1919 genius
795 1860 868 1904 sed
899 1875 976 1904 sua
1007 1862 1201 1917 ipsorum
1235 1860 1435 1904 stultitia.

157 1999 294 2046 4740
335 2000 454 2044 ἀλλὰ
497 1999 567 2042 καὶ
611 2002 788 2046 πλοῦτος
831 1998 1041 2051 εὐφραίνει
1074 1998 1143 2041 καὶ
1179 1997 1279 2048 δόξα.
1313 1998 1382 2041 1:oe)
1417 1997 1590 2051 δύναμις
1622 1999 1692 2042 καὶ

22 2094 23 2099 ’
95 2074 208 2128 ἀρχὴ
240 2072 350 2130 [καὶ]
380 2072 574 2124 μάλιστα
605 2070 698 2119 τοὺς
731 2070 882 2122 ἥκιστα
915 2071 1120 2113 τάναντία
1151 2070 1426 2123 ταρβοῦντας.

156 2145 262 2191 Voci
289 2144 482 2188 inclusae
511 2142 659 2187 nullus
689 2142 760 2186 hic
789 2140 922 2185 locus.
958 2150 962 2154 ·

22 2351 23 2354 ¹
92 2332 95 2333 γ
156 2291 296 2338 4¹75A
337 2291 556 2335 Praeclare
587 2291 657 2334 hic
685 2290 861 2334 docetur
885 2294 928 2334 et
955 2291 1190 2347 aptissimis
1214 2289 1458 2333 illustratur
1485 2290 1693 2348 exemplis

18 2405 22 2412 .
95 2364 212 2409 haud
257 2377 348 2408 esse
389 2362 559 2407 difficile
599 2364 646 2405 in
689 2361 803 2406 malo
845 2361 957 2419 quod
995 2363 1306 2419 exspectaveris
1338 2361 1558 2418 placidum
1589 2376 1693 2414 esse,

21 2438 24 2442 ’
95 2435 171 2481 sed
196 2434 503 2480 difficillimum
529 2435 611 2477 sibi
636 2435 682 2477 in
707 2435 998 2490 inexspectato
1026 2432 1167 2477 dolore
1193 2435 1416 2491 imperare.
1449 2433 1530 2477 Sed
1556 2448 1693 2477 unum

37 2498 39 2501 ¹
95 2506 341 2565 exemplum
375 2507 531 2550 misere
562 2508 627 2549 est
657 2508 932 2562 corruptum:

155 2578 174 2622 ὃ
208 2579 284 2629 μὶν
316 2579 400 2630 γὰρ
433 2576 657 2623 Ὀδυσσεὺς
693 2579 764 2618 τοῦ
798 2577 873 2625 μὲν
906 2575 1019 2623 κυνὸς
1055 2575 1238 2623 θανόντος
1274 2575 1529 2628 ἐξεδάκρυσε.

154 2649 252 2695 Non
293 2649 399 2693 adeo
441 2649 525 2692 fuit
567 2652 610 2690 et
648 2649 692 2690 in
735 2647 926 2690 Homero
969 2650 1013 2690 et
1043 2648 1087 2689 in
1122 2645 1284 2691 Graeco
1316 2661 1510 2691 sermone
1541 2647 1694 2704 hospes

91 2721 352 2766 Plutarchus
393 2723 444 2763 ut
485 2720 565 2763 hoc
607 2719 788 2762 scribere
827 2723 981 2775 posset.
1025 2718 1130 2772 Quis
1163 2720 1277 2762 enim
1311 2717 1471 2762 Graece
1501 2733 1694 2776 unquam

94 2794 276 2844 θνήσκειν
318 2806 395 2850 pro
437 2791 704 2840 ἀποθνήσκειν
744 2791 789 2833 in
832 2790 1017 2847 pedestri
1058 2791 1228 2847 scripsit
1273 2789 1490 2834 oratione?
1530 2791 1694 2835 Deinde

19 2880 21 2882 ·
90 2866 242 2922 utique
283 2864 572 2920 requireretur
614 2863 946 2913 ἀποθνήσκοντος,
980 2875 1077 2904 nam
1111 2876 1194 2904 non
1226 2867 1425 2905 mortuus
1457 2865 1548 2906 erat
1579 2864 1695 2906 canis

15 2974 18 2979 .
89 2935 166 2980 sed
205 2949 255 2980 eo
302 2938 493 2992 tempore
535 2933 810 2976 moriebatur.
853 2932 911 2975 Et
940 2947 994 2976 ne
1024 2931 1134 2975 illud
1169 2933 1343 2990 quidem
1376 2948 1530 2977 verum
1561 2937 1692 2978 esset:

97 3007 359 3052 moriebatur
404 3006 519 3049 canis
566 3018 663 3048 cum
715 3008 811 3061 post
859 3003 1122 3061 colloquium
1169 3019 1269 3048 cum
1317 3004 1508 3050 Eumaeo
1555 3021 1599 3050 se
1641 3007 1694 3050 ab
