2002 3372
895 239 984 282 289

138 361 360 406 Hactenus
400 361 497 406 luce
539 361 720 405 clariora
763 362 920 412 omnia,
963 361 1035 404 sed
1077 361 1295 404 adduntur
1326 362 1430 405 haec
1465 362 1534 403 καὶ
1570 377 1741 414 παρορα-

139 433 284 485 μάτων
316 433 356 475 ἐν
387 437 473 481 τοῖς
506 434 740 484 καθήκουσι,
767 446 874 490 quae
901 433 1114 489 quomodo
1142 433 1491 490 praecedentibus
1517 435 1741 475 annectam

137 518 223 548 non
249 504 388 549 video.
421 504 506 558 Qui
531 505 648 558 euim
678 505 852 548 vocibus
880 505 932 545 τὰ
964 506 1208 556 καθήκοντα,
1235 506 1298 547 ita
1324 507 1374 546 ut
1390 503 1741 560 praecedentibus

137 575 233 628 βίος
273 580 318 620 et
358 578 495 628 ψυχή,
539 576 648 618 locus
679 575 852 633 quidam
886 575 1064 619 indicari
1098 579 1251 632 potest,
1283 577 1328 618 in
1361 590 1444 633 quo
1478 576 1586 619 vitia
1619 589 1742 632 quae-

138 646 237 691 dam
267 645 460 691 iaceant?
491 647 556 690 An
591 649 651 690 sic
682 647 768 690 fere
801 649 886 690 ista
919 647 958 689 ἐν
991 653 1072 692 τοῖς
1102 648 1319 695 καθήκουσι
1347 651 1448 690 sunt
1474 646 1739 703 accipienda:

139 719 213 771 „in
256 721 333 762 tua
373 717 426 761 de
466 718 616 762 officiis
659 720 746 761 tuis
791 716 1036 772 opinione''?
1080 718 1191 761 Nam
1233 720 1278 760 in
1320 732 1369 762 ea
1400 718 1530 760 iacere
1563 722 1741 775 possunt

137 789 436 843 παροροέματα,
479 791 516 833 si
558 791 653 847 quis
685 803 793 847 quae
825 789 939 846 apud
971 788 1276 846 philosophum
1309 789 1540 844 (Stoicum)
1572 789 1741 833 audivit

135 874 291 919 parum
320 859 549 904 intellexit.

198 1006 338 1051 5151ss
378 1006 481 1051 οὕτω
523 1023 583 1050 σοι
626 1008 683 1050 τοὶ
715 1009 790 1058 μέν
823 1009 932 1050 ἐστιν
963 1008 1046 1050 οὶπὸ
1080 1006 1229 1060 Φθόνου
1262 1008 1375 1050 κακοὶ
1408 1009 1580 1059 κείμενα
1614 1008 1669 1050 τοὶ
1705 1007 1738 1050 δ’

135 1079 221 1123 ἀπὸ
253 1078 507 1134 ζηλοτυπίας
542 1112 552 1123 .
573 1110 582 1122 .
603 1112 613 1122 .
634 1112 643 1123 .

196 1149 285 1194 Ista
324 1149 409 1193 ἀπό
450 1151 510 1193 sic
539 1151 749 1208 interpres
780 1151 958 1207 accipit:
1002 1164 1138 1207 „quae
1174 1152 1223 1192 ab
1259 1150 1550 1207 invidia,quae
1585 1151 1633 1192 ab
1667 1151 1739 1193 ob-

135 1222 385 1265 trectatione
410 1220 776 1278 proficiscantur”.
809 1222 968 1264 Parum
1003 1225 1211 1273 accurate,
1245 1226 1294 1264 ut
1325 1223 1488 1278 opinor,
1522 1226 1565 1265 et
1595 1223 1657 1264 ita
1691 1227 1740 1264 ut

134 1291 256 1336 nullo
297 1293 426 1336 modo
457 1293 711 1337 cohaereant
743 1307 842 1336 cnm
873 1295 928 1336 iis
959 1307 1068 1350 quae
1100 1295 1294 1350 proxime
1327 1293 1607 1350 praecedunt:
1645 1308 1739 1344 „oe-

135 1365 381 1408 conomicus
413 1363 749 1421 Xenophonteus
781 1364 865 1408 alia
895 1366 1182 1407 instrumenta
1213 1366 1256 1407 in
1289 1364 1372 1408 alio
1404 1366 1572 1422 reponit
1602 1364 1737 1408 loco'’.

134 1434 389 1494 Significant
430 1449 556 1494 ergo:
603 1450 683 1488 „ex
725 1439 846 1493 parte
889 1440 950 1490 (et
992 1441 1214 1493 tamquam
1256 1438 1301 1479 in
1333 1435 1504 1489 loculis)
1535 1436 1736 1487 invidiae,

134 1507 456 1552 obtrectationis
487 1507 614 1551 cet.''.

197 1649 334 1694 516ss
375 1649 608 1694 Barbaram
640 1650 711 1693 hic
740 1650 870 1694 habes
901 1651 1086 1694 formam
1120 1650 1376 1703 ἐπανήρχετο
1410 1665 1486 1707 pro
1519 1652 1700 1707 ἐπανῄει.

197 1795 336 1840 5161)
369 1794 545 1841 Gallina
576 1810 700 1853 saepe
730 1797 850 1856 cibis,
884 1798 960 1853 qui
991 1798 1037 1839 in
1068 1796 1243 1840 aedibus
1275 1798 1428 1848 iacent,
1457 1796 1666 1855 neglectis
1693 1800 1737 1840 in

134 1867 294 1929 angulo
323 1867 469 1925 aliquo
501 1871 742 1911 scrutatur:

196 1937 290 1982 ἔνθα
321 1939 375 1990 γέ
406 1955 484 1981 που
516 1938 748 1992 διαφαίνεθ’
782 1937 852 1982 ἅτ’
885 1940 923 1981 ἐν
959 1940 1099 1993 κοπρίῃ
1129 1941 1209 1989 μία
1243 1940 1367 1990 κριθή.

193 2009 317 2054 Istud
349 2008 428 2053 οἵτε
460 2025 543 2054 non
574 2024 803 2067 concoquo.
836 2009 1002 2068 Ecquid
1036 2010 1266 2063 διεφαίνετ’
1298 2008 1375 2052 dv?

197 2147 335 2191 516132
379 2147 436 2191 Et
467 2146 572 2191 olim
604 2150 648 2190 et
679 2161 792 2190 nunc
825 2148 991 2198 visitor,
1023 2148 1274 2203 priusquam
1306 2148 1492 2190 introeat
1522 2148 1567 2188 in
1600 2147 1738 2198 aedes,

135 2219 280 2263 adesse
310 2233 355 2264 se
384 2218 620 2277 significat:

196 2289 261 2334 ἵνα
292 2292 353 2342 μὴ
385 2292 458 2340 τὴν
489 2289 789 2333 οἰκοδέσποιναν
823 2290 861 2330 ἔν
895 2288 1008 2341 μέσῳ
1041 2289 1274 2340 καταλάβῃ
1309 2288 1331 2338 ἢ
1365 2289 1438 2336 τὴν
1471 2287 1675 2341 παρθένον.

196 2361 332 2406 Verba
374 2363 415 2405 ἑν
457 2360 568 2413 μέσῳ
610 2374 700 2404 rem
745 2374 853 2417 quae
895 2361 1131 2417 requiritur
1169 2374 1322 2416 parum
1365 2359 1523 2402 diserte
1564 2360 1737 2403 indicat.

135 2432 477 2491 significandum
524 2437 588 2476 est
634 2447 734 2487 opus
780 2430 952 2489 aliquod
995 2433 1040 2474 in
1082 2446 1166 2488 quo
1208 2446 1253 2474 se
1295 2430 1553 2487 deprehendi
1585 2431 1739 2487 pudica

135 2504 247 2548 nolit
289 2503 458 2548 mulier.
501 2503 616 2547 Tum
657 2505 773 2547 enim
815 2503 991 2547 demum
1034 2507 1148 2547 recte
1191 2503 1365 2546 additur
1406 2503 1429 2552 ἢ
1465 2502 1739 2556 κολαζόμενον

135 2576 293 2624 οἰκέτην
335 2575 358 2626 ἢ
402 2574 654 2628 κεκραγυίας
699 2576 778 2622 τὰς
821 2575 1126 2626 θεραπαινίδας.
1172 2574 1393 2618 Excidisse
1427 2577 1522 2630 post
1556 2574 1594 2616 ἐν
1627 2574 1738 2626 μέσῳ

135 2645 299 2704 aliquid
330 2647 495 2704 opinor.

198 2780 334 2826 517ss
387 2781 426 2825 εἴ
465 2797 526 2828 τις
569 2782 756 2824 α’κονίτου
795 2782 958 2832 γεύοιτο
1001 2780 1360 2833 πολυπραγμονῶν
1404 2783 1476 2830 τὴν
1520 2780 1736 2833 ποιότητα,

137 2852 289 2906 Φθιέσει
322 2857 398 2901 τῆς
429 2853 650 2902 αἰσθήσεως
685 2853 914 2905 προανελὼν
948 2852 1015 2894 τὸν
1047 2852 1425 2904 προαισθάνομενον.

196 2923 560 2981 Frequentissimo
601 2922 677 2966 illo
718 2925 762 2966 in
804 2923 1029 2967 Plutarchi
1069 2927 1189 2967 textu
1221 2925 1328 2967 vitio
1359 2922 1596 2967 secundum
1628 2922 1738 2965 illud

137 3010 212 3048 προ
250 3008 274 3038 e
316 2994 584 3052 praecedenti
616 2994 743 3038 verbo
774 2996 1013 3052 composito
1044 2998 1195 3038 natum
1227 2999 1304 3038 est.
1345 2994 1463 3046 Dele,
1496 2998 1539 3037 et
1569 2995 1739 3050 aptissi-

1498 3074 1540 3106 19
