2002 3372
852 291 941 335 403

94 430 99 457 τ
162 415 301 460 642A
340 416 360 460 ὖ
391 416 434 460 δὶ
465 415 604 469 turim
637 416 749 467 ἡμῶν
780 413 932 465 ἥκιστα
964 415 1052 468 περὶ
1081 415 1159 463 τὰς
1185 414 1397 468 ἰσηγορΙας
1423 414 1694 469 αὐτοσχέδιος

100 487 152 531 ὥν
184 519 195 532 .
215 518 226 532 .
245 520 256 532 .
276 519 302 532 ..

116 561 118 564 ’
158 559 245 604 Pro
275 559 502 613 ἰσηγορίας,
544 558 660 615 quod
690 562 734 602 et
766 557 834 602 W.
867 561 1118 615 corruptum
1150 558 1343 615 putabat,
1375 558 1519 602 Herw.
1553 574 1698 613 προση-

101 630 259 684 γορίας,
289 630 398 675 Nab.
429 629 725 684 ἱπποτροφίας.
758 630 1007 687 Speciosum
1041 630 1123 675 hoc.
1154 630 1226 674 sed
1254 634 1399 674 tamen
1425 630 1555 682 haud,
1582 645 1626 676 u.
1644 645 1697 682 0.,

101 716 254 748 verum
290 716 390 746 nam
422 703 544 760 equis
575 701 803 747 educandis
835 705 1003 759 patrem
1035 716 1124 745 esse
1156 701 1416 745 delectatum
1447 704 1596 746 statim
1629 702 1699 746 ad-

93 773 167 818 dit
196 772 263 818 Pl.
295 772 430 818 Unice
456 762 610 818 rerum
637 773 812 818 videtur
838 772 951 830 quod
977 775 1178 830 proponit
1205 773 1254 816 B.
1281 774 1473 827 ἱστορίας.
1506 773 1698 817 Prudens

95 852 229 890 senex
260 843 432 890 nolebat
463 846 730 890 comminisci
762 843 926 901 aliquid
959 844 1009 888 de
1041 845 1167 888 rebus
1200 859 1304 902 quas
1335 859 1418 889 usu
1449 859 1699 903 cognoscere

102 920 282 976 poterat.

161 987 416 1033 Rectissime
449 1002 550 1033 vero
583 988 778 1032 Naberus
809 987 865 1031 τὰ
899 987 1220 1038 λινόληπτα
1253 992 1330 1032 τῶν
1361 988 1497 1043 θηρίων
1530 1002 1606 1046 pro
1639 999 1700 1033 λι-

102 1059 331 1112 νόιτληκτα.

165 1197 303 1242 6421)
344 1197 504 1248 ταύτην
546 1198 588 1241 δὲ
631 1203 717 1246 τοῖς
760 1198 872 1251 ἐρίοις
915 1199 988 1248 τὴν
1029 1195 1204 1249 δύναμιν
1245 1201 1319 1251 (sc.
1353 1197 1574 1255 pediculos
1604 1212 1700 1255 pro-

102 1269 291 1325 creandi)
332 1269 605 1322 ἐγγίγνεσθαι
650 1270 746 1323 πρὸς
790 1270 836 1312 τὸ
878 1272 950 1313 τοῦ
991 1267 1116 1313 λύκου
1159 1269 1307 1322 δῆγμα
1350 1270 1419 1312 καὶ
1453 1269 1500 1312 τὸ
1532 1272 1700 1321 πνεῦμα

102 1341 580 1395 μεταβάλλοντος
612 1340 742 1396 ἄχρι
774 1346 872 1385 τῶν
903 1345 1105 1395 τριχῶν
1136 1345 1208 1385 τοῦ
1241 1342 1534 1396 σφαττομένου
1562 1342 1703 1386 aiebat

90 1412 360 1458 Patroclon.

164 1485 442 1530 Doehnerus:
475 1485 757 1538 μεταβάλλον
789 1485 845 1528 τὰ
879 1483 981 1539 άχρι
1012 1489 1092 1528 τῶν
1121 1489 1285 1540 τριχῶν.
1317 1485 1447 1530 Recte
1477 1485 1703 1538 μεταβάλ-

103 1567 188 1611 λον,
215 1557 289 1602 sed
314 1557 434 1602 istud
460 1556 517 1601 τά
545 1556 780 1615 quorsum?
807 1557 920 1601 Tum
946 1572 1023 1616 pro
1050 1561 1120 1602 τοῦ
1149 1557 1444 1609 σφαττομένου
1469 1557 1702 1615 legendum

102 1627 491 1684 τοῦσπαραγμένον,
523 1632 567 1673 et
597 1628 659 1682 τό,
693 1629 806 1686 quod
838 1633 937 1672 ante
969 1632 1136 1681 πνεῦμα
1167 1629 1344 1687 leg-itur,
1377 1628 1619 1674 delendum.

167 1777 304 1822 642E
344 1773 405 1822 ὅτι
436 1777 472 1822 δ’
503 1777 548 1821 αἱ
581 1777 696 1821 κατὰ
726 1777 804 1826 τὰς
832 1778 1013 1831 σφαγὰς
1042 1777 1110 1821 καὶ
1140 1777 1236 1826 τοὺς
1264 1777 1463 1826 θανάτους
1490 1781 1568 1821 τῶν
1595 1775 1703 1831 ζῴων

104 1848 346 1907 μεταβολαὶ
389 1848 517 1907 μέχρι
558 1847 771 1902 δερμάτων
816 1849 885 1892 καὶ
926 1853 1077 1904 τριχῶν
1116 1849 1186 1892 καὶ
1229 1849 1386 1904 ὀνύχων
1424 1849 1702 1903 διατείνουσιν,

105 1915 335 1974 άτοδῆλοῦν
367 1919 477 1965 εἴωθε
509 1921 566 1975 τῷ
596 1921 738 1973 λέγειν
768 1921 839 1964 καὶ
870 1919 1053 1975 Ὅμηρος
1084 1921 1150 1964 ἐπὶ
1179 1925 1257 1964 τῶν
1285 1919 1498 1974 δερμάτων
1527 1921 1597 1965 καὶ
1627 1925 1704 1965 τῶν

105 1992 290 2046 ἱμάντων
322 1988 383 2036 ὅτι
414 1991 543 2047 φησὶν
574 1992 675 2044 ἱμάς
713 1993 837 2044 ,βοὸς
871 1988 936 2047 ἶφι
971 1991 1232 2043 κταμένοιο”.

165 2062 403 2110 Deleantur
433 2061 495 2109 ὅτι
528 2063 656 2119 φησὶν
687 2063 806 2117 ἱμάς,
839 2068 883 2108 et
912 2079 989 2122 pro
1017 2064 1202 2119 Ὅμηρος
1236 2064 1409 2123 legatur
1435 2062 1622 2117 Ὅμηρον
1655 2069 1706 2108 ut

26 2171 30 2174 .
105 2135 211 2181 haec
249 2133 394 2180 evadit
434 2138 667 2180 sententia:
717 2135 1036 2188 „demonstrare
1076 2135 1121 2180 id
1162 2151 1211 2180 eo
1254 2135 1420 2181 solebat
1461 2136 1706 2181 Patrocleas

106 2205 222 2268 qnod
252 2210 296 2252 et
314 2203 545 2252 'Homerus
578 2207 737 2252 diceret
771 2222 808 2252 e.
826 2222 866 2266 q.
884 2207 965 2253 s.”.

169 2353 306 2399 643A
344 2354 483 2400 Prave
529 2359 626 2412 post
666 2354 814 2404 ἄλλοις
857 2354 1087 2400 semicolon
1129 2358 1272 2414 posuit
1315 2357 1364 2400 B.
1407 2371 1484 2415 pro
1516 2356 1704 2416 virgula,

107 2441 238 2484 quam
264 2426 331 2470 W.
357 2427 499 2470 habet.
526 2426 598 2470 Sic
624 2428 740 2471 enim
767 2428 953 2472 decurrit
975 2430 1183 2472 sententia
1199 2428 1275 2472 τίν’
1293 2426 1382 2481 ἔχει
1401 2428 1602 2482 διαφορὰν
1620 2462 1629 2472 .
1645 2461 1654 2472 .
1671 2460 1705 2472 ..

107 2498 168 2551 μὴ
208 2494 466 2552 προσέχοντα
508 2502 595 2546 τοῖς
638 2497 800 2551 ἄλλοις,
845 2498 868 2550 ἢ
901 2499 1008 2543 τοῦθ’
1041 2497 1136 2552 ὅπερ
1170 2503 1236 2543 νῦν
1267 2500 1492 2554 γίγνεται;
1524 2500 1581 2543 Et
1613 2505 1707 2557 post

83 2568 310 2624 ’διαφοράν
341 2568 435 2614 dele
467 2569 490 2620 ἦ
523 2584 623 2613 cum
655 2570 844 2615 Reiskio.

172 2696 310 2750 6431)
350 2706 528 2764 Oportet
569 2706 641 2755 τὴν
674 2710 752 2749 τῶν
785 2711 975 2750 παλαιῶν
1008 2707 1320 2762 Φιλανθρωπίαν
1353 2708 1500 2763 ζηλοῦν
1533 2741 1543 2752 .
1565 2741 1574 2751 .
1594 2741 1604 2752 .
1626 2742 1634 2752 .
1668 2709 1708 2751 ἕν

109 2785 211 2833 τιμῇ
244 2775 490 2831 τιθεμένους.

169 2849 309 2894 Immo
335 2848 551 2901 τιθεμένων
579 2848 692 2906 quod
719 2853 763 2892 et
788 2850 980 2906 postulat
1005 2854 1229 2894 contextus
1257 2855 1298 2894 et
1324 2850 1463 2894 reddit
1485 2853 1706 2909 interpres

89 3029 93 3033 .
151 3030 154 3035 .
173 2995 262 3039 644
274 2995 311 3038 B
339 2997 554 3049 τεκμήριον
572 2995 615 3039 δὲ
631 2998 702 3039 τοῦ
720 2995 848 3047 λόγου
866 2996 935 3039 καὶ
953 3000 1022 3040 νῦν
1039 2996 1099 3040 ἔτι
1111 2997 1190 3046 τὰς
1209 2997 1348 3045 θυσίας
1368 3029 1378 3041 .
1394 3030 1405 3042 .
1419 3030 1429 3042 .
1444 3031 1454 3042 .
1472 2999 1706 3051 γίγνεσθαι.

171 3067 312 3111 Insere
343 3067 393 3111 τό
424 3071 522 3125 post
552 3067 694 3120 λόγου.
