<?xml version="1.0" encoding="UTF-8"?>
<!DOCTYPE html PUBLIC "-//W3C//DTD XHTML 1.0 Transitional//EN"
    "http://www.w3.org/TR/xhtml1/DTD/xhtml1-transitional.dtd">
<html xmlns="http://www.w3.org/1999/xhtml" xml:lang="en" lang="en">
 <head>
  <title>
</title>
<meta http-equiv="Content-Type" content="text/html;charset=utf-8" />
  <meta name='ocr-system' content='tesseract 3.04.00' />
  <meta name='ocr-capabilities' content='ocr_page ocr_carea ocr_par ocr_line ocrx_word'/>
</head>
<body>
  <div class='ocr_page' id='page_1' title='image "./deplutarchoscrip00hartuoft_0490.png"; bbox 0 0 2002 3372; ppageno 0'>
   <div class='ocr_carea' id='block_1_1' title="bbox 1125 282 1213 327">
    <p class='ocr_par' dir='ltr' id='par_1_1' title="bbox 1125 282 1213 327">
     <span class='ocr_line' id='line_1_1' title="bbox 1125 282 1213 327; baseline 0.023 -2"><span class='ocrx_word' id='word_1_1' title='bbox 1125 282 1213 327; x_wconf 85' lang='lat'>474</span> 
     </span>
    </p>
   </div>
   <div class='ocr_carea' id='block_1_2' title="bbox 379 403 1958 2442">
    <p class='ocr_par' dir='ltr' id='par_1_2' title="bbox 379 403 1955 812">
     <span class='ocr_line' id='line_1_2' title="bbox 384 403 1955 462; baseline 0.001 -14"><span class='ocrx_word' id='word_1_2' title='bbox 384 406 530 448; x_wconf 89' lang='lat' dir='ltr'>docere</span> <span class='ocrx_word' id='word_1_3' title='bbox 560 419 695 461; x_wconf 88' lang='lat' dir='ltr'>neque</span> <span class='ocrx_word' id='word_1_4' title='bbox 726 418 871 447; x_wconf 88' lang='lat' dir='ltr'>ornare</span> <span class='ocrx_word' id='word_1_5' title='bbox 899 403 1065 454; x_wconf 86' lang='lat' dir='ltr'>inculti,</span> <span class='ocrx_word' id='word_1_6' title='bbox 1100 417 1233 460; x_wconf 87' lang='lat' dir='ltr'>neque</span> <span class='ocrx_word' id='word_1_7' title='bbox 1265 404 1484 461; x_wconf 81' lang='lat' dir='ltr'>disponere</span> <span class='ocrx_word' id='word_1_8' title='bbox 1515 406 1610 447; x_wconf 81' lang='lat' dir='ltr'>eius</span> <span class='ocrx_word' id='word_1_9' title='bbox 1636 406 1832 462; x_wconf 61' lang='lat' dir='ltr'>‹11:112in</span> <span class='ocrx_word' id='word_1_10' title='bbox 1861 405 1955 449; x_wconf 74' lang='grc'>11000</span> 
     </span>
     <span class='ocr_line' id='line_1_3' title="bbox 383 474 1954 532; baseline 0 -14"><span class='ocrx_word' id='word_1_11' title='bbox 383 476 506 526; x_wconf 80' lang='lat' dir='ltr'><strong>cedit,</strong></span> <span class='ocrx_word' id='word_1_12' title='bbox 549 489 683 531; x_wconf 89' lang='lat' dir='ltr'>neque</span> <span class='ocrx_word' id='word_1_13' title='bbox 724 476 933 530; x_wconf 89' lang='lat' dir='ltr'>imperare</span> <span class='ocrx_word' id='word_1_14' title='bbox 964 484 1109 529; x_wconf 82' lang='lat' dir='ltr'>parere</span> <span class='ocrx_word' id='word_1_15' title='bbox 1139 476 1376 518; x_wconf 86' lang='lat' dir='ltr'>nescientis.</span> <span class='ocrx_word' id='word_1_16' title='bbox 1410 474 1531 527; x_wconf 80' lang='lat' dir='ltr'>Quod</span> <span class='ocrx_word' id='word_1_17' title='bbox 1561 474 1752 532; x_wconf 75' lang='lat' dir='ltr'>plerique</span> <span class='ocrx_word' id='word_1_18' title='bbox 1770 477 1954 521; x_wconf 56' lang='lat' dir='ltr'>,mda-</span> 
     </span>
     <span class='ocr_line' id='line_1_4' title="bbox 381 544 1955 603; baseline 0.001 -16"><span class='ocrx_word' id='word_1_19' title='bbox 381 544 625 601; x_wconf 81' lang='lat' dir='ltr'>telligentes</span> <span class='ocrx_word' id='word_1_20' title='bbox 655 546 762 587; x_wconf 89' lang='lat' dir='ltr'>hanc</span> <span class='ocrx_word' id='word_1_21' title='bbox 793 557 884 586; x_wconf 90' lang='lat' dir='ltr'>esse</span> <span class='ocrx_word' id='word_1_22' title='bbox 914 557 1133 587; x_wconf 81' lang='lat' dir='ltr'>summam</span> <span class='ocrx_word' id='word_1_23' title='bbox 1161 548 1314 601; x_wconf 82' lang='lat' dir='ltr'>putant</span> <span class='ocrx_word' id='word_1_24' title='bbox 1344 547 1531 602; x_wconf 83' lang='lat' dir='ltr'>regentis</span> <span class='ocrx_word' id='word_1_25' title='bbox 1552 545 1811 590; x_wconf 73' lang='lat' dir='ltr'>felicitatem</span> <span class='ocrx_word' id='word_1_26' title='bbox 1825 546 1955 603; x_wconf 35' lang='lat' dir='ltr'>*qnod</span> 
     </span>
     <span class='ocr_line' id='line_1_5' title="bbox 381 615 1955 660; baseline 0.001 -2"><span class='ocrx_word' id='word_1_27' title='bbox 381 617 542 658; x_wconf 87' lang='lat' dir='ltr'>nemini</span> <span class='ocrx_word' id='word_1_28' title='bbox 581 616 635 657; x_wconf 90' lang='lat' dir='ltr'>sit</span> <span class='ocrx_word' id='word_1_29' title='bbox 679 616 899 658; x_wconf 84' lang='lat' dir='ltr'>obnoxius.</span> <span class='ocrx_word' id='word_1_30' title='bbox 942 615 1031 657; x_wconf 82' lang='lat' dir='ltr'>Rex</span> <span class='ocrx_word' id='word_1_31' title='bbox 1069 629 1168 659; x_wconf 86' lang='lat' dir='ltr'>vero</span> <span class='ocrx_word' id='word_1_32' title='bbox 1201 615 1425 658; x_wconf 80' lang='lat' dir='ltr'>Persarum</span> <span class='ocrx_word' id='word_1_33' title='bbox 1459 629 1605 659; x_wconf 87' lang='lat' dir='ltr'>omnes</span> <span class='ocrx_word' id='word_1_34' title='bbox 1634 616 1955 660; x_wconf 64' lang='lat' dir='ltr'>hominescs&#39;uos</span> 
     </span>
     <span class='ocr_line' id='line_1_6' title="bbox 381 685 1954 743; baseline 0.001 -14"><span class='ocrx_word' id='word_1_35' title='bbox 381 699 470 729; x_wconf 87' lang='lat' dir='ltr'>esse</span> <span class='ocrx_word' id='word_1_36' title='bbox 513 685 708 728; x_wconf 83' lang='lat' dir='ltr'>credebat</span> <span class='ocrx_word' id='word_1_37' title='bbox 750 699 895 728; x_wconf 85' lang='lat' dir='ltr'>servos</span> <span class='ocrx_word' id='word_1_38' title='bbox 932 717 941 727; x_wconf 91' lang='lat'>.</span> <span class='ocrx_word' id='word_1_39' title='bbox 960 718 969 728; x_wconf 90' lang='lat'><strong><em>.</em></strong></span> <span class='ocrx_word' id='word_1_40' title='bbox 991 690 1206 741; x_wconf 84' lang='lat' dir='ltr'>.praeter</span> <span class='ocrx_word' id='word_1_41' title='bbox 1246 699 1423 728; x_wconf 81' lang='lat' dir='ltr'>uxorem</span> <span class='ocrx_word' id='word_1_42' title='bbox 1465 690 1954 743; x_wconf 65' lang='lat' dir='ltr'>suam,q1u.amcumen</span> 
     </span>
     <span class='ocr_line' id='line_1_7' title="bbox 379 756 1890 812; baseline 0.003 -15"><span class='ocrx_word' id='word_1_43' title='bbox 379 758 563 812; x_wconf 82' lang='lat' dir='ltr'>primam</span> <span class='ocrx_word' id='word_1_44' title='bbox 595 757 786 798; x_wconf 90' lang='lat' dir='ltr'>omnium</span> <span class='ocrx_word' id='word_1_45' title='bbox 821 757 902 799; x_wconf 89' lang='lat' dir='ltr'>sibi</span> <span class='ocrx_word' id='word_1_46' title='bbox 932 756 1084 799; x_wconf 88' lang='lat' dir='ltr'>habere</span> <span class='ocrx_word' id='word_1_47' title='bbox 1115 756 1226 800; x_wconf 91' lang='lat' dir='ltr'>dicto</span> <span class='ocrx_word' id='word_1_48' title='bbox 1257 757 1499 800; x_wconf 79' lang='lat' dir='ltr'>audientem</span> <span class='ocrx_word' id='word_1_49' title='bbox 1530 757 1756 802; x_wconf 60' lang='lat' dir='ltr'>debueret</span> <span class='ocrx_word' id='word_1_50' title='bbox 1748 757 1814 811; x_wconf 49' lang='lat' dir='ltr'>‘lup</span> <span class='ocrx_word' id='word_1_51' title='bbox 1860 777 1890 797; x_wconf 71' lang='lat' dir='ltr'>2:v</span> 
     </span>
    </p>

    <p class='ocr_par' dir='ltr' id='par_1_3' title="bbox 379 826 1957 1237">
     <span class='ocr_line' id='line_1_8' title="bbox 440 826 1955 884; baseline 0.003 -16"><span class='ocrx_word' id='word_1_52' title='bbox 440 826 586 882; x_wconf 88' lang='lat' dir='ltr'>Neque</span> <span class='ocrx_word' id='word_1_53' title='bbox 629 827 848 870; x_wconf 82' lang='lat' dir='ltr'>decantata</span> <span class='ocrx_word' id='word_1_54' title='bbox 887 831 987 869; x_wconf 87' lang='lat' dir='ltr'>sunt</span> <span class='ocrx_word' id='word_1_55' title='bbox 1027 827 1220 884; x_wconf 83' lang='lat' dir='ltr'>exempla</span> <span class='ocrx_word' id='word_1_56' title='bbox 1263 841 1315 870; x_wconf 85' lang='lat' dir='ltr'>ex</span> <span class='ocrx_word' id='word_1_57' title='bbox 1355 828 1534 870; x_wconf 86' lang='lat' dir='ltr'>historia</span> <span class='ocrx_word' id='word_1_58' title='bbox 1575 830 1730 884; x_wconf 75' lang='lat' dir='ltr'>petita·</span> <span class='ocrx_word' id='word_1_59' title='bbox 1726 833 1801 872; x_wconf 67' lang='lat' dir='ltr'>et·</span> <span class='ocrx_word' id='word_1_60' title='bbox 1795 828 1955 872; x_wconf 65' lang='lat' dir='ltr'>decem</span> 
     </span>
     <span class='ocr_line' id='line_1_9' title="bbox 379 892 1956 955; baseline 0.003 -16"><span class='ocrx_word' id='word_1_61' title='bbox 379 897 466 940; x_wconf 89' lang='lat' dir='ltr'>illis</span> <span class='ocrx_word' id='word_1_62' title='bbox 491 899 658 954; x_wconf 81' lang='lat' dir='ltr'>paginis</span> <span class='ocrx_word' id='word_1_63' title='bbox 685 898 767 939; x_wconf 64' lang='lat' dir='ltr'>tria</span> <span class='ocrx_word' id='word_1_64' title='bbox 792 897 998 955; x_wconf 79' lang='lat' dir='ltr'>leguntur</span> <span class='ocrx_word' id='word_1_65' title='bbox 1016 892 1302 941; x_wconf 84' lang='lat' dir='ltr'>Romanorum</span> <span class='ocrx_word' id='word_1_66' title='bbox 1319 900 1506 942; x_wconf 88' lang='lat' dir='ltr'>nomina.</span> <span class='ocrx_word' id='word_1_67' title='bbox 1532 898 1745 942; x_wconf 66' lang='lat' dir='ltr'>Lucullus</span> <span class='ocrx_word' id='word_1_68' title='bbox 1755 898 1956 955; x_wconf 68' lang='lat' dir='ltr'>etfleipio</span> 
     </span>
     <span class='ocr_line' id='line_1_10' title="bbox 380 968 1956 1025; baseline 0.002 -15"><span class='ocrx_word' id='word_1_69' title='bbox 380 969 590 1025; x_wconf 91' lang='lat' dir='ltr'>quomodo</span> <span class='ocrx_word' id='word_1_70' title='bbox 630 971 675 1011; x_wconf 88' lang='lat' dir='ltr'>in</span> <span class='ocrx_word' id='word_1_71' title='bbox 707 968 861 1012; x_wconf 88' lang='lat' dir='ltr'>ultimo</span> <span class='ocrx_word' id='word_1_72' title='bbox 893 973 1278 1012; x_wconf 81' lang='lat' dir='ltr'>commemorentur</span> <span class='ocrx_word' id='word_1_73' title='bbox 1308 971 1445 1025; x_wconf 82' lang='lat' dir='ltr'>capite</span> <span class='ocrx_word' id='word_1_74' title='bbox 1474 972 1562 1012; x_wconf 85' lang='lat' dir='ltr'>iam</span> <span class='ocrx_word' id='word_1_75' title='bbox 1593 968 1956 1013; x_wconf 61' lang='lat' dir='ltr'>vidimuwnmn</span> 
     </span>
     <span class='ocr_line' id='line_1_11' title="bbox 380 1038 1957 1098; baseline 0.003 -18"><span class='ocrx_word' id='word_1_76' title='bbox 380 1038 603 1081; x_wconf 81' lang='lat' dir='ltr'>audiamus</span> <span class='ocrx_word' id='word_1_77' title='bbox 634 1039 743 1082; x_wconf 85' lang='lat' dir='ltr'>hanc</span> <span class='ocrx_word' id='word_1_78' title='bbox 774 1039 824 1082; x_wconf 89' lang='lat' dir='ltr'>de</span> <span class='ocrx_word' id='word_1_79' title='bbox 856 1038 1013 1083; x_wconf 84' lang='lat' dir='ltr'>Catone</span> <span class='ocrx_word' id='word_1_80' title='bbox 1041 1041 1201 1082; x_wconf 88' lang='lat' dir='ltr'>minore</span> <span class='ocrx_word' id='word_1_81' title='bbox 1229 1040 1839 1096; x_wconf 55' lang='lat' dir='ltr'>disputationem,2eloou¹tiune&#39;</span> <span class='ocrx_word' id='word_1_82' title='bbox 1863 1054 1957 1098; x_wconf 56' lang='lat' dir='ltr'>grav</span> 
     </span>
     <span class='ocr_line' id='line_1_12' title="bbox 379 1107 1955 1166; baseline 0.003 -15"><span class='ocrx_word' id='word_1_83' title='bbox 379 1111 615 1162; x_wconf 81' lang='lat' dir='ltr'>vissimam,</span> <span class='ocrx_word' id='word_1_84' title='bbox 648 1123 837 1166; x_wconf 88' lang='lat' dir='ltr'>quaeque</span> <span class='ocrx_word' id='word_1_85' title='bbox 869 1107 920 1152; x_wconf 87' lang='lat' dir='ltr'>de</span> <span class='ocrx_word' id='word_1_86' title='bbox 951 1112 1111 1153; x_wconf 89' lang='lat' dir='ltr'>summi</span> <span class='ocrx_word' id='word_1_87' title='bbox 1143 1112 1350 1154; x_wconf 77' lang='lat' dir='ltr'>momenti</span> <span class='ocrx_word' id='word_1_88' title='bbox 1382 1125 1426 1154; x_wconf 90' lang='lat' dir='ltr'>re</span> <span class='ocrx_word' id='word_1_89' title='bbox 1459 1109 1677 1154; x_wconf 70' lang='lat' dir='ltr'>Plutarchi</span> <span class='ocrx_word' id='word_1_90' title='bbox 1700 1111 1955 1156; x_wconf 73' lang='lat' dir='ltr'>sententiam</span> 
     </span>
     <span class='ocr_line' id='line_1_13' title="bbox 380 1179 1899 1237; baseline 0.002 -15"><span class='ocrx_word' id='word_1_91' title='bbox 380 1180 657 1223; x_wconf 80' lang='lat' dir='ltr'>disertissime</span> <span class='ocrx_word' id='word_1_92' title='bbox 689 1179 872 1223; x_wconf 81' lang='lat' dir='ltr'>declarat</span> <span class='ocrx_word' id='word_1_93' title='bbox 904 1184 963 1237; x_wconf 91' lang='lat' dir='ltr'>(p.</span> <span class='ocrx_word' id='word_1_94' title='bbox 998 1179 1176 1233; x_wconf 75' lang='lat' dir='ltr'>781D):</span> <span class='ocrx_word' id='word_1_95' title='bbox 1622 1215 1624 1219; x_wconf 84' lang='lat'><em>.</em></span> <span class='ocrx_word' id='word_1_96' title='bbox 1750 1194 1756 1201; x_wconf 85' lang='lat'><strong>·</strong></span> <span class='ocrx_word' id='word_1_97' title='bbox 1830 1191 1834 1199; x_wconf 83' lang='grc'><strong>”</strong></span> <span class='ocrx_word' id='word_1_98' title='bbox 1868 1196 1899 1200; x_wconf 74' lang='grc'>’·</span> 
     </span>
    </p>

    <p class='ocr_par' dir='ltr' id='par_1_4' title="bbox 379 1214 1957 1520">
     <span class='ocr_line' id='line_1_14' title="bbox 444 1214 1957 1308; baseline 0.001 -15.036"><span class='ocrx_word' id='word_1_99' title='bbox 444 1251 572 1303; x_wconf 85' lang='lat' dir='ltr'>„Post</span> <span class='ocrx_word' id='word_1_100' title='bbox 615 1251 780 1294; x_wconf 86' lang='lat' dir='ltr'>cladem</span> <span class='ocrx_word' id='word_1_101' title='bbox 828 1251 932 1296; x_wconf 82' lang='lat' dir='ltr'>Cato</span> <span class='ocrx_word' id='word_1_102' title='bbox 978 1265 1123 1295; x_wconf 84' lang='lat' dir='ltr'>omnes</span> <span class='ocrx_word' id='word_1_103' title='bbox 1165 1266 1270 1308; x_wconf 83' lang='lat' dir='ltr'>quos</span> <span class='ocrx_word' id='word_1_104' title='bbox 1311 1252 1459 1296; x_wconf 80' lang='lat' dir='ltr'>Uticae</span> <span class='ocrx_word' id='word_1_105' title='bbox 1498 1265 1659 1295; x_wconf 83' lang='lat' dir='ltr'>secum</span> <span class='ocrx_word' id='word_1_106' title='bbox 1649 1214 1878 1300; x_wconf 75' lang='lat' dir='ltr'>habebat·</span> <span class='ocrx_word' id='word_1_107' title='bbox 1891 1252 1957 1302; x_wconf 86' lang='lat' dir='ltr'>ad</span> 
     </span>
     <span class='ocr_line' id='line_1_15' title="bbox 380 1322 1956 1380; baseline 0.002 -16"><span class='ocrx_word' id='word_1_108' title='bbox 380 1337 496 1365; x_wconf 86' lang='lat' dir='ltr'>mare</span> <span class='ocrx_word' id='word_1_109' title='bbox 527 1322 624 1365; x_wconf 88' lang='lat' dir='ltr'>duci</span> <span class='ocrx_word' id='word_1_110' title='bbox 654 1324 897 1379; x_wconf 88' lang='lat' dir='ltr'>imperavit.</span> <span class='ocrx_word' id='word_1_111' title='bbox 930 1322 1042 1376; x_wconf 79' lang='lat' dir='ltr'>Quos</span> <span class='ocrx_word' id='word_1_112' title='bbox 1074 1337 1171 1366; x_wconf 90' lang='lat' dir='ltr'>cum</span> <span class='ocrx_word' id='word_1_113' title='bbox 1199 1324 1244 1365; x_wconf 89' lang='lat' dir='ltr'>in</span> <span class='ocrx_word' id='word_1_114' title='bbox 1272 1324 1454 1367; x_wconf 85' lang='lat' dir='ltr'>navibus</span> <span class='ocrx_word' id='word_1_115' title='bbox 1478 1324 1782 1380; x_wconf 60' lang='lat' dir='ltr'>imposuisset,</span> <span class='ocrx_word' id='word_1_116' title='bbox 1774 1322 1956 1367; x_wconf 75' lang='lat' dir='ltr'>felicem</span> 
     </span>
     <span class='ocr_line' id='line_1_16' title="bbox 379 1394 1957 1452; baseline 0.001 -16"><span class='ocrx_word' id='word_1_117' title='bbox 379 1394 433 1436; x_wconf 89' lang='lat' dir='ltr'>iis</span> <span class='ocrx_word' id='word_1_118' title='bbox 459 1397 653 1450; x_wconf 76' lang='lat' dir='ltr'>precatus</span> <span class='ocrx_word' id='word_1_119' title='bbox 679 1395 1000 1450; x_wconf 83' lang='lat' dir='ltr'>navigationem</span> <span class='ocrx_word' id='word_1_120' title='bbox 1029 1394 1204 1437; x_wconf 89' lang='lat' dir='ltr'>domum</span> <span class='ocrx_word' id='word_1_121' title='bbox 1229 1395 1357 1437; x_wconf 88' lang='lat' dir='ltr'>rediit</span> <span class='ocrx_word' id='word_1_122' title='bbox 1382 1408 1511 1451; x_wconf 89' lang='lat' dir='ltr'>seque</span> <span class='ocrx_word' id='word_1_123' title='bbox 1532 1395 1798 1440; x_wconf 51' lang='lat' dir='ltr'>oceiditfflic</span> <span class='ocrx_word' id='word_1_124' title='bbox 1818 1394 1957 1452; x_wconf 43' lang='lat' dir='ltr'>quibus</span> 
     </span>
     <span class='ocr_line' id='line_1_17' title="bbox 379 1465 1950 1520; baseline 0.002 -14"><span class='ocrx_word' id='word_1_125' title='bbox 379 1468 547 1506; x_wconf 76' lang='lat' dir='ltr'>metuere</span> <span class='ocrx_word' id='word_1_126' title='bbox 578 1469 617 1506; x_wconf 74' lang='lat' dir='ltr'>et</span> <span class='ocrx_word' id='word_1_127' title='bbox 647 1465 746 1520; x_wconf 75' lang='lat' dir='ltr'>quid</span> <span class='ocrx_word' id='word_1_128' title='bbox 777 1479 854 1507; x_wconf 78' lang='lat' dir='ltr'>non</span> <span class='ocrx_word' id='word_1_129' title='bbox 885 1469 1054 1507; x_wconf 76' lang='lat' dir='ltr'>metuere</span> <span class='ocrx_word' id='word_1_130' title='bbox 1083 1465 1338 1519; x_wconf 75' lang='lat' dir='ltr'>imperantem</span> <span class='ocrx_word' id='word_1_131' title='bbox 1369 1466 1506 1507; x_wconf 65' lang='lat' dir='ltr'>deceat</span> <span class='ocrx_word' id='word_1_132' title='bbox 1533 1465 1765 1509; x_wconf 47' lang='lat' dir='ltr'>oetmdidffffs</span> <span class='ocrx_word' id='word_1_133' title='bbox 1811 1483 1829 1500; x_wconf 65' lang='grc' dir='ltr'><strong>ιι·</strong></span> <span class='ocrx_word' id='word_1_134' title='bbox 1859 1477 1925 1501; x_wconf 59' lang='lat'>1¹</span> <span class='ocrx_word' id='word_1_135' title='bbox 1947 1481 1950 1490; x_wconf 61' lang='lat'><em>¹</em></span> 
     </span>
    </p>

    <p class='ocr_par' dir='ltr' id='par_1_5' title="bbox 379 1534 1958 2145">
     <span class='ocr_line' id='line_1_18' title="bbox 440 1534 1954 1593; baseline 0.002 -16"><span class='ocrx_word' id='word_1_136' title='bbox 440 1534 578 1577; x_wconf 87' lang='lat' dir='ltr'>Nihili</span> <span class='ocrx_word' id='word_1_137' title='bbox 618 1535 746 1578; x_wconf 84' lang='lat' dir='ltr'>faciat</span> <span class='ocrx_word' id='word_1_138' title='bbox 786 1539 968 1578; x_wconf 88' lang='lat' dir='ltr'>mortem</span> <span class='ocrx_word' id='word_1_139' title='bbox 1011 1549 1084 1578; x_wconf 84' lang='lat' dir='ltr'>rex</span> <span class='ocrx_word' id='word_1_140' title='bbox 1122 1549 1249 1578; x_wconf 83' lang='lat' dir='ltr'>verus</span> <span class='ocrx_word' id='word_1_141' title='bbox 1279 1538 1529 1592; x_wconf 85' lang='lat' dir='ltr'>sapiensque</span> <span class='ocrx_word' id='word_1_142' title='bbox 1557 1536 1954 1593; x_wconf 55' lang='lat' dir='ltr'>atqueadeoarm</span> 
     </span>
     <span class='ocr_line' id='line_1_19' title="bbox 379 1605 1958 1664; baseline 0.001 -16"><span class='ocrx_word' id='word_1_143' title='bbox 379 1605 456 1648; x_wconf 91' lang='lat' dir='ltr'>ubi</span> <span class='ocrx_word' id='word_1_144' title='bbox 486 1619 592 1661; x_wconf 89' lang='lat' dir='ltr'>opus</span> <span class='ocrx_word' id='word_1_145' title='bbox 624 1609 700 1656; x_wconf 88' lang='lat' dir='ltr'>est,</span> <span class='ocrx_word' id='word_1_146' title='bbox 732 1609 916 1662; x_wconf 87' lang='lat' dir='ltr'>appetat.</span> <span class='ocrx_word' id='word_1_147' title='bbox 950 1605 1067 1649; x_wconf 90' lang='lat' dir='ltr'>Haec</span> <span class='ocrx_word' id='word_1_148' title='bbox 1098 1620 1267 1648; x_wconf 89' lang='lat' dir='ltr'>summa</span> <span class='ocrx_word' id='word_1_149' title='bbox 1298 1610 1362 1649; x_wconf 87' lang='lat' dir='ltr'>est</span> <span class='ocrx_word' id='word_1_150' title='bbox 1391 1605 1554 1650; x_wconf 78' lang='lat' dir='ltr'>Stoicae</span> <span class='ocrx_word' id='word_1_151' title='bbox 1580 1607 1958 1664; x_wconf 52' lang='lat' dir='ltr'>sapientiaefhanc</span> 
     </span>
     <span class='ocr_line' id='line_1_20' title="bbox 380 1675 1957 1734; baseline 0.001 -15"><span class='ocrx_word' id='word_1_152' title='bbox 380 1690 502 1719; x_wconf 89' lang='lat' dir='ltr'>suam</span> <span class='ocrx_word' id='word_1_153' title='bbox 534 1677 634 1720; x_wconf 88' lang='lat' dir='ltr'>facit</span> <span class='ocrx_word' id='word_1_154' title='bbox 664 1675 936 1720; x_wconf 72' lang='lat' dir='ltr'>Plutarchus.</span> <span class='ocrx_word' id='word_1_155' title='bbox 978 1676 1122 1733; x_wconf 84' lang='lat' dir='ltr'>Atque</span> <span class='ocrx_word' id='word_1_156' title='bbox 1153 1702 1210 1709; x_wconf 91' lang='lat'>—-</span> <span class='ocrx_word' id='word_1_157' title='bbox 1242 1678 1287 1720; x_wconf 90' lang='lat' dir='ltr'>id</span> <span class='ocrx_word' id='word_1_158' title='bbox 1317 1678 1428 1734; x_wconf 88' lang='lat' dir='ltr'>quod</span> <span class='ocrx_word' id='word_1_159' title='bbox 1459 1679 1599 1722; x_wconf 76' lang='lat' dir='ltr'>neseio</span> <span class='ocrx_word' id='word_1_160' title='bbox 1627 1677 1902 1729; x_wconf 59' lang='lat' dir='ltr'>&#39;affluendum</span> <span class='ocrx_word' id='word_1_161' title='bbox 1931 1691 1957 1721; x_wconf 83' lang='lat' dir='ltr'>a</span> 
     </span>
     <span class='ocr_line' id='line_1_21' title="bbox 380 1747 1956 1799; baseline 0.001 -9"><span class='ocrx_word' id='word_1_162' title='bbox 380 1747 512 1790; x_wconf 90' lang='lat' dir='ltr'>doctis</span> <span class='ocrx_word' id='word_1_163' title='bbox 539 1749 596 1790; x_wconf 87' lang='lat' dir='ltr'>sit</span> <span class='ocrx_word' id='word_1_164' title='bbox 620 1748 888 1791; x_wconf 88' lang='lat' dir='ltr'>observatum</span> <span class='ocrx_word' id='word_1_165' title='bbox 916 1747 1142 1791; x_wconf 85' lang='lat' dir='ltr'>lectoribus</span> <span class='ocrx_word' id='word_1_166' title='bbox 1167 1748 1366 1790; x_wconf 90' lang='lat' dir='ltr'>-illam</span> <span class='ocrx_word' id='word_1_167' title='bbox 1394 1748 1496 1791; x_wconf 91' lang='lat' dir='ltr'>dum</span> <span class='ocrx_word' id='word_1_168' title='bbox 1530 1747 1956 1799; x_wconf 66' lang='lat' dir='ltr'>tradimfflntmhus‚</span> 
     </span>
     <span class='ocr_line' id='line_1_22' title="bbox 380 1817 1957 1870; baseline 0.001 -10"><span class='ocrx_word' id='word_1_169' title='bbox 380 1817 511 1861; x_wconf 90' lang='lat' dir='ltr'>simul</span> <span class='ocrx_word' id='word_1_170' title='bbox 550 1818 727 1861; x_wconf 87' lang='lat' dir='ltr'>Othonis</span> <span class='ocrx_word' id='word_1_171' title='bbox 768 1833 932 1862; x_wconf 91' lang='lat' dir='ltr'>memor</span> <span class='ocrx_word' id='word_1_172' title='bbox 973 1824 1048 1870; x_wconf 89' lang='lat' dir='ltr'>est,</span> <span class='ocrx_word' id='word_1_173' title='bbox 1090 1821 1134 1861; x_wconf 90' lang='lat' dir='ltr'>in</span> <span class='ocrx_word' id='word_1_174' title='bbox 1180 1821 1302 1862; x_wconf 90' lang='lat' dir='ltr'>cuius</span> <span class='ocrx_word' id='word_1_175' title='bbox 1343 1821 1463 1862; x_wconf 86' lang='lat' dir='ltr'>exitu</span> <span class='ocrx_word' id='word_1_176' title='bbox 1503 1819 1612 1862; x_wconf 86' lang='lat' dir='ltr'>nihil</span> <span class='ocrx_word' id='word_1_177' title='bbox 1643 1820 1823 1863; x_wconf 76' lang='lat' dir='ltr'>maiore</span> <span class='ocrx_word' id='word_1_178' title='bbox 1831 1818 1957 1863; x_wconf 76' lang='lat' dir='ltr'>laude</span> 
     </span>
     <span class='ocr_line' id='line_1_23' title="bbox 379 1889 1956 1947; baseline 0.001 -16"><span class='ocrx_word' id='word_1_179' title='bbox 379 1889 560 1946; x_wconf 84' lang='lat' dir='ltr'>dignum</span> <span class='ocrx_word' id='word_1_180' title='bbox 592 1891 737 1933; x_wconf 86' lang='lat' dir='ltr'>visum</span> <span class='ocrx_word' id='word_1_181' title='bbox 769 1894 832 1932; x_wconf 91' lang='lat' dir='ltr'>est</span> <span class='ocrx_word' id='word_1_182' title='bbox 864 1890 1096 1933; x_wconf 81' lang='lat' dir='ltr'>Plutarcho</span> <span class='ocrx_word' id='word_1_183' title='bbox 1126 1915 1182 1922; x_wconf 88' lang='lat'>—</span> <span class='ocrx_word' id='word_1_184' title='bbox 1207 1895 1252 1933; x_wconf 87' lang='lat' dir='ltr'>et</span> <span class='ocrx_word' id='word_1_185' title='bbox 1279 1892 1373 1933; x_wconf 89' lang='lat' dir='ltr'>iure</span> <span class='ocrx_word' id='word_1_186' title='bbox 1396 1892 1461 1933; x_wconf 78' lang='lat' dir='ltr'>ita</span> <span class='ocrx_word' id='word_1_187' title='bbox 1485 1892 1630 1934; x_wconf 82' lang='lat' dir='ltr'>visum</span> <span class='ocrx_word' id='word_1_188' title='bbox 1655 1894 1804 1934; x_wconf 49' lang='lat' dir='ltr'>estu-0—</span> <span class='ocrx_word' id='word_1_189' title='bbox 1743 1891 1956 1947; x_wconf 48' lang='lat' dir='ltr'>*³³¹qu</span> 
     </span>
     <span class='ocr_line' id='line_1_24' title="bbox 381 1924 1957 2017; baseline 0.001 -15"><span class='ocrx_word' id='word_1_190' title='bbox 381 1960 492 2016; x_wconf 89' lang='lat' dir='ltr'>quod</span> <span class='ocrx_word' id='word_1_191' title='bbox 534 1961 710 2003; x_wconf 90' lang='lat' dir='ltr'>iamiam</span> <span class='ocrx_word' id='word_1_192' title='bbox 752 1963 988 2004; x_wconf 89' lang='lat' dir='ltr'>moriturus</span> <span class='ocrx_word' id='word_1_193' title='bbox 1029 1965 1174 2004; x_wconf 89' lang='lat' dir='ltr'>tamen</span> <span class='ocrx_word' id='word_1_194' title='bbox 1205 1975 1291 2003; x_wconf 87' lang='lat' dir='ltr'>non</span> <span class='ocrx_word' id='word_1_195' title='bbox 1323 1962 1442 2017; x_wconf 87' lang='lat' dir='ltr'>prius</span> <span class='ocrx_word' id='word_1_196' title='bbox 1470 1961 1553 2004; x_wconf 86' lang='lat' dir='ltr'>sibi</span> <span class='ocrx_word' id='word_1_197' title='bbox 1582 1924 1793 2004; x_wconf 64' lang='lat' dir='ltr'>intulerit</span> <span class='ocrx_word' id='word_1_198' title='bbox 1805 1973 1957 2004; x_wconf 72' lang='lat' dir='ltr'>nanus</span> 
     </span>
     <span class='ocr_line' id='line_1_25' title="bbox 380 2030 1958 2088; baseline 0 -15"><span class='ocrx_word' id='word_1_199' title='bbox 380 2044 509 2087; x_wconf 85' lang='lat' dir='ltr'>quam</span> <span class='ocrx_word' id='word_1_200' title='bbox 552 2030 691 2074; x_wconf 83' lang='lat' dir='ltr'>salvos</span> <span class='ocrx_word' id='word_1_201' title='bbox 733 2033 916 2074; x_wconf 86' lang='lat' dir='ltr'>evasisse</span> <span class='ocrx_word' id='word_1_202' title='bbox 947 2033 1213 2088; x_wconf 83' lang='lat' dir='ltr'>cognovisset</span> <span class='ocrx_word' id='word_1_203' title='bbox 1243 2036 1454 2074; x_wconf 85' lang='lat' dir='ltr'>senatores</span> <span class='ocrx_word' id='word_1_204' title='bbox 1486 2032 1646 2087; x_wconf 83' lang='lat' dir='ltr'>quibus</span> <span class='ocrx_word' id='word_1_205' title='bbox 1669 2032 1850 2075; x_wconf 76' lang='lat' dir='ltr'>mortem</span> <span class='ocrx_word' id='word_1_206' title='bbox 1881 2032 1958 2074; x_wconf 85' lang='lat' dir='ltr'>mi-</span> 
     </span>
     <span class='ocr_line' id='line_1_26' title="bbox 380 2100 1905 2145; baseline 0.002 -3"><span class='ocrx_word' id='word_1_207' title='bbox 380 2104 582 2144; x_wconf 85' lang='lat' dir='ltr'>narentur</span> <span class='ocrx_word' id='word_1_208' title='bbox 609 2102 711 2143; x_wconf 84' lang='lat' dir='ltr'>irati</span> <span class='ocrx_word' id='word_1_209' title='bbox 741 2100 915 2144; x_wconf 84' lang='lat' dir='ltr'>milites.</span> <span class='ocrx_word' id='word_1_210' title='bbox 948 2102 1167 2145; x_wconf 84' lang='lat' dir='ltr'>Martialis</span> <span class='ocrx_word' id='word_1_211' title='bbox 1193 2101 1303 2145; x_wconf 90' lang='lat' dir='ltr'>illud</span> <span class='ocrx_word' id='word_1_212' title='bbox 1334 2102 1568 2145; x_wconf 85' lang='lat' dir='ltr'>distichon:</span> <span class='ocrx_word' id='word_1_213' title='bbox 1827 2115 1829 2122; x_wconf 75' lang='grc'>’</span> <span class='ocrx_word' id='word_1_214' title='bbox 1900 2111 1905 2119; x_wconf 72' lang='grc'>’</span> 
     </span>
    </p>

    <p class='ocr_par' dir='ltr' id='par_1_6' title="bbox 590 2171 1769 2299">
     <span class='ocr_line' id='line_1_27' title="bbox 590 2171 1769 2224; baseline 0.002 -10"><span class='ocrx_word' id='word_1_215' title='bbox 590 2171 656 2214; x_wconf 78' lang='lat' dir='ltr'>Sit</span> <span class='ocrx_word' id='word_1_216' title='bbox 687 2171 804 2223; x_wconf 81' lang='lat' dir='ltr'>Cato,</span> <span class='ocrx_word' id='word_1_217' title='bbox 838 2172 942 2215; x_wconf 91' lang='lat' dir='ltr'>dum</span> <span class='ocrx_word' id='word_1_218' title='bbox 974 2174 1101 2224; x_wconf 82' lang='lat' dir='ltr'>vivit,</span> <span class='ocrx_word' id='word_1_219' title='bbox 1133 2187 1231 2215; x_wconf 86' lang='lat' dir='ltr'>sane</span> <span class='ocrx_word' id='word_1_220' title='bbox 1265 2172 1334 2216; x_wconf 88' lang='lat' dir='ltr'>vel</span> <span class='ocrx_word' id='word_1_221' title='bbox 1365 2172 1536 2216; x_wconf 82' lang='lat' dir='ltr'>Socrate</span> <span class='ocrx_word' id='word_1_222' title='bbox 1566 2174 1735 2224; x_wconf 48' lang='lat' dir='ltr'>maiorm</span> <span class='ocrx_word' id='word_1_223' title='bbox 1767 2200 1769 2206; x_wconf 64' lang='grc' dir='ltr'><strong>ι</strong></span> 
     </span>
     <span class='ocr_line' id='line_1_28' title="bbox 650 2241 1739 2299; baseline 0.002 -15"><span class='ocrx_word' id='word_1_224' title='bbox 650 2242 766 2285; x_wconf 89' lang='lat' dir='ltr'>Dum</span> <span class='ocrx_word' id='word_1_225' title='bbox 797 2245 980 2287; x_wconf 87' lang='lat' dir='ltr'>moritur</span> <span class='ocrx_word' id='word_1_226' title='bbox 1010 2244 1219 2299; x_wconf 88' lang='lat' dir='ltr'>numquid</span> <span class='ocrx_word' id='word_1_227' title='bbox 1250 2245 1387 2286; x_wconf 88' lang='lat' dir='ltr'>maior</span> <span class='ocrx_word' id='word_1_228' title='bbox 1415 2244 1582 2287; x_wconf 84' lang='lat' dir='ltr'>Othone</span> <span class='ocrx_word' id='word_1_229' title='bbox 1611 2241 1739 2286; x_wconf 78' lang='lat' dir='ltr'>fuit?</span> 
     </span>
    </p>

    <p class='ocr_par' dir='ltr' id='par_1_7' title="bbox 379 2313 1956 2442">
     <span class='ocr_line' id='line_1_29' title="bbox 379 2313 1956 2371; baseline 0.001 -15"><span class='ocrx_word' id='word_1_230' title='bbox 379 2315 416 2356; x_wconf 94' lang='lat' dir='ltr'>si</span> <span class='ocrx_word' id='word_1_231' title='bbox 447 2315 564 2356; x_wconf 85' lang='lat' dir='ltr'>novit</span> <span class='ocrx_word' id='word_1_232' title='bbox 596 2313 854 2357; x_wconf 88' lang='lat' dir='ltr'>Plutarchus</span> <span class='ocrx_word' id='word_1_233' title='bbox 887 2340 942 2348; x_wconf 88' lang='lat'>——-</span> <span class='ocrx_word' id='word_1_234' title='bbox 976 2318 1018 2357; x_wconf 90' lang='lat' dir='ltr'>et</span> <span class='ocrx_word' id='word_1_235' title='bbox 1049 2315 1196 2371; x_wconf 87' lang='lat' dir='ltr'>quidni</span> <span class='ocrx_word' id='word_1_236' title='bbox 1227 2313 1421 2359; x_wconf 82' lang='lat' dir='ltr'>noverit?</span> <span class='ocrx_word' id='word_1_237' title='bbox 1455 2331 1511 2347; x_wconf 93' lang='grc'>--·</span> <span class='ocrx_word' id='word_1_238' title='bbox 1542 2315 1655 2359; x_wconf 87' lang='lat' dir='ltr'>haud</span> <span class='ocrx_word' id='word_1_239' title='bbox 1682 2314 1814 2357; x_wconf 85' lang='lat' dir='ltr'>dubie·</span> <span class='ocrx_word' id='word_1_240' title='bbox 1836 2314 1956 2357; x_wconf 80' lang='lat' dir='ltr'>vehe—</span> 
     </span>
     <span class='ocr_line' id='line_1_30' title="bbox 380 2386 782 2442; baseline 0.003 -15"><span class='ocrx_word' id='word_1_241' title='bbox 380 2391 546 2427; x_wconf 86' lang='lat' dir='ltr'>menter</span> <span class='ocrx_word' id='word_1_242' title='bbox 575 2386 782 2442; x_wconf 87' lang='lat' dir='ltr'>probavit.</span> 
     </span>
    </p>
   </div>
   <div class='ocr_carea' id='block_1_3' title="bbox 379 2528 1958 3080">
    <p class='ocr_par' dir='ltr' id='par_1_8' title="bbox 771 2528 1856 2654">
     <span class='ocr_line' id='line_1_31' title="bbox 771 2528 1856 2583; baseline -0.001 -13"><span class='ocrx_word' id='word_1_243' title='bbox 771 2530 834 2570; x_wconf 82' lang='lat' dir='ltr'>An</span> <span class='ocrx_word' id='word_1_244' title='bbox 865 2528 950 2570; x_wconf 70' lang='lat' dir='ltr'>seni</span> <span class='ocrx_word' id='word_1_245' title='bbox 979 2528 1201 2583; x_wconf 75' lang='lat' dir='ltr'>respublica</span> <span class='ocrx_word' id='word_1_246' title='bbox 1228 2529 1400 2581; x_wconf 65' lang='lat' dir='ltr'>yerenda</span> <span class='ocrx_word' id='word_1_247' title='bbox 1429 2528 1497 2570; x_wconf 73' lang='lat' dir='ltr'>sit.</span> <span class='ocrx_word' id='word_1_248' title='bbox 1624 2550 1630 2554; x_wconf 44' lang='lat'><strong>²</strong></span> <span class='ocrx_word' id='word_1_249' title='bbox 1690 2546 1693 2562; x_wconf 68' lang='grc' dir='ltr'><strong>ι</strong></span> <span class='ocrx_word' id='word_1_250' title='bbox 1719 2539 1856 2563; x_wconf 59' lang='lat'>²51“‘=112›</span> 
     </span>
     <span class='ocr_line' id='line_1_32' title="bbox 829 2599 1551 2654; baseline -0.001 -13"><span class='ocrx_word' id='word_1_251' title='bbox 829 2599 1046 2653; x_wconf 70' lang='lat' dir='ltr'>Praecepta</span> <span class='ocrx_word' id='word_1_252' title='bbox 1077 2599 1317 2654; x_wconf 76' lang='lat' dir='ltr'>reipublicae</span> <span class='ocrx_word' id='word_1_253' title='bbox 1343 2599 1551 2651; x_wconf 69' lang='lat' dir='ltr'>yerendae.</span> 
     </span>
    </p>

    <p class='ocr_par' dir='ltr' id='par_1_9' title="bbox 379 2668 1958 3080">
     <span class='ocr_line' id='line_1_33' title="bbox 440 2668 1958 2725; baseline -0.001 -13"><span class='ocrx_word' id='word_1_254' title='bbox 440 2670 636 2712; x_wconf 87' lang='lat' dir='ltr'>Primum</span> <span class='ocrx_word' id='word_1_255' title='bbox 670 2684 751 2712; x_wconf 86' lang='lat' dir='ltr'>una</span> <span class='ocrx_word' id='word_1_256' title='bbox 782 2675 882 2712; x_wconf 88' lang='lat' dir='ltr'>sunt</span> <span class='ocrx_word' id='word_1_257' title='bbox 912 2670 1120 2712; x_wconf 85' lang='lat' dir='ltr'>tractandi</span> <span class='ocrx_word' id='word_1_258' title='bbox 1151 2670 1197 2712; x_wconf 89' lang='lat' dir='ltr'>hi</span> <span class='ocrx_word' id='word_1_259' title='bbox 1228 2668 1365 2712; x_wconf 88' lang='lat' dir='ltr'>libelli</span> <span class='ocrx_word' id='word_1_260' title='bbox 1397 2670 1496 2725; x_wconf 90' lang='lat' dir='ltr'>quia</span> <span class='ocrx_word' id='word_1_261' title='bbox 1527 2668 1579 2711; x_wconf 87' lang='lat' dir='ltr'>ad</span> <span class='ocrx_word' id='word_1_262' title='bbox 1604 2668 1958 2724; x_wconf 63' lang='lat' dir='ltr'>ambostpe&#39;r-tinet</span> 
     </span>
     <span class='ocr_line' id='line_1_34' title="bbox 380 2738 1955 2796; baseline -0.001 -14"><span class='ocrx_word' id='word_1_263' title='bbox 380 2740 612 2796; x_wconf 86' lang='lat' dir='ltr'>disputatio</span> <span class='ocrx_word' id='word_1_264' title='bbox 644 2740 849 2796; x_wconf 85' lang='lat' dir='ltr'>quaedam</span> <span class='ocrx_word' id='word_1_265' title='bbox 882 2742 1259 2796; x_wconf 84' lang='lat' dir='ltr'>praestantissima,</span> <span class='ocrx_word' id='word_1_266' title='bbox 1290 2741 1566 2796; x_wconf 82' lang='lat' dir='ltr'>quaepaucis</span> <span class='ocrx_word' id='word_1_267' title='bbox 1591 2739 1743 2782; x_wconf 75' lang='lat' dir='ltr'>abhinc</span> <span class='ocrx_word' id='word_1_268' title='bbox 1769 2738 1888 2782; x_wconf 86' lang='lat' dir='ltr'>annis</span> <span class='ocrx_word' id='word_1_269' title='bbox 1911 2741 1955 2781; x_wconf 82' lang='lat' dir='ltr'>in</span> 
     </span>
     <span class='ocr_line' id='line_1_35' title="bbox 379 2809 1955 2862; baseline 0.001 -10"><span class='ocrx_word' id='word_1_270' title='bbox 379 2810 519 2853; x_wconf 89' lang='lat' dir='ltr'>lucem</span> <span class='ocrx_word' id='word_1_271' title='bbox 551 2814 614 2853; x_wconf 90' lang='lat' dir='ltr'>est</span> <span class='ocrx_word' id='word_1_272' title='bbox 646 2810 770 2862; x_wconf 85' lang='lat' dir='ltr'>edita,</span> <span class='ocrx_word' id='word_1_273' title='bbox 803 2811 903 2854; x_wconf 89' lang='lat' dir='ltr'>licet</span> <span class='ocrx_word' id='word_1_274' title='bbox 930 2811 1107 2854; x_wconf 85' lang='lat' dir='ltr'>alterius</span> <span class='ocrx_word' id='word_1_275' title='bbox 1135 2810 1429 2853; x_wconf 87' lang='lat' dir='ltr'>tantummodo</span> <span class='ocrx_word' id='word_1_276' title='bbox 1455 2810 1499 2852; x_wconf 88' lang='lat' dir='ltr'>in</span> <span class='ocrx_word' id='word_1_277' title='bbox 1527 2809 1655 2852; x_wconf 75' lang='lat' dir='ltr'>titulo</span> <span class='ocrx_word' id='word_1_278' title='bbox 1682 2809 1754 2852; x_wconf 80' lang='lat' dir='ltr'>fiat</span> <span class='ocrx_word' id='word_1_279' title='bbox 1778 2810 1955 2859; x_wconf 81' lang='lat' dir='ltr'>mentio,</span> 
     </span>
     <span class='ocr_line' id='line_1_36' title="bbox 380 2873 1958 2935; baseline -0.001 -12"><span class='ocrx_word' id='word_1_280' title='bbox 380 2881 550 2923; x_wconf 71' lang='lat' dir='ltr'>KAizom</span> <span class='ocrx_word' id='word_1_281' title='bbox 580 2882 901 2925; x_wconf 70' lang='lat' dir='ltr'>Mrr&#39;rnnfflusn</span> <span class='ocrx_word' id='word_1_282' title='bbox 928 2882 1020 2924; x_wconf 89' lang='lat' dir='ltr'>dico</span> <span class='ocrx_word' id='word_1_283' title='bbox 1046 2881 1383 2924; x_wconf 85' lang='lat' dir='ltr'>dissertationem</span> <span class='ocrx_word' id='word_1_284' title='bbox 1397 2881 1473 2923; x_wconf 60' lang='lat' dir='ltr'>‘De</span> <span class='ocrx_word' id='word_1_285' title='bbox 1498 2880 1707 2923; x_wconf 58' lang='lat' dir='ltr'>Plutarchi</span> <span class='ocrx_word' id='word_1_286' title='bbox 1734 2873 1958 2935; x_wconf 58' lang='lat' dir='ltr'>Praeceptis</span> 
     </span>
     <span class='ocr_line' id='line_1_37' title="bbox 388 2950 1954 3009; baseline 0 -16"><span class='ocrx_word' id='word_1_287' title='bbox 388 2952 592 2993; x_wconf 78' lang='lat' dir='ltr'>Gerendae</span> <span class='ocrx_word' id='word_1_288' title='bbox 620 2952 881 3006; x_wconf 73' lang='lat' dir='ltr'>Reipublicae</span> <span class='ocrx_word' id='word_1_289' title='bbox 911 2954 1044 3009; x_wconf 84' lang='lat' dir='ltr'>(typis</span> <span class='ocrx_word' id='word_1_290' title='bbox 1076 2965 1271 3008; x_wconf 85' lang='lat' dir='ltr'>expressa</span> <span class='ocrx_word' id='word_1_291' title='bbox 1302 2966 1350 2994; x_wconf 84' lang='lat' dir='ltr'>ea</span> <span class='ocrx_word' id='word_1_292' title='bbox 1381 2955 1445 2994; x_wconf 84' lang='lat' dir='ltr'>est</span> <span class='ocrx_word' id='word_1_293' title='bbox 1471 2951 1736 2994; x_wconf 62' lang='lat' dir='ltr'>Vratislaviae</span> <span class='ocrx_word' id='word_1_294' title='bbox 1761 2964 1798 2994; x_wconf 87' lang='lat' dir='ltr'>a.</span> <span class='ocrx_word' id='word_1_295' title='bbox 1815 2950 1954 3002; x_wconf 79' lang='grc'>1911,</span> 
     </span>
     <span class='ocr_line' id='line_1_38' title="bbox 381 3021 1958 3080; baseline 0 -16"><span class='ocrx_word' id='word_1_296' title='bbox 381 3024 476 3077; x_wconf 90' lang='lat' dir='ltr'>quis</span> <span class='ocrx_word' id='word_1_297' title='bbox 502 3022 679 3066; x_wconf 86' lang='lat' dir='ltr'>ediderit</span> <span class='ocrx_word' id='word_1_298' title='bbox 705 3038 786 3066; x_wconf 89' lang='lat' dir='ltr'>non</span> <span class='ocrx_word' id='word_1_299' title='bbox 813 3027 1016 3080; x_wconf 86' lang='lat' dir='ltr'>apparet).</span> <span class='ocrx_word' id='word_1_300' title='bbox 1049 3024 1189 3079; x_wconf 83' lang='lat' dir='ltr'>Atque</span> <span class='ocrx_word' id='word_1_301' title='bbox 1215 3025 1404 3079; x_wconf 82' lang='lat' dir='ltr'>primum</span> <span class='ocrx_word' id='word_1_302' title='bbox 1429 3023 1775 3078; x_wconf 66' lang='lat' dir='ltr'>doctetacuteque</span> <span class='ocrx_word' id='word_1_303' title='bbox 1796 3021 1958 3065; x_wconf 81' lang='lat' dir='ltr'>Mittel—</span> 
     </span>
    </p>
   </div>
  </div>
 </body>
</html>
