2002 3372
1081 242 1164 286 126

391 367 453 409 An
490 367 594 409 forte
625 369 752 421 caput
784 363 841 406 42
868 363 933 407 W.
962 364 1155 416 abiicere,
1183 368 1320 408 cetera
1345 364 1428 418 ipsi
1454 363 1669 406 Plutarcho
1697 362 1794 408 vult
1820 364 1912 409 vin-

331 435 494 480 dicare?
528 436 609 480 Cui
639 436 755 478 istud
788 433 1062 491 probabitur?
1093 435 1246 478 Noster
1277 434 1390 477 haud
1422 434 1548 477 dubie
1580 434 1659 478 hac
1688 435 1734 477 in
1758 446 1807 478 re
1830 431 1911 477 Xe·

329 508 557 564 nophontis
590 506 898 564 Gyropaediam
931 503 1031 548 cum
1063 519 1138 549 suo
1170 505 1340 562 epilogo
1372 509 1437 549 est
1467 508 1651 548 secutus.

391 578 509 631 Quod
559 581 703 620 autem
751 577 853 619 dicit
900 576 990 619 W.:
1041 580 1232 628 „statum
1279 575 1538 620 Graecorum
1585 576 1665 619 sub
1710 575 1937 619 Romanis¹

331 649 517 692 δουλείαν
560 648 696 691 dicere
738 661 814 690 nec
855 661 953 690 cum
984 646 1205 690 Plutarchi
1237 647 1463 704 prudentia
1495 661 1569 690 nec
1600 660 1699 690 cum
1730 647 1910 691 veritate

330 721 432 762 satis
463 718 688 775 congruit''
722 718 766 760 id
798 719 956 774 partim
987 717 1143 762 falsum
1175 722 1251 770 est,
1284 720 1442 775 partim
1473 732 1638 762 verum.
1671 717 1764 761 Non
1794 718 1910 761 enim

329 791 592 832 Romanorum
623 790 855 846 imperium
889 788 1070 831 δουλείαν
1103 789 1304 846 appellat,
1338 789 1409 832 sed
1436 803 1483 831 eo
1511 787 1714 832 vocabulo
1741 789 1913 846 respicit

327 861 372 903 id
405 860 513 917 quod
547 859 671 902 modo
704 860 812 902 dixit
847 860 919 902 ὑπὸ
953 864 1028 902 τῶν
1062 859 1167 902 ἰδίων
1199 864 1371 902 πολιτῶν
1406 860 1755 911 ἐτυραννεύθησαν,
1787 861 1914 916 atque

291 948 293 950 ·
327 932 422 974 istis
466 931 520 978 εἷς
556 930 740 973 δουλείαν
773 930 1034 981 μετέστησαν
1066 931 1172 973 hanc
1202 929 1335 973 libelli
1370 930 1515 972 adiicit
1548 928 1809 973 clausulam:
1843 929 1912 972 καὶ

330 1005 396 1044 νῦν
443 1003 488 1054 (i.
517 1016 551 1044 e.
597 1001 812 1058 aliquanto
855 1004 950 1057 post
991 1003 1120 1044 istam
1166 1000 1351 1043 δουλείαν
1391 1004 1518 1056 atque
1560 1000 1793 1053 τυραννίδα)
1837 999 1912 1043 ὑπὸ

329 1072 541 1124 Ῥωμαίοις
585 1073 770 1126 καθάπερ
812 1074 844 1115 οἱ
878 1072 999 1115 ἄλλοι
1031 1071 1233 1121 Ἕλληνες
1266 1070 1461 1122 ἐγένοντο.
1496 1070 1579 1114 Sed
1610 1074 1722 1114 recte
1750 1070 1914 1115 iudicat

330 1144 396 1188 W.
440 1143 509 1187 vel
550 1145 610 1186 sic
653 1157 759 1200 quae
789 1143 840 1186 de
871 1144 1062 1186 Romano
1094 1143 1275 1198 imperio
1306 1142 1374 1184 hic
1404 1141 1605 1198 legantur
1633 1155 1786 1198 parum
1817 1155 1912 1185 con-

328 1229 481 1272 gruere
522 1229 620 1257 cum
663 1214 757 1257 aliis
801 1214 1023 1257 Plutarchi
1059 1213 1162 1257 locis
1193 1214 1460 1269 (praesertim
1491 1214 1536 1255 in
1559 1213 1788 1268 praeceptio
1817 1212 1915 1255 Rei-

322 1287 510 1340 publicae
546 1287 772 1339 fferendae),
817 1286 892 1329 ubi
922 1285 1066 1328 felices
1098 1284 1395 1341 praedicantur
1426 1282 1577 1327 Graeci
1611 1284 1766 1340 quibus
1797 1283 1917 1326 liceat

328 1372 472 1414 parere
514 1357 728 1400 Romanis.
775 1357 865 1399 Hoc
897 1371 996 1400 vero
1030 1357 1327 1399 verissimum:
1363 1356 1523 1406 „oratio
1554 1354 1700 1398 durior
1730 1358 1773 1398 et
1802 1368 1916 1412 prae-

330 1429 500 1470 fractior
533 1428 703 1470 videtur
735 1442 861 1484 quam
897 1442 972 1483 pro
1003 1426 1223 1470 Plutarchi
1254 1427 1414 1469 ratione
1445 1430 1488 1468 et
1518 1425 1767 1468 modestia”.

391 1498 605 1554 Denique:
639 1501 679 1540 et
711 1499 824 1540 hunc
848 1497 1043 1540 libellum
1070 1496 1286 1553 aliquanto
1313 1499 1410 1552 post
1436 1495 1718 1539 Plutarchum
1743 1509 1796 1539 ex
1814 1495 1915 1538 eius

329 1569 449 1611 libris
493 1570 701 1625 excerpsit
741 1570 952 1625 magister
992 1567 1162 1623 aliquis,
1207 1567 1288 1610 Sed
1321 1571 1363 1610 et
1393 1568 1484 1623 ipse
1514 1565 1772 1610 Plutarchus
1802 1565 1916 1610 haud.

331 1639 456 1682 dubie
489 1641 532 1681 in
571 1654 697 1682 suum
731 1638 1122 1695 discipulorumque
1154 1652 1283 1680 usum
1310 1637 1457 1681 sedulo
1487 1637 1698 1680 eiusmodi
1723 1636 1916 1695 syllogus

330 1712 587 1766 composuit;
618 1710 692 1753 diu
717 1714 812 1767 post
839 1714 1020 1753 mortem
1049 1711 1140 1752 eius
1165 1711 1210 1752 in
1237 1709 1435 1751 manibus
1452 1722 1524 1752 eae
1539 1711 1656 1752 erant
1672 1707 1911 1755 docentium

330 1780 684 1837 discentiumque,
713 1795 894 1836 quorum
920 1780 987 1822 illi
1015 1794 1084 1823 eas
1111 1782 1155 1822 in
1183 1794 1282 1822 suos
1309 1783 1556 1835 receperunt
1581 1778 1761 1823 libellos.
1793 1778 1916 1833 Quod

329 1851 542 1907 quomodo
568 1851 745 1894 fecerint
770 1853 858 1894 iam
886 1851 1111 1894 diiudicari
1136 1852 1297 1907 nequit.
1333 1850 1426 1893 Hoc
1451 1864 1590 1893 unum
1605 1848 1913 1908 intelligimus.

329 1923 389 1963 sic
419 1922 579 1964 factum
613 1935 702 1965 esse
734 1925 783 1964 ut
812 1923 1022 1978 genuinae
1056 1920 1276 1964 Plutarchi
1309 1919 1502 1978 syllogae
1532 1921 1731 1977 perirent.

389 1991 455 2034 Ad
500 1993 676 2035 huiusce
720 1992 858 2035 libelli
905 1993 1138 2035 orationem
1187 1991 1298 2048 quod
1338 1992 1505 2042 attinet,
1549 1992 1722 2034 omnino
1761 2004 1915 2048 parum

328 2062 457 2105 distat
498 2078 521 2106 a
564 2063 840 2115 Plutarchea3
886 2064 1119 2106 barbariem
1163 2062 1327 2105 redolet
1357 2061 1469 2118 quod
1499 2062 1564 2104 bis
1595 2061 1754 2114 (240A
1784 2064 1829 2105 et
1860 2061 1913 2114 B)

329 2132 490 2184 μεταξύ
532 2136 705 2189 ponitur
747 2148 819 2191 pro
864 2132 1021 2186 ἔπειτα,
1066 2138 1108 2176 et
1150 2133 1232 2176 alia
1272 2133 1477 2190 quaedam
1510 2131 1716 2176 vocabula
1745 2133 1915 2176 serioris

328 2205 479 2246 aetatis
511 2205 721 2247 videntur.
755 2205 869 2258 Quae
901 2204 1047 2247 sedulo
1080 2203 1279 2260 colligere
1312 2204 1414 2260 quid
1446 2201 1627 2246 attinet?
1659 2202 1736 2246 Vel
1768 2204 1844 2246 sic
1853 2205 1916 2246 in-

327 2274 568 2331 telligimus
609 2275 738 2318 libros
781 2290 856 2332 per
897 2275 1036 2318 multa
1067 2274 1232 2318 saecula
1264 2276 1569 2332 magistrorum
1600 2287 1914 2331 puerorumque

326 2346 449 2388 tritos
481 2346 678 2388 manibus
709 2348 848 2390 varias
880 2347 1135 2390 contraxisse
1168 2345 1371 2389 maculas.

389 2415 451 2458 De
483 2416 664 2472 singulis
697 2416 802 2460 locis
833 2417 935 2460 haec
967 2417 1167 2460 observo.

389 2486 528 2529 23514]
577 2487 892 2541 δοκιμαζομένου
933 2487 1124 2539 μάλιστα
1169 2488 1266 2540 παρ’
1298 2487 1438 2535 αὐτοῖς
1482 2489 1553 2529 τοῦ
1586 2486 1763 2535 μέλανος
1788 2495 1915 2538 *Myo-

328 2557 448 2609 μένου
491 2557 637 2610 ζωμοῦ,
680 2557 782 2601 ὥστε
822 2561 880 2610 μη
915 2558 1096 2610 κρεαδίου
1129 2558 1281 2601 δεῖσθαι
1313 2557 1406 2605 τοὺς
1439 2556 1748 2611 πρεσβυτέρους,
1781 2572 1912 2611 παρα-

328 2633 473 2682 χωρεῖν
506 2629 545 2671 δὲ
579 2629 670 2677 τοὺς
706 2629 951 2676 νεανίσκους.

388 2698 570 2742 Solitum
612 2701 656 2742 in
698 2699 922 2743 Plutarchi
964 2701 1087 2742 textu
1128 2699 1286 2742 vitium
1327 2700 1440 2742 recte
1480 2696 1656 2741 sustulit
1686 2697 1908 2742 Turnebus

327 2774 410 2817 τοῖς
441 2770 659 2818 νεανίσκοις
690 2770 882 2827 legendo.

388 2910 474 2952 238
493 2910 530 2952 D
578 2916 653 2954 τῶν
685 2911 726 2953 δὲ
757 2916 901 2965 ταφῶν
935 2912 1069 2953 ἀνεῖλε
1103 2910 1366 2967 (Lycurgus)
1393 2911 1466 2959 τὴν
1494 2908 1910 2959 δεισιδαιμονίαν....

328 2982 497 3029 πλησίον
531 2980 641 3034 ἔχειν
674 2983 729 3025 τοὶ
763 2988 945 3033 μνημεῖα
979 2986 1055 3024 τῶν
1089 2982 1198 3034 ἱερῶν
1230 2981 1520 3033 συγχωρήσας.
