2002 3372
857 247 944 290 329

22 367 33 434 J
105 370 302 415 saltum?
345 385 505 415 errasse
534 386 580 415 se
611 372 735 415 fateri
765 376 921 427 coquat.
952 371 1034 414 Sed
1066 373 1137 415 cui
1169 373 1212 414 in
1246 370 1541 415 huiuscemodi
1574 372 1699 415 rebus

19 441 27 502 ᾖ
106 441 245 500 pluris
274 447 376 491 eunt
403 447 660 502 argumenta
692 457 799 500 quae
819 448 960 498 pectus
987 457 1116 500 quam
1143 458 1253 500 quae
1278 443 1472 486 rationem,
1497 447 1697 500 tangunt,

15 509 29 578 Ξ
105 514 146 557 ie
184 526 294 571 quae
332 514 404 558 hic
444 515 567 559 offert
606 514 864 558 Plutarchus
896 513 1092 558 lubenter
1124 518 1345 571 tamquam
1379 517 1540 558 summi
1571 515 1700 571 pretii

107 586 286 642 accipiet
327 585 462 640 dona3
493 599 650 644 negare
682 587 800 629 enim
832 600 913 629 non
949 588 1106 642 poterit
1137 587 1211 630 vix
1244 599 1432 643 unquam
1466 600 1511 629 se
1541 585 1698 643 legisse

29 694 31 699 .
107 655 340 714 quidquam
372 657 484 714 quod
513 655 670 701 melius
699 657 919 700 hominem
951 672 1035 700 non
1067 659 1253 714 impium
1281 657 1492 701 deiectum
1520 659 1697 715 erigere,

29 787 31 790 ι
107 731 344 772 sustentare
374 727 590 772 labentem
620 730 767 787 possit.
801 728 913 772 Nam
947 729 1059 785 quod
1091 733 1189 772 ante
1221 731 1365 772 omnia
1395 729 1548 772 habere
1576 729 1700 772 debet

105 800 144 843 is
175 800 251 856 qui
268 799 444 855 pietatis
474 801 652 857 suscipit
682 801 983 857 patrocinium,
1016 800 1060 843 id
1092 801 1161 843 hic
1193 799 1371 857 plenum
1397 801 1516 844 adest
1542 801 1700 858 perfec·

28 880 29 883 ’
107 874 301 928 tumque,
342 873 436 915 eius
475 873 612 930 ipsius
655 873 730 928 qui
771 871 964 929 loquitur
994 874 1146 929 pietas,
1180 886 1231 915 ex
1261 873 1354 929 ipso
1386 876 1484 915 nata
1516 877 1699 929 pectore,

106 943 152 987 in
189 945 360 1000 pectore
400 942 488 986 alte
518 943 717 987 haerens:
751 943 854 987 haec
886 945 1003 987 enim
1037 947 1202 987 mentes
1233 944 1314 987 sibi
1344 943 1558 996 conciliat,
1591 958 1702 987 mor-

106 1012 215 1057 tales
244 1015 363 1058 acuit
391 1014 551 1067 oculos,
583 1028 755 1058 sursum
786 1014 912 1058 corda
943 1013 1119 1058 attollit.

167 1083 259 1128 Iam
303 1084 354 1128 de
384 1084 489 1129 locis
520 1085 662 1129 dubiis
694 1086 1068 1130 obscurioribusve
1099 1089 1174 1144 qui
1204 1087 1378 1143 Belgice
1408 1088 1550 1130 sciunt
1579 1086 1702 1130 illam

106 1169 239 1213 quam
263 1155 355 1200 dixi
371 1157 770 1214 interpretationem
789 1171 930 1202 meam
946 1157 1183 1202 consulant.
1210 1158 1491 1215 Reliquorum
1507 1160 1702 1202 omnium

106 1241 233 1271 causa
263 1227 368 1272 haec
398 1232 576 1272 annoto:

169 1297 329 1343 548A:
376 1303 553 1343 τοιαῦται
597 1301 673 1350 μὲν
720 1300 738 1342 o‘
781 1301 1017 1354 Ἐπίκουρος
1060 1301 1194 1354 εἰπών,
1237 1299 1265 1344 ὦ
1309 1300 1453 1353 Κύντε,
1497 1302 1564 1344 καὶ
1610 1302 1701 1355 πρὶν

109 1371 408 1420 ἀποκρίνασθαί
437 1387 532 1415 τινα
565 1404 574 1415 .
595 1404 604 1415 .
625 1404 635 1415 .
654 1404 664 1415 .
697 1370 823 1426 ᾤχετ’
857 1373 1001 1415 ἀπιών.

170 1441 271 1486 Viro
318 1456 446 1499 quem
493 1442 563 1486 hic
610 1442 846 1500 alloquitur
885 1443 1146 1487 Plutarchus
1186 1445 1265 1488 hoc
1307 1458 1461 1488 nomen
1504 1444 1704 1488 Reiskius

109 1513 240 1566 dedit,
285 1527 388 1557 nam
428 1515 474 1557 in
516 1513 732 1557 codicibus
774 1518 839 1558 est
880 1512 907 1557 ὦ
951 1515 1082 1558 Κύνιε.
1129 1515 1340 1572 Equidem
1387 1517 1446 1558 sic
1492 1517 1703 1573 corrigere

110 1583 284 1636 malim,
325 1589 378 1628 ut
418 1584 493 1628 fiat
538 1584 671 1634 Κυητέ
703 1590 762 1638 (v.
794 1601 837 1643 p.
870 1585 972 1638 243,
995 1587 1050 1640 1).
1084 1586 1195 1629 Nam
1225 1586 1374 1643 quidni
1403 1587 1472 1629 hic
1503 1589 1564 1630 sic
1595 1587 1704 1630 alter

106 1655 290 1699 fratrum
319 1656 475 1713 quibus
500 1655 610 1700 liber
636 1656 686 1700 de
705 1658 900 1715 fraterno
926 1673 1056 1700 amore
1081 1660 1266 1715 scriptus
1296 1657 1388 1701 est?
1430 1658 1478 1701 In
1510 1660 1564 1701 iis
1596 1674 1703 1716 quae

107 1725 366 1784 praecedunt
405 1726 543 1771 editor
573 1726 763 1772 Graecus
792 1743 844 1772 ne
876 1734 1186 1773 commemorat
1218 1729 1579 1786 quidemFabricii
1611 1745 1703 1773 con-

106 1799 315 1842 iecturam
357 1800 631 1851 Ἐπικούρειος
673 1815 750 1857 pro
783 1801 1020 1854 Ἐπίκουρος
1051 1801 1249 1859 legentis.
1282 1801 1358 1844 Est
1388 1806 1533 1844 tamen
1565 1804 1706 1845 certis-

107 1870 218 1913 sima
260 1883 309 1914 ea
350 1870 605 1923 emendati-0.
645 1872 758 1915 Nam
799 1872 903 1929 quid
945 1873 1067 1916 nobis
1109 1874 1179 1916 hic
1223 1887 1322 1916 cum
1364 1873 1551 1930 Epicuro
1583 1873 1704 1930 ipso?

107 1939 243 1985 Porco
270 1940 322 1984 de
347 1955 481 2000 grege
507 1944 599 1986 eius
626 1958 733 2000 opus
760 1948 837 1996 est,
866 1944 1230 2000 quemadmodum
1255 1947 1478 2002 sequentia
1503 1945 1702 1989 clamant.

105 2011 228 2065 ,Quod
259 2017 405 2056 autem
437 2013 563 2071 fingit
594 2016 776 2072 scriptor
806 2015 1037 2058 continuari
1065 2016 1135 2059 hic
1166 2016 1514 2073 disputationem,
1542 2019 1704 2060 mirum

107 2087 317 2140 quantum
343 2085 460 2128 vitae
484 2084 592 2128 illud
621 2088 702 2129 toti
726 2085 837 2129 libro
868 2088 1054 2142 praebet.
1083 2087 1243 2131 Eodem
1269 2088 1340 2131 vel
1365 2088 1500 2131 simili
1526 2088 1704 2132 artificio

108 2159 152 2199 et
177 2154 286 2199 alibi
315 2155 597 2200 Plutarchum
631 2159 699 2200 uti
730 2158 943 2202 videmus.

171 2297 306 2342 548ss
338 2299 563 2357 „Bagoae”
597 2299 838 2344 Patrocleas
870 2306 992 2360 rog-at
1027 2306 1189 2354 „totam
1224 2305 1478 2347 omittamus
1509 2304 1706 2361 disquisi-

109 2371 271 2414 tionem
303 2384 356 2414 an
389 2373 444 2424 τῷ
479 2371 592 2424 λόγῳ
625 2373 810 2423 καθάπερ
839 2373 1038 2426 παρόντος
1067 2375 1374 2426 ἀποκρινώμεθα
1405 2378 1473 2418 τοῦ
1497 2376 1702 2429 εἶπόντος;

167 2441 239 2486 Sic
269 2441 466 2486 locutum
498 2442 764 2487 Patrocleam
797 2444 1055 2488 Plutarchus
1085 2445 1234 2499 finxit;
1267 2448 1410 2490 omnia
1437 2447 1705 2503 perturbavit

109 2512 276 2566 sciolus,
317 2515 393 2571 qui
434 2519 529 2571 post
571 2514 770 2567 παρόντος
813 2516 978 2559 addidit
1020 2516 1087 2559 καὶ
1131 2519 1189 2568 μὴ
1232 2517 1445 2570 παρόντος.
1492 2518 1701 2562 Fraudem

105 2583 277 2630 detexit
302 2584 547 2643 Emperius.

103 2757 106 2761 -
163 2726 304 2773 -5480
346 2728 600 2772 Rectissime
643 2729 711 2772 hic
754 2729 891 2773 editor
921 2730 1138 2788 Madvigii
1170 2733 1329 2788 recepit
1361 2733 1704 2777 emendationem

106 2800 207 2850 ἡμῖν
239 2814 316 2857 pro
347 2801 471 2849 ἡμῶν.
506 2800 598 2844 Hac
631 2802 748 2844 enim
779 2801 828 2844 fit
861 2806 910 2844 ut
944 2804 1088 2845 omnia
1113 2804 1218 2846 bene
1245 2805 1357 2846 inter
1382 2818 1426 2846 se
1453 2804 1706 2848 cohaereant

109 2870 492 2929 respondeantque:
511 2872 737 2929 „Brasidas
752 2872 838 2916 telo
856 2887 878 2916 e
895 2873 1071 2917 vulnere
1087 2878 1276 2918 extracto
1292 2876 1457 2919 hostem
1476 2879 1702 2933 percussit;

109 2942 230 2986 nobis
260 2941 383 2986 facile
414 2944 589 3000 quidem
622 2946 680 2987 sit
711 2958 865 3001 poenas
897 2959 1064 2989 sumere
1092 2947 1144 2990 ab
1169 2961 1218 2990 eo
1244 2949 1318 3004 qui
1346 2962 1420 2991 nos
1444 2947 1703 3002 vulneravit,

109 3012 317 3057 sed-satis
349 3018 414 3068 est
446 3014 584 3058 telum
616 3016 879 3060 removere'’.
