1930 3354
847 263 932 307 605

54 439 58 445 ,
89 386 488 446 aliis-argumentis
519 387 714 431 additum
747 400 955 444 magnum
988 386 1207 430 interdum
1238 386 1366 430 habet
1397 388 1682 437 momentum,

50 467 56 506 ἶ»
89 457 505 506 absolumvaffertur
535 459 658 516 parvi
689 460 755 502 est
782 457 993 514 ponderis.
1028 458 1204 514 Ineptus
1238 459 1296 500 sit
1326 458 1363 500 si
1393 458 1490 514 quis
1519 455 1682 499 librum

90 531 336 587 muroquin
362 528 594 573 Plutarcho
621 543 705 573 non
731 528 962 585 indignum
989 529 1085 572 ideo
1111 530 1150 571 ei
1177 527 1392 572 abiudicet
1410 526 1522 584 quod
1537 527 1682 571 hiatus

88 601 239 645 iubeo,
265 615 353 645 non
390 601 598 653 vitentur,
630 601 816 657 ineptior
845 603 990 643 tamen
1023 601 1154 643 etiam
1188 601 1223 642 si
1255 599 1416 643 librum
1447 597 1682 642 absurdum

88 671 318 716 insulsum.
337 673 543 717 *insanum
583 671 815 716 Plutarcho
857 670 1047 714 vindicet
1087 672 1286 727 quoniam
1325 671 1371 713 in
1400 684 1450 713 eo
1481 670 1682 712 hiatuum

88 743 374 788 vit-adinum,
393 747 596 800 appareat
626 742 835 786 studium.
868 742 926 785 Et
958 741 1060 784 alibi
1085 742 1165 784 hoc
1193 741 1424 784 tenendum
1451 744 1495 784 et
1521 742 1567 784 in
1593 739 1683 783 illis

87 812 411 860 munctionibus
446 813 806 871 compendiisque,
842 827 950 870 quae
982 816 1202 869 tamquam
1237 811 1492 855 Plutarchea
1523 811 1575 854 ad
1589 813 1682 854 ‘nos

86 889 384 943 parvanerunt.
411 883 583 929 Serione
610 884 831 929 credamus
855 886 898 928 in
921 883 1131 927 eiusmodi
1147 883 1378 927 scribendis
1393 882 1515 926 libris
1531 881 1680 926 sedulo

85 958 245 1005 tim
273 957 417 1001 hiatus
447 955 747 1008 Plutarchum,
780 958 850 999 cui
881 955 989 999 nihil
1019 969 1209 1012 unquam
1236 956 1379 998 visum
1407 956 1465 998 sit
1491 955 1681 1011 ineptius

85 1029 370 1086 qnmintius
399 1026 651 1085 diligentiae
680 1042 830 1082 semper
861 1041 951 1070 esse
984 1024 1250 1070 memorem?
1291 1025 1437 1082 Atque
1470 1025 1681 1068 eiusmodi

85 1097 272 1143 dooendiae
287 1097 564 1155 discendique
595 1100 882 1142 instrumenta
913 1112 936 1141 a
968 1099 1334 1154 praestantissimo
1365 1098 1562 1140 omnium
1594 1111 1681 1139 ma-

83 1171 222 1229 gistro
238 1171 499 1226 >composita
530 1184 606 1226 per
636 1183 791 1213 manus
821 1169 1174 1227 philosophorum
1207 1173 1250 1212 et
1282 1167 1679 1225 philosophantium

83 1255 189 1286 mee¹
214 1241 375 1301 tradita
408 1244 453 1286 et
491 1242 552 1285 sic
592 1240 833 1284 labentibus
876 1243 997 1284 annis
1028 1255 1152 1284 omne
1182 1240 1440 1283 contraxisse
1471 1241 1678 1283 vitiorum

82 1327 239 1372 genus
262 1327 400 1358 nonne
440 1326 507 1357 res
547 1314 643 1370 ipsa
684 1311 903 1370 loquitur?
945 1312 1138 1369 Denique
1181 1311 1285 1368 quid
1327 1312 1545 1367 scripserit
1575 1310 1678 1368 quid

82 1398 169 1430 nnn
197 1385 418 1443 scripserit
449 1385 594 1441 ipsum
625 1399 830 1442 rogemus
861 1382 1162 1428 Plutarchum!

104 1480 124 1501 :2
140 1454 201 1501 Et
222 1457 308 1513 §qui
338 1459 460 1503 erant
489 1455 557 1499 illi
584 1456 777 1500 homines
805 1457 1060 1513 quibuscum
1087 1454 1351 1499 Chaeroneae
1378 1454 1553 1498 vivebat
1579 1453 1679 1496 Plu-

84 1525 311 1579 tarchus?
328 1526 414 1574 His
435 1560 437 1562 ·
455 1529 647 1585 primum
689 1528 813 1571 nobis
853 1529 936 1585 ipsi
983 1529 1075 1570 eius
1116 1528 1288 1584 cognati
1318 1526 1546 1583 affinesque
1578 1528 1680 1568 sunt

83 1597 355 1646 nominandi-x
403 1598 626 1656 Lamprias
671 1613 792 1651 avus,
841 1613 967 1642 senex
1011 1598 1087 1642 ille
1134 1600 1330 1642 omnium
1371 1597 1676 1654 lepidissimus,

37 1667 39 1733 L
81 1669 334 1721 Antohuh's.
368 1674 503 1729 pater,
544 1685 671 1728 quem
717 1684 841 1727 saepe
880 1670 995 1714 filius
1035 1669 1282 1727 loquentem
1313 1684 1390 1726 pro
1421 1683 1465 1712 se
1496 1669 1677 1721 inducit,

36 1795 37 1798 Ἰ
82 1755 169 1800 qno
197 1743 407 1790 maiorem
427 1755 523 1789 ‘sua-
545 1742 699 1789 habeat
730 1743 865 1786 oratio
898 1742 1198 1785 auctoritatem
1230 1743 1456 1798 minusque
1481 1754 1678 1798 arrogan-

81 1816 198 1872 tiaugss
234 1821 374 1871 atqua
406 1813 556 1858 eodem
599 1812 776 1857 consilio
807 1818 884 1857 aut
915 1813 1146 1864 Thoonem,
1179 1812 1439 1856 decessorem
1472 1826 1599 1855 suum
1631 1813 1676 1855 in

81 1884 329 1945 widone*
347 1884 569 1943 Delphico,
601 1889 678 1929 aut
708 1884 837 1928 illum
867 1899 995 1942 quem
1026 1884 1095 1928 dei
1125 1886 1259 1928 instar
1289 1883 1391 1928 colit
1416 1885 1677 1942 magistrum

81 1957 363 2004 Ammontem
392 1969 442 2000 ea
473 1955 602 2013 fingit
632 1956 926 2000 defendentem
959 1970 1066 2013 quae
1092 1957 1177 2012 ipsi
1202 1959 1302 1998 sunt
1327 1957 1674 2012 persuasissima;

32 2085 34 2090 Β
79 2030 183 2086 tamt
219 2026 442 2085 Lammina
484 2027 694 2085 Timoque
737 2027 904 2081 fratres,
947 2027 1188 2071 Patrocleas
1220 2027 1369 2079 affinis,
1404 2025 1676 2070 Aristobulus

80 2098 421 2156 thhusque
452 2097 546 2143 filii.
588 2099 786 2156 Ipsorum
819 2097 1193 2150 Chaeronensium‚
1226 2100 1300 2155 qui
1331 2113 1376 2142 se
1406 2097 1473 2141 illi
1503 2099 1677 2141 commi-

81 2175 228 2217 sumt*
263 2171 436 2229 pastori,
480 2170 664 2215 silentur
693 2172 882 2222 nomina,
917 2170 990 2214 sed
1020 2172 1134 2214 inter
1165 2184 1235 2214 eos
1267 2184 1435 2227 quoque
1465 2183 1601 2213 unum
1634 2173 1676 2212 et

79 2241 266 2289 durum
304 2242 436 2287 fuisse
479 2241 595 2286 haud
626 2242 851 2299 spernendi
881 2243 1046 2299 ingenii
1078 2246 1205 2298 atque
1236 2242 1447 2284 acuminis
1476 2239 1675 2285 lubenter

80 2312 313 2359 oredimua
336 2312 531 2371 Denique
563 2311 853 2358 Chaeroneam
886 2327 935 2356 ex
968 2313 1168 2370 omnibus
1201 2313 1430 2369 provinciis
1462 2317 1590 2369 atque
1622 2326 1675 2355 ex

30 2423 31 2426 ,
77 2386 178 2443 ipso·
212 2386 387 2442 imperii
417 2386 555 2442 capite
586 2384 837 2428 confluxisse
870 2383 985 2427 haud
1014 2398 1171 2441 paucos
1203 2385 1558 2441 praestantissimi
1590 2383 1674 2427 cla-

80 2457 325 2514 rissimique
365 2455 610 2514 philosophi
642 2456 816 2500 videndi
848 2456 1211 2513 cognoscendique
1244 2455 1418 2512 cupidos
1449 2459 1492 2498 et
1523 2458 1672 2512 sponte

77 2526 366 2586 intulligimus
396 2532 441 2573 et
471 2542 524 2572 ex
555 2529 662 2585 ipsis
692 2542 816 2584 saepe
848 2526 1072 2570 Plutarchi
1097 2527 1238 2571 verbis
1263 2526 1484 2570 efficimus.
1518 2526 1579 2570 De
1607 2526 1674 2569 his

78 2612 202 2646 nunc
231 2601 463 2657 separatim
503 2600 744 2656 agendum:
787 2598 1020 2642 videndum
1064 2599 1179 2641 enim
1223 2598 1274 2641 de
1314 2599 1407 2654 ipso
1448 2596 1671 2641 Plutarchi

78 2671 256 2727 eiusque
286 2669 553 2728 collegarum
584 2684 775 2714 munere.

136 2739 210 2789 Do*
237 2740 503 2799 philosophis
534 2741 766 2799 loquimur,
799 2741 849 2785 de
881 2742 1094 2784 mentium
1126 2739 1314 2790 medicis,
1347 2740 1398 2784 de
1430 2741 1671 2797 pastoribus

77 2811 287 2859 fidolium.
327 2811 413 2857 Sed
453 2812 600 2870 quales
643 2814 690 2856 hi
730 2812 890 2855 fuerint
931 2812 1126 2855 homines
1157 2825 1268 2854 nunc
1299 2811 1352 2854 ad
1384 2813 1522 2869 ipsam
1552 2810 1672 2855 illius

78 2885 288 2941 temporis
313 2883 455 2930 lucem
486 2883 837 2928 considerandum
871 2883 1056 2927 videtur.

103 2995 109 3001 .
138 2955 340 3001 Primum
371 2969 517 3000 omnes
547 2959 650 2999 sunt
681 2955 838 3008 Γραικοὶ
870 2954 940 2998 καὶ
969 2954 1256 3008 oxomae-uxos,
1290 2968 1372 3011 quo
1403 2955 1577 2997 nomine
1602 2967 1672 3012 ap-

77 3025 228 3084 penui
267 3025 408 3073 solent
449 3041 473 3070 a
514 3030 605 3070 tota
647 3030 725 3070 τῶν
765 3026 987 3078 βαναύσων
1024 3025 1144 3083 plebe
1177 3030 1236 3079 (v.
1271 3023 1358 3070 Cic.
1393 3039 1429 3069 c.
1464 3025 1508 3079 5)
1540 3027 1663 3070 cuius
