2002 3372
859 211 946 255 303

672 419 727 450 ΒΕ
758 418 926 450 ἯΤΙΟΒΟ
959 418 1138 450 PUDORB.

162 548 233 595 Sic
273 551 391 595 enim
422 549 611 596 Graecus
643 548 800 594 titulus
832 552 1032 601 vertitur,
1065 550 1138 594 sed
1170 564 1278 607 opus
1309 555 1374 594 est
1405 550 1548 608 aliquo
1583 565 1704 596 voca-

102 621 222 675 bulo,
253 635 350 679 quo,
384 625 435 666 ut
465 621 629 666 Graeco
661 622 862 674 δυσωπίᾳ,
895 622 1094 664 oculorum
1126 622 1299 679 aliquod
1331 626 1504 666 notetur
1530 623 1703 666 vitium.

100 691 215 736 Nam
256 691 308 736 de
349 693 477 735 oculis
513 696 604 737 toto
636 693 716 737 hoc
746 691 859 736 libro
891 707 1031 736 sermo
1064 698 1130 737 est
1160 698 1235 736 aut
1265 694 1318 737 ad
1349 693 1449 737 illos
1481 693 1704 737 alludit-ur.

102 762 159 824 Et
198 762 472 817 Plutarchus,
516 769 567 808 ut
599 769 690 808 tota
721 778 798 808 sua
830 763 1101 821 philosophia
1131 779 1301 821 semper
1329 764 1465 809 solido
1498 765 1592 808 vult
1625 767 1707 808 niti

101 833 380 880 fundamento
410 836 777 892 (‚,positivistam'’
812 849 914 878 eum
941 836 1020 878 hac
1047 839 1185 880 aetate
1213 835 1494 893 appellaverit
1516 836 1704 894 aliquis),

100 907 164 950 ita
193 921 332 951 nonen
361 920 584 964 nunquam
617 907 753 951 videri
787 907 883 950 vult
913 909 976 950 rei
1007 909 1198 965 signum,
1231 908 1344 964 quod
1372 909 1484 951 inter
1511 909 1706 952 homines

102 979 316 1030 convenit,
358 977 432 1022 sed
463 977 626 1036 aliquid
658 978 771 1035 quod
805 993 906 1021 cum
935 980 1028 1035 ipsa
1061 993 1104 1022 re
1137 978 1323 1038 naturali
1354 979 1538 1036 quadam
1569 994 1708 1024 neces·

101 1049 230 1093 citato
271 1062 402 1107 quam
443 1051 660 1093 artissimo
703 1049 927 1093 cohaereat
961 1049 1147 1102 vinculo,
1187 1050 1300 1106 quod
1338 1052 1476 1107 ipsam
1509 1052 1602 1093 eius
1634 1066 1707 1094 na-

101 1123 248 1164 turam
273 1133 406 1177 quam
431 1122 668 1164 certissime
695 1121 920 1172 describat,
945 1120 1127 1178 denique
1145 1121 1259 1178 quod
1275 1123 1322 1164 in
1339 1121 1707 1178 disputationibus

102 1191 155 1235 de
197 1205 247 1236 ea
286 1193 516 1236 certissimi
555 1193 710 1236 habeat
742 1194 990 1250 argumenti
1022 1194 1126 1236 vim.
1165 1193 1308 1250 Atque
1340 1194 1499 1236 mentis
1531 1195 1706 1245 vitium,

102 1262 156 1307 de
185 1276 271 1319 quo
304 1263 373 1307 hic
397 1265 559 1321 agitur,
585 1263 662 1307 illo
687 1264 826 1306 vitiosi
846 1264 1020 1319 pudoris
1047 1265 1220 1307 nomine
1247 1265 1420 1307 omnino
1449 1279 1532 1307 non
1559 1264 1710 1308 descri-

102 1333 235 1378 bitur.
278 1334 453 1378 Rectius
495 1335 604 1379 foret
644 1340 768 1378 metus
810 1335 1023 1387 hominum,
1066 1349 1165 1378 nam
1208 1337 1300 1378 eius
1342 1340 1407 1378 est
1441 1337 1600 1379 vitium
1632 1338 1708 1393 qui

103 1419 235 1451 uuam
276 1404 400 1450 illam
441 1406 654 1464 syllabam
697 1409 943 1464 negativam
989 1408 1266 1463 pronuntiare
1297 1421 1380 1450 non
1415 1407 1593 1450 audeat:
1628 1407 1708 1451 hoc

24 1493 26 1499 ·
102 1478 195 1534 ipse
235 1475 495 1521 Plutarchus
535 1477 670 1522 libero
710 1478 884 1522 homine
915 1492 1090 1535 prorsus
1120 1477 1352 1535 indignum
1384 1492 1474 1521 esse
1506 1479 1567 1520 ait
1598 1477 1709 1521 illud

22 1583 23 1586 ,
103 1549 147 1592 οὔ
179 1549 225 1592 in
258 1552 452 1607 tempore
483 1550 671 1606 proferre
703 1564 785 1594 non
820 1563 955 1607 posse.
987 1548 1070 1592 Sed
1101 1549 1256 1603 siquam
1285 1549 1365 1592 hoc
1393 1550 1494 1592 vitii
1519 1552 1596 1601 est,
1625 1564 1709 1592 non

102 1621 265 1664 vitium
306 1621 452 1678 ipsum
497 1620 565 1664 vel
605 1622 705 1666 vitii
736 1635 876 1664 causa.
910 1619 1049 1665 Causa
1080 1624 1143 1663 est
1174 1619 1403 1663 infirmitas
1435 1622 1570 1664 animi
1602 1634 1709 1677 quae

103 1690 299 1737 attollere
330 1691 476 1737 oculos
508 1696 627 1736 vetat
659 1696 704 1736 et
734 1696 849 1736 recto
883 1691 1072 1749 aliquem
1104 1693 1264 1735 intueri
1296 1691 1438 1735 vultu.

163 1762 327 1807 Mentis
356 1777 460 1821 ergo
490 1765 653 1808 vitium
685 1764 755 1807 hic
788 1763 1046 1807 describitur
1077 1767 1120 1807 et
1152 1763 1342 1806 remedia
1373 1765 1466 1806 eius
1498 1778 1711 1807 commen-

104 1833 275 1886 dantur,
319 1835 431 1878 sicut
471 1836 515 1878 in
549 1833 673 1878 libris
705 1836 754 1878 de
781 1835 1029 1889 qarrulitate
1060 1838 1103 1878 et
1135 1835 1184 1877 de
1216 1834 1464 1877 curiositate.
1498 1833 1581 1878 Sed
1614 1849 1711 1892 gar-

103 1904 257 1951 rulitas
288 1909 332 1950 et
362 1907 586 1950 curiositas
617 1921 702 1950 non
734 1905 875 1949 solum
909 1905 1169 1963 pervulgata
1201 1910 1302 1949 sunt
1334 1908 1442 1950 vitia
1474 1906 1544 1949 sed
1578 1908 1709 1949 etiam

104 1977 243 2021 cuivis
286 1977 453 2021 homini
488 1977 540 2020 de
571 1977 847 2021 indoctorum
878 1976 1000 2034 plebe
1033 1981 1135 2020 suut
1166 1978 1406 2020 notissima.
1442 1977 1592 2030 Qualia
1624 1979 1711 2020 sint

105 2061 231 2093 nemo
265 2049 456 2106 ignorat,
499 2047 708 2105 quidquid
740 2048 810 2092 vel
843 2050 1237 2105 praestantissimus
1270 2050 1486 2091 mentium
1518 2048 1711 2092 medicus

106 2118 158 2164 de
198 2119 254 2162 iis
293 2122 435 2176 potest
467 2119 673 2164 disserere
704 2120 749 2163 id
781 2120 982 2163 omnibus
1013 2121 1105 2163 eius
1137 2121 1182 2162 in
1214 2123 1420 2176 promptu
1452 2122 1518 2162 est
1548 2119 1713 2163 audito-

105 2190 240 2235 ribus.
273 2190 404 2234 Haud
435 2190 610 2248 quidem
643 2205 814 2248 prorsus
843 2191 1014 2234 inutilis
1042 2191 1113 2234 hic
1141 2194 1205 2234 est
1235 2189 1540 2247 „philosophi”
1569 2190 1713 2247 dispu-

106 2262 235 2309 tatio:
278 2261 442 2306 efficere
482 2265 623 2319 potest
664 2267 714 2306 ut
753 2277 843 2306 rem
877 2262 1034 2306 melius
1067 2263 1377 2319 perspiciamus
1410 2266 1544 2318 utque
1576 2276 1712 2305 corro-

105 2333 282 2377 boretur
319 2333 534 2377 iudicium
576 2337 793 2386 nostrum,
836 2333 909 2377 sed
950 2332 1059 2376 nihil
1102 2347 1178 2376 nos
1220 2333 1341 2376 docet
1384 2333 1499 2389 quod
1541 2347 1711 2389 prorsus

105 2417 268 2449 novum
311 2406 380 2448 sit.
423 2405 483 2448 At
527 2404 782 2462 „dysopia'‘,
826 2406 1028 2462 quamvis
1061 2419 1143 2448 non
1179 2406 1324 2447 minus
1355 2403 1486 2446 multi
1518 2404 1712 2447 homines

106 2489 156 2521 aa
185 2474 380 2520 laborent
412 2490 542 2533 quam
573 2475 829 2533 garrulitate
863 2475 931 2520 vel
964 2477 1225 2526 curiositate,
1259 2480 1301 2518 et
1335 2476 1536 2531 quamvis
1567 2489 1713 2532 aegro-

19 2544 21 2546 ’
106 2547 217 2590 tanti
248 2546 390 2590 multo
420 2547 584 2590 maiora
616 2546 762 2590 afferat
789 2546 993 2603 pericula,
1024 2546 1162 2589 multo
1191 2547 1335 2588 minus
1364 2546 1469 2589 bene
1497 2546 1714 2590 observari

107 2615 230 2669 solet,
271 2616 379 2662 latet
420 2617 672 2674 plerumque
713 2622 756 2661 et
787 2632 840 2661 ne
873 2619 1033 2662 vitium
1067 2617 1240 2674 quidem
1276 2617 1412 2660 videri
1443 2617 1566 2668 solet,
1600 2617 1714 2674 quod

108 2689 250 2733 curari
291 2692 336 2733 et
377 2690 606 2744 exstirpari
649 2688 820 2740 debeat,
865 2690 1068 2744 quoniam
1111 2689 1187 2730 uni
1230 2702 1358 2745 aegro
1404 2691 1572 2739 noceat,
1616 2688 1714 2734 aliis

107 2757 279 2804 nullum
308 2759 455 2804 afferat
481 2758 807 2811 detrimentum,
833 2763 946 2803 certe
973 2758 1145 2802 nullum
1172 2759 1286 2815 quod
1314 2760 1465 2802 statim
1489 2761 1714 2803 sentiatur.

20 2858 21 2861 =
107 2829 167 2876 Et
198 2833 343 2875 tamen
374 2834 438 2875 est
470 2832 631 2874 vitium
663 2832 815 2874 ceteris
848 2831 1046 2874 omnibus
1079 2830 1361 2874 metuendum
1394 2831 1547 2887 magis.

170 2903 363 2946 Acutum
395 2915 499 2959 ergo
531 2906 574 2944 et
606 2903 892 2959 perspicacem
928 2901 1293 2958 „philosophum”
1326 2915 1415 2944 esse
1443 2904 1612 2958 oportet
1639 2902 1715 2957 qui

108 2979 222 3017 recte
253 2972 362 3016 illud
393 2977 437 3016 et
467 2977 662 3016 accurate
694 2972 928 3016 describere
958 2974 1104 3030 possit.
1138 2972 1193 3015 Et
1226 2977 1283 3014 eat
1315 2987 1464 3016 revera
1492 2975 1635 3016 noster
1662 2973 1712 3015 de
