2002 3372
1117 295 1203 338 564

435 421 566 466 947F
610 420 729 474 Quod
760 418 1023 462 contrahitur
1048 413 1409 472 condensaturque
1432 416 1714 459 Anaximenes
1734 414 1943 473 frigdum

373 506 462 535 esse
493 492 609 544 dicit,
642 491 686 533 τὸ
720 489 754 532 δ’
786 488 923 539 ἀραιὸν
953 487 1023 531 καὶ
1056 487 1102 531 τὸ
1133 487 1333 541 χαλαρόν,
1365 484 1466 530 οὕτω
1499 502 1581 534 πως
1607 485 1943 541 ὄνομάκεξὶιιαὶ]

371 564 427 614 τῷ
460 564 612 614 ῥήματι
646 560 798 614 θερμόν.
1719 602 1721 606 ,

432 632 522 675 Vox
563 632 726 675 inclusa
768 629 982 683 deleatur3
1024 628 1228 681 ὀνομάσας
1270 630 1325 682 τῷ
1365 629 1517 683 ῥήματι
1559 627 1772 685 significat
1799 628 1944 685 ipsum

372 705 679 746 Anaximenem
720 716 768 746 eo
809 700 1013 745 vocabulo
1043 715 1184 744 usum.
1216 700 1263 743 In
1295 698 1641 756 praecedentibus
1672 697 1748 742 Pl..
1765 697 1944 749 libutius

372 775 462 817 eius
495 774 751 817 sententiam
782 773 920 816 refert.

433 917 566 962 948C
608 921 778 971 πυρετοῦ
809 918 884 968 μὲν
917 916 1078 965 ἔντασις
1111 949 1121 960 .
1142 949 1152 960 .
1171 949 1180 960 .

435 990 556 1043 Quod
607 991 754 1033 statim
801 988 972 1032 additur
1018 988 1040 1037 ἢ
1089 987 1382 1042 παρέμπτωσις
1431 987 1680 1031 documento
1725 990 1791 1033 est·
1834 990 1945 1032 reete

371 1060 624 1117 Emperium
657 1058 846 1108 ἔνστασις
876 1074 951 1116 pro
985 1058 1144 1107 ἔντασις
1176 1060 1423 1116 reposuisse.

434 1196 568 1239 949E
599 1196 713 1239 Scire
739 1195 946 1252 pervelim
974 1197 1068 1252 quis
1094 1195 1169 1239 ille
1197 1196 1338 1238 Caesar
1363 1196 1417 1237 sit
1441 1195 1515 1251 qui
1541 1194 1618 1237 hoc
1637 1194 1732 1250 ipso
1756 1196 1946 1250 tempore

373 1270 473 1321 (νῦν)
515 1269 559 1310 in
602 1267 796 1311 Danubio
837 1267 1090 1310 hibernavit.
1138 1266 1289 1323 Magni
1330 1267 1446 1309 enim
1488 1265 1697 1308 momenti
1735 1266 1802 1308 est
1840 1265 1946 1308 scire

375 1338 542 1394 quando
574 1338 686 1404 hunc
717 1337 878 1382 librum
909 1339 1124 1395 scripserit
1155 1337 1424 1381 Plutarchus.

432 1485 491 1528 ib.
536 1483 658 1528 ὁπότε
703 1485 758 1528 τὰ
802 1483 943 1538 ζέοντα
985 1485 1062 1528 τῶν
1104 1483 1258 1527 ὑδάτων
1289 1484 1552 1538 ἀναρύτοντες
1583 1482 1763 1527 calidam
1783 1495 1946 1540 nquam

374 1570 474 1598 cum
505 1570 599 1599 aere
630 1557 822 1599 miscent.

434 1627 562 1670 Recte
594 1627 877 1670 cohaerebunt
903 1628 1056 1678 omnia,
1085 1627 1121 1668 si
1146 1627 1179 1668 οἱ
1206 1625 1248 1669 δέ
1274 1641 1372 1669 cum
1395 1626 1461 1670 W.
1488 1625 1687 1683 legemus.
1709 1637 1785 1682 pro
1810 1623 1946 1668 ὁπότε.

437 1772 568 1817 9500
609 1772 786 1824 βελόνας
819 1772 860 1815 δὲ
892 1771 960 1814 καὶ
994 1771 1152 1824 πόρπας
1181 1771 1341 1825 σιδηροῖς
1369 1771 1436 1814 καὶ
1468 1772 1523 1815 τὰ
1550 1770 1692 1815 λεπτὰ
1718 1774 1798 1814 τῶν
1823 1768 1948 1823 ἔργων

375 1846 454 1898 οὐχ
487 1843 603 1888 ὕδατι
636 1844 872 1896 βάπτουσιν
904 1845 1002 1886 ἀλλ’
1035 1843 1171 1896 ἐλαίῳ.
1796 1841 1798 1844 ’

434 1916 540 1958 Rem
576 1929 653 1958 acu
685 1916 831 1972 tetigit
861 1918 904 1957 et
933 1914 977 1956 id
1007 1915 1150 1970 ipsum
1182 1916 1370 1970 reposuit
1400 1914 1511 1970 quod
1540 1912 1828 1970 reponendum
1860 1925 1949 1955 esse

375 1989 514 2045 quivis
546 1988 693 2029 statim
725 1987 854 2029 sentit
886 1984 951 2028 W.
985 1984 1204 2037 ἐργαλείων
1236 1983 1415 2041 legendo
1445 1998 1520 2041 pro
1552 1982 1690 2037 ἔργω-ν.
1747 1994 1750 2016 ῑ

437 2122 570 2165 950F
614 2121 683 2164 καὶ
717 2124 836 2165 τοῦτο
869 2121 914 2170 δὴ
947 2121 992 2163 τὸ
1025 2120 1232 2174 πρόχειρον
1264 2118 1412 2172 ἅπασι,
1448 2122 1553 2172 υπῦρ
1580 2118 1698 2163 ὕδατι
1724 2117 1949 2171 μιγνύναι”

377 2194 440 2248 [τὸ
473 2192 839 2246 παροιμιαζόμενον
872 2194 912 2235 ἐν
944 2197 1026 2238 τοῖς
1059 2191 1289 2246 ἀδυνάτοις]
1319 2194 1537 2244 μαρτυρεῖν
1566 2189 1687 2233 ἔοικέν
1712 2186 1780 2233 ,ὅτι
1812 2190 1899 2234 xri.

437 2263 540 2308 Dele
571 2263 787 2307 insulsum
820 2262 1077 2320 balbumque
1107 2262 1224 2306 scioli
1256 2261 1607 2306 additamentum.

438 2411 576 2454 951A
618 2411 740 2468 Ignis
789 2423 897 2466 aqua
944 2410 1235 2466 exstinguitur
1274 2422 1358 2451 non
1400 2411 1493 2451 aere
1537 2403 1589 2455 ὃς
1634 2402 1948 2450 τούναντίον

378 2481 668 2534 ὑπολαμβάνει
702 2482 775 2531 τὴν
809 2481 946 2524 οὐσίαν
977 2481 1118 2523 αὐτοῦ.

436 2552 505 2596 Sic
535 2556 648 2596 recte
680 2552 728 2595 B.
762 2552 970 2595 traditum
1003 2552 1086 2595 τΙον
1115 2553 1166 2599 ὡς
1200 2552 1391 2594 correxit.

437 2690 494 2732 ib.
547 2690 579 2731 εἰ
624 2688 707 2741 γὰρ
751 2688 868 2731 αἰτία
913 2688 968 2734 εἷς
1015 2683 1033 2728 ὃ
1077 2686 1346 2738 μεταβάλλει
1391 2684 1437 2728 τὸ
1479 2683 1734 2737 Φθειρόμενον
1774 2682 1948 2726 ἐναντίον

380 2761 468 2803 ἐστι’
499 2761 583 2803 xri.

439 2831 554 2873 Haec
585 2832 645 2873 sic
677 2832 904 2874 correxisse
936 2829 1270 2872 Herwerdenum
1303 2829 1364 2871 ait
1389 2827 1545 2871 editor:
1581 2826 1614 2869 εἰ
1638 2825 1721 2878 γὰρ
1743 2819 1813 2868 ἀεὶ
1837 2826 1949 2867 τοῦτ’

378 2902 434 2948 εἷς
475 2900 493 2943 ὃ
525 2901 792 2952 μεταβάλλει
826 2902 870 2943 τὸ
904 2900 1159 2954 φθειρόμενον
1191 2900 1366 2941 ἐναντίον
1400 2898 1498 2941 ἐστί.
1543 2896 1718 2941 Credere
1747 2899 1952 2952 non'pos-

379 2986 498 3014 sum:
527 2987 650 3015 sensu
677 2974 790 3015 enim
817 2986 932 3015 caesa
957 2973 1039 3014 ista
1064 2975 1178 3014 sunt.
1206 2970 1455 3026 Requiritur
1477 2967 1637 3024 aliquid
1661 2969 1703 3009 in
1732 2966 1837 3010 hunc
1862 2981 1951 3010 sen-

380 3045 577 3086 tentiam:
610 3044 749 3100 „quod
777 3047 917 3085 mutat
942 3046 984 3085 et
1012 3042 1122 3098 quod
1148 3045 1342 3084 mutatur
1368 3041 1575 3083 contraria
1600 3041 1700 3081 sunt
1723 3038 1835 3080 inter
1855 3036 1948 3080 .se’'.
