2002 3372
1083 186 1139 228 88

323 311 478 363 τρίας
523 313 612 352 τοῦ
654 308 1097 360 συγγράμματος
1132 307 1392 359 παραλείψω.
1426 306 1675 349 Rectissime
1705 303 1904 349 observat

323 380 616 423 Volkmannus
648 379 752 421 bene
784 377 951 420 consuli
981 377 1184 420 brevitati
1209 379 1410 434 potuisse,
1438 378 1475 418 si
1500 390 1612 419 nunc
1636 377 1780 419 minus
1803 377 1904 419 nota

325 452 613 508 proferrentur
655 449 863 505 exempla.
908 447 1017 501 Quid
1053 462 1152 492 vero
1187 446 1356 491 noster?
1399 447 1630 490 Decantata
1659 445 1738 491 illa
1765 449 1910 490 narrat

327 522 376 564 de
404 521 549 565 Cleobi
576 525 617 564 et
644 521 795 562 Bitone
825 519 975 574 hisque
993 518 1164 570 similia,
1183 519 1254 562 sed
1270 522 1487 575 praeterea
1502 517 1624 562 nihil.
1652 517 1757 575 Pag.
1779 515 1909 561 1140

326 594 527 636 recurrit:
563 586 591 634 ἃ
625 590 858 644 φειδόμενος
895 595 966 639 τῆς
1000 593 1068 632 τοῦ
1103 591 1228 640 λόγου
1260 590 1518 641 συμμετρίαις
1551 589 1789 641 παρέλιπον.

388 663 423 705 Ε
459 662 590 704 115Ε
623 661 747 713 μυριά
780 661 812 702 δ’
848 659 914 702 ἐπὶ
948 661 1098 712 μυρίοις
1133 660 1182 702 ἄν
1212 677 1272 708 τις
1302 660 1387 713 ἔχοι
1417 663 1589 702 τοιαῦτα
1618 659 1910 713 παρατίθεσθαι

330 735 423 786 πρὸς
457 733 584 775 ταύτὸ
618 730 865 784 κεφάλαιον.
910 731 1021 783 Quid
1052 733 1192 788 magis
1224 746 1247 774 a
1278 745 1379 775 vera
1411 730 1696 774 consolatione
1726 729 1914 774 alienum

331 818 458 860 quam
501 806 584 846 ista
627 802 890 857 capitulorum
930 800 1118 845 mentio?
1160 801 1292 844 'Addit
1334 801 1506 845 sedulus
1548 814 1676 858 puer:
1715 802 1814 844 ἀλλ’
1846 802 1914 844 οὐκ

333 876 562 926 ἀναγκαῖον
596 877 880 924 μακρηγορεῖν.
1861 905 1867 910 .

393 945 426 987 F
473 944 555 987 Sed
598 943 953 986 absurdissimum
996 956 1047 984 ex
1090 942 1167 985 hoc
1203 956 1355 998 genere
1398 946 1462 985 est
1503 942 1615 998 quod
1642 941 1808 1000 legitur
1836 941 1914 985 sub

332 1017 460 1059 finem
506 1015 620 1066 libri,
669 1028 814 1069 eoque,
864 1013 1091 1069 prudenter
1132 1018 1175 1056 et
1215 1019 1336 1056 acute
1378 1017 1426 1055 ut
1464 1013 1582 1065 solet,
1624 1012 1915 1056 Volkmannus

334 1092 554 1142 tamquam
587 1086 788 1141 primario
821 1098 923 1126 usus
955 1087 1018 1126 est
1049 1089 1303 1140 argumento
1336 1098 1418 1140 quo
1451 1087 1590 1127 totum
1622 1083 1784 1128 librum
1815 1083 1916 1127 Plu-

336 1157 480 1200 tarcho
512 1156 795 1198 abiudicaret:

401 1227 531 1269 121E
575 1227 715 1268 ταῦτά
760 1242 819 1268 σοι
854 1226 1117 1278 συναγαγών,
1153 1225 1400 1268 Ἀπολλώνιε
1433 1225 1635 1279 φίλτατε,
1668 1225 1735 1268 καὶ
1767 1224 1918 1272 συνθεὶς

338 1300 478 1347 μετὰ
525 1304 730 1345 πολλῆς
768 1296 1098 1347 ἐπιμελείας
1132 1297 1456 1350 ἀπειργασάμην
1487 1297 1554 1340 τὸν
1584 1296 1917 1351 παραμυθητικόν

339 1384 396 1411 σοι
430 1368 565 1419 λόγον.

399 1439 526 1482 Haud
553 1453 732 1495 agnosco
757 1438 1151 1496 Wyttenbachium,
1180 1441 1252 1496 qui
1280 1439 1383 1482 talia
1411 1439 1479 1483 vel
1505 1453 1529 1482 a
1555 1441 1711 1484 iuvene
1733 1440 1921 1496 potuisse

339 1511 464 1554 scribi
497 1510 727 1552 Plutarcho
759 1509 994 1552 crediderit.

400 1581 514 1634 Quae
546 1584 758 1636 praeterea
790 1580 840 1622 de
872 1580 1056 1637 singulis
1086 1580 1189 1623 locis
1215 1584 1413 1624 annotem
1439 1595 1572 1637 pauca
1597 1582 1742 1625 habeo.
1774 1580 1830 1624 Et
1849 1584 1920 1624 est

340 1653 515 1694 fortasse
557 1655 672 1694 totus
714 1651 821 1694 liber
853 1651 1056 1708 indignus
1090 1666 1216 1707 quem
1248 1652 1470 1695 emendare
1500 1653 1569 1695 hic
1598 1652 1688 1696 illic
1719 1665 1921 1696 conemur

339 1723 482 1764 etiam.

403 1792 539 1834 104ss
591 1790 653 1834 De
696 1791 870 1834 Pindari
913 1792 1051 1835 verbis
1094 1794 1211 1839 σκιᾶς
1255 1791 1346 1846 ὄναρ
1389 1791 1587 1844 ἄνθρωπος
1634 1793 1692 1836 sic
1734 1791 1923 1849 disputat

339 1866 501 1906 noster:
547 1864 807 1914 ἐμφαντικῶς
842 1862 998 1915 σφόδρα
1034 1862 1101 1904 καὶ
1136 1864 1391 1917 φιλοτέχνως
1428 1864 1632 1917 ὑπερβολῇ
1664 1863 1923 1917 χρησάμενος

340 1935 407 1976 τὸν
450 1934 526 1974 τῶν
570 1934 779 1985 ἀνθρώπων
821 1933 911 1984 βίον
951 1933 1140 1983 ἐδήλωσε.
1189 1934 1230 1976 τί
1272 1934 1353 1986 γὰρ
1387 1937 1507 1982 σκιᾶς
1539 1935 1843 1988 ἀσθενέστερον·;
1875 1934 1920 1976 τὸ

342 2004 380 2046 δὲ
415 2005 568 2051 ταύτης
603 2002 694 2056 ὄναρ
727 2003 807 2046 οὐδ’
840 2003 889 2046 ἂν
922 2004 1126 2057 ἕκφράσαι
1161 2020 1222 2052 τις
1255 2003 1383 2057 ἕτερος
1418 2005 1596 2054 δυνηθείη
1629 2009 1790 2058 σαφῶς.

400 2074 584 2117 Puerilis
611 2078 674 2117 est
701 2075 900 2117 orationis
926 2074 1042 2117 istud
1068 2072 1195 2126 ἕτερος
1222 2075 1373 2119 addere
1386 2090 1398 2129 3
1428 2076 1583 2119 melius
1607 2090 1654 2120 eo
1670 2089 1922 2120 careremus.

343 2145 395 2187 Et
421 2159 556 2188 nonne
587 2145 826 2197 ἐμφατικῶς
855 2143 1114 2201 legendum?
1141 2145 1285 2189 Oratio
1304 2147 1613 2204 „emphatica’',
1632 2160 1761 2204 quam
1776 2147 1924 2190 dicunt

341 2217 626 2273 grammatici,
662 2215 865 2269 ὑπερβολῇ
899 2219 962 2258 est
993 2220 1185 2272 cognata.

405 2285 534 2329 1040
568 2286 591 2336 ἥ
622 2287 660 2327 τ’
692 2285 838 2335 ἄδηλος
872 2284 975 2334 αὕτη
1011 2287 1120 2339 τύχη
1155 2286 1346 2340 πόρρωθεν
1381 2290 1476 2338 ἡμῖν
1511 2288 1577 2331 καὶ
1606 2287 1663 2331 ἔτ’
1690 2289 1764 2331 ἀπ’
1787 2289 1920 2342 ἀρχῆς

342 2358 616 2407 ἠκολούθηκεν.

401 2429 611 2481 Quorsum
638 2427 754 2470 istud
781 2426 839 2469 ἔτι
868 2426 1066 2470 additur?
1093 2428 1158 2470 An
1185 2429 1270 2472 fere
1297 2430 1410 2472 idem
1439 2443 1528 2473 esse
1557 2430 1681 2473 debet
1697 2429 1808 2486 quod
1827 2428 1922 2479 ἤδηῗ

398 2500 455 2542 ib.
488 2499 721 2555 Postquam
755 2499 1062 2542 demonstravit
1092 2501 1178 2542 iam
1212 2502 1373 2543 semina
1402 2515 1525 2544 omne
1554 2501 1766 2544 malorum
1789 2515 1926 2559 genus

339 2572 382 2612 in
425 2584 467 2612 se
510 2571 677 2621 habere,
721 2571 780 2612 sic
820 2573 954 2612 semet
995 2572 1253 2627 interrogat:
1301 2575 1369 2613 τοῦ
1414 2572 1459 2620 δὴ
1501 2572 1624 2626 χάριν
1665 2571 1924 2624 ἐτραπόμεθα

340 2640 448 2693 δεῦρο
459 2655 469 2692 ;
518 2640 709 2682 Absurde
751 2640 983 2683 delectatur
1024 2641 1233 2684 eiusmodi
1275 2643 1537 2686 transitionis
1584 2641 1806 2695 formulis3
1853 2643 1923 2686 hic

339 2714 450 2753 certe
482 2710 647 2753 nullam
682 2710 782 2753 fecit
816 2711 1136 2767 digressionem.
1185 2712 1241 2754 Et
1271 2712 1517 2769 respondet:
1550 2710 1597 2755 ἵν’
1629 2713 1828 2763 εἰδείημεν
1861 2705 1939 2756 ὅτι

340 2781 472 2822 καινὸν
505 2782 676 2832 ἀτυχεῖν
708 2781 816 2822 οὐδὲν
852 2782 1051 2834 ἀνθρώπῳ.

401 2851 651 2893 Rectissime
684 2850 884 2893 Reiskius
918 2853 1174 2907 transponit:
1209 2852 1342 2895 καινὸν
1376 2853 1485 2895 οὐδὲν
1517 2854 1692 2905 ἀτυχεῖν
1721 2854 1921 2906 ἀνθρώπῳ.

340 2921 459 2974 Quod
486 2922 612 2963 homo
641 2921 814 2964 adversa
845 2923 983 2964 utitur
1010 2923 1178 2965 fortuna
1195 2923 1301 2966 nihil
1317 2925 1417 2966 novi
1436 2922 1503 2967 vel
1519 2924 1619 2966 miri
1635 2937 1683 2966 ea
1698 2937 1764 2966 res
1780 2923 1921 2967 habet.
