2002 3372
1104 218 1160 261 96

406 338 471 380 Ad
503 338 693 395 singulos
724 338 836 380 locos
867 338 970 381 haec
1002 339 1135 382 habeo
1168 353 1274 396 quae
1306 342 1516 382 annotem.

410 409 543 452 122D
592 410 653 452 De
695 423 771 451 sua
813 423 911 451 cum
957 409 1079 452 docto
1123 410 1308 466 quodam
1349 409 1513 452 medico
1555 408 1842 465 disputatione
1883 423 1927 452 se

346 479 582 522 relaturum
611 481 824 537 promittit
849 479 1093 537 Zeuxippus
1120 480 1474 538 „Philosophus''.
1507 479 1563 522 Et
1587 479 1812 536 respondet
1826 479 1933 523 alter

346 550 681 606 „philosophus”
714 550 959 593 Moschion:
1102 544 1103 547 ¹

406 621 522 663 άλλοὶ
555 621 622 663 καὶ
658 621 807 664 τούτων
843 619 978 672 ἔγωγε
1012 621 1081 663 καὶ
1114 626 1190 664 τῶν
1223 621 1376 673 ἄλλων,
1413 619 1440 664 ὦ
1475 620 1698 674 Ζεύξιππε,
1731 620 1928 674 πρόθυμος

345 692 547 743 οὶκροατης
581 691 699 740 ἡδέως
725 690 784 733 ’ἂν
817 692 1019 742 γενοίμην.

406 762 554 804 Nonne
587 766 662 804 aut
693 763 892 815 πρόθυμος
924 766 999 805 aut
1033 762 1151 812 ἡδέως
1172 763 1340 815 'vitiose
1372 761 1585 805 abundat?

409 832 538 875 1221}
585 833 705 885 Quod
750 832 1085 890 „philosophus”
1131 833 1180 876 de
1213 837 1301 876 arte
1333 833 1496 876 medica
1529 832 1736 889 quaedam
1767 834 1813 876 in
1844 846 1932 876 me-

343 903 460 946 dium
494 903 724 960 protulerit
756 905 814 946 sic
845 903 1090 961 Zeuxippus
1122 908 1317 947 excusat:

402 977 443 1017 οὐ
489 974 731 1026 παράβασιν
773 971 866 1028 ὅρων
899 976 1112 1030 ἐπικαλεῖν
1145 976 1208 1018 δεῖ
1236 980 1317 1021 τοῖς
1351 975 1438 1027 περὶ
1474 975 1654 1026 ὑγιεινῶν
1686 973 1933 1027 διαλεγομέ-

343 1060 419 1092 νοις
447 1045 704 1098 Φιλοσόφοις,
732 1046 831 1087 &MC
860 1046 894 1087 εἰ
925 1045 984 1096 μη
1012 1046 1283 1087 παντάπασιν
1312 1045 1526 1093 ἀνελόντες
1543 1045 1634 1093 τοὺς
1653 1043 1759 1099 ὅρους
1779 1044 1930 1088 οἴονται

342 1115 420 1157 δεῖν
452 1115 583 1168 ὥσπερ
617 1117 655 1157 ἐν
687 1120 766 1171 μιᾷ
799 1119 914 1170 χώρᾳ
948 1121 1078 1162 κοινῶς
1104 1117 1425 1168 ἐμφιλοκαλεῖν.

401 1187 457 1229 Et
498 1188 730 1230 sententiae
771 1188 855 1243 ipsi
887 1191 930 1230 et
963 1189 1052 1230 eius
1085 1190 1322 1230 structurae
1354 1186 1600 1230 consultum
1632 1187 1713 1231 erit
1744 1188 1781 1231 si
1811 1187 1929 1230 ἀλλὰ

342 1257 571 1300 deleveris:
606 1257 724 1300 nulla
755 1259 837 1300 erit
867 1259 910 1300 in
946 1257 1271 1315 „philosophis”
1304 1257 1429 1314 culpa
1461 1257 1693 1301 dummodo
1725 1271 1777 1301 ne
1807 1257 1930 1314 plane

342 1327 495 1370 tollant
527 1330 685 1370 artium
718 1327 893 1371 illarum
926 1330 1144 1372 terminos

406 1398 537 1442 1221?
582 1399 760 1441 Narrare
793 1400 852 1441 sic
887 1401 1132 1456 Zeuxippus
1163 1401 1338 1456 incipit:

402 1467 481 1521 ἔφη
516 1470 642 1511 τοίνυν
675 1470 691 1511 o‘
725 1469 880 1521 ἑταῖρος
916 1472 1025 1519 ἡμῶν
1058 1471 1233 1512 ἀκοῦσαί
1265 1486 1364 1517 τινος
1399 1469 1603 1520 λέγοντος.

401 1539 528 1582 Recte
558 1538 746 1596 intelligi
778 1539 885 1582 liber
915 1555 997 1583 non
1030 1544 1182 1596 potest,
1215 1542 1296 1583 nisi
1327 1539 1455 1583 illum
1484 1541 1638 1594 ἑταῖρον
1664 1542 1810 1598 ipsum
1837 1554 1926 1584 csse

344 1609 624 1652 Plutarchum
657 1612 823 1653 statuis.
1983 1605 1988 1609 ⁴

405 1680 537 1723 123A
577 1680 772 1737 Frigidas
804 1681 957 1724 habere
990 1696 1142 1725 manus
1175 1697 1429 1739 magnopere
1460 1687 1582 1726 nocet
1613 1684 1806 1726 sanitati:

400 1752 445 1793 τὸ
479 1752 513 1793 δ’
541 1751 612 1801 ἔξω
647 1752 874 1805 στρέφοντα
911 1753 1022 1803 μετὰ
1056 1759 1126 1802 τῆς
1163 1753 1402 1806 θερμότητος
1433 1752 1567 1796 ἕλκειν
1595 1754 1662 1796 ἐπὶ
1690 1753 1829 1797 πάντα
1857 1754 1927 1798 καὶ

341 1821 542 1871 διανέμειν
576 1822 647 1870 την
680 1820 779 1871 ὕλην
807 1823 991 1873 ὑγιεινόν.

399 1892 585 1935 Obscura
616 1893 731 1943 haec,
763 1894 1115 1936 obscurissimum
1146 1908 1247 1938 vero
1281 1909 1387 1951 quae
1419 1896 1487 1938 hic
1519 1893 1594 1944 ὕλη
1631 1895 1810 1940 dicatur.
1843 1895 1927 1939 Sed

338 1962 428 2005 dele
459 1963 585 2015 μετά,
614 1964 756 2006 omnia
782 1968 907 2007 erunt
933 1967 1200 2021 apertissima
1227 1967 1550 2022 aptissimaque:
1580 1970 1748 2023 oportet
1773 1965 1926 2010 caloris

338 2035 573 2085 materiam,
617 2048 723 2090 quae
764 2035 808 2076 in
850 2036 1004 2079 intimo
1047 2035 1202 2079 residet
1235 2051 1418 2093 corpore,
1452 2037 1562 2080 foras
1595 2037 1760 2081 trahere
1792 2041 1835 2080 et
1865 2038 1924 2079 sic

336 2119 410 2161 per
441 2109 581 2148 totum
614 2118 811 2161 spargere
843 2119 1009 2162 corpus,

402 2174 530 2219 1230
573 2175 688 2218 Dum
721 2174 913 2219 valemus
946 2180 1113 2233 oportet
1143 2191 1220 2220 nos
1251 2181 1402 2234 sponte
1434 2178 1644 2222 abstinere
1675 2179 1800 2222 rebus
1829 2179 1922 2235 qui—

336 2246 512 2288 busdam
555 2247 710 2303 quibus
752 2247 1024 2290 interdicitur
1065 2249 1204 2305 aegris
1237 2253 1308 2298 τῆς
1342 2251 1484 2300 ψυχῆς
1518 2250 1799 2303 ἀφαιροῦντας
1831 2250 1923 2302 πόρ-

335 2318 450 2368 ρωθεν
483 2317 541 2360 ἔτι
576 2320 647 2365 την
681 2320 770 2371 περὶ
803 2322 941 2362 ταῦτα
974 2320 1360 2370 μικρολογίαν.

395 2386 506 2431 Cum
540 2389 605 2431 W.
640 2390 914 2442 μικρολυπίαν
946 2389 1178 2446 legendum
1211 2389 1396 2433 videtur.

393 2459 448 2501 ib.
493 2459 774 2503 Proverbium
805 2460 946 2516 „elige
975 2461 1202 2516 optimum,
1220 2474 1351 2504 suave
1366 2460 1476 2503 illud
1493 2461 1616 2504 faciet
1633 2461 1919 2505 consuetudo''

335 2531 402 2570 καὶ
437 2532 548 2572 κατὰ
583 2531 701 2583 μέρος
732 2533 781 2579 ὥς
817 2529 977 2573 ἕκαστα
1010 2530 1056 2582 (l.
1090 2531 1145 2578 εἷς
1181 2530 1238 2573 ἐκ.
1276 2531 1431 2589 Wytt.)
1464 2531 1690 2586 πειρωμένῳ
1716 2532 1918 2585 χρήσιμόν

333 2599 432 2650 ἐστι,
476 2600 667 2650 μάλιστα
709 2601 748 2643 δὲ
784 2606 860 2643 τῶν
894 2601 981 2654 περὶ
1018 2601 1062 2642 τὸ
1097 2606 1215 2651 σῶμα
1250 2601 1531 2652 διαιτημάτων
1565 2603 1605 2644 ἐν
1637 2607 1718 2650 τοῖς
1753 2603 1919 2654 ὑγιεινο-

332 2670 469 2717 τάτοις
515 2671 730 2722 ἐπάγοντα
764 2674 835 2721 την
869 2673 1076 2721 συνήθειαν
1107 2673 1256 2722 εὐμενῆ
1289 2673 1356 2715 καὶ
1391 2673 1573 2725 γνώριμα
1606 2679 1655 2727 τῇ
1688 2673 1814 2727 φύσει
1847 2674 1916 2717 καὶ

332 2739 458 2782 οἰκεῖα
492 2742 833 2796 παρασκευάζειν.

391 2809 530 2853 Insere
565 2813 610 2854 τό
641 2818 735 2868 post
768 2812 958 2863 μάλιστα
994 2812 1048 2864 δέ,
1082 2816 1125 2855 et
1156 2812 1248 2856 dele
1285 2814 1338 2855 ἐν.

394 2879 528 2923 124Α
569 2881 615 2924 Si
656 2898 745 2934 nos,
789 2883 892 2925 dum
924 2897 1094 2938 corpore
1127 2897 1275 2925 sumus
1307 2886 1470 2934 onusto,
1505 2883 1687 2935 ἀνάγκαι
1723 2885 1915 2927 καταλά-

290 2957 295 2962 ”
328 2949 468 3000 βωσιν,
514 2953 720 3002 ἡγεμόνων
764 2954 994 2995 καλούντων
1028 2954 1047 3001 ἢ
1081 2952 1198 3003 ξένων
1233 2953 1526 3005 ἐπιφανέντων,
1560 2954 1628 2996 ὑπ’
1661 2955 1797 3002 αἰδοῦς
1829 2955 1910 3006 βαι-
