2002 3372
1103 194 1188 238 176

355 321 638 364 lactationem.
682 318 763 361 Sed
794 317 896 374 quid
928 317 997 360 hic
1029 316 1251 374 colloquiis
1283 321 1346 361 est
1377 318 1658 363 condiendum
1691 322 1736 363 et
1764 320 1940 363 suavius

355 388 641 434 reddendum?
672 389 780 445 Ipsa,
814 392 864 429 ut
892 389 1052 444 opinor,
1080 402 1146 431 res
1170 390 1215 430 in
1241 402 1324 445 qua
1351 402 1449 431 cum
1475 391 1663 432 maxime
1691 395 1935 442 venantum

356 476 463 518 quae
505 464 710 517 quantum
752 459 904 501 habeat
933 458 1091 501 laboris
1122 459 1249 515 probe
1282 464 1438 502 norunt
1470 461 1544 516 qui
1575 473 1763 516 unquam
1796 461 1936 508 maius

354 532 526 588 aliquod
571 532 812 586 imaginum
860 533 1185 586 statuarumque
1232 529 1542 586 perlustrarunt
1589 544 1812 585 museum3
1857 533 1935 575 vix

352 603 442 646 ulla
482 603 714 658 excogitari
754 604 893 656 potest
932 601 998 642 via
1039 614 1146 656 quae
1188 602 1327 657 magis
1369 601 1573 658 defetigat
1617 605 1777 645 euntes.
1819 601 1937 659 Lege

353 688 453 730 ergo
501 674 594 723 πρὸς
643 673 714 721 τὴν
762 671 936 721 πορείαν.
984 671 1120 723 Quam
1168 674 1452 715 coniecturam
1500 673 1672 729 egregie
1715 671 1934 716 confimat

350 744 621 799 illustratque
662 742 778 785 locus
818 744 863 784 in
903 743 1028 785 initio
1072 741 1172 793 libri
1214 744 1263 784 de
1305 743 1516 785 cohibenda
1556 743 1621 786 ira
1650 741 1835 797 (4530).
1867 743 1934 787 Ibi

352 814 471 857 Sulla
502 813 755 856 Fundanum
786 817 909 869 rogat
939 816 990 855 ut
1020 813 1102 855 sibi
1131 827 1220 855 rem
1253 813 1464 868 quandam
1492 817 1674 870 exponat
1700 819 1774 863 τῆς
1805 813 1933 857 ὁδοι-

353 886 544 936 πορίαις
589 886 744 937 σχολὴν
786 882 980 932 διδούσης.
1024 883 1115 926 16111
1157 885 1258 926 satis
1300 883 1373 926 diu
1405 884 1450 926 hi
1483 885 1610 927 amici
1641 882 1929 936 ambularunt,

351 970 463 998 nunc
493 955 709 1011 paulisper
741 956 1000 1011 requiescere
1030 956 1084 997 iis
1115 953 1227 997 licet.
1818 955 1823 960 '

412 1080 544 1125 396G
587 1081 708 1123 Aeris
750 1079 967 1123 subtilitas
1002 1079 1244 1132 (λεπτότης)
1277 1094 1359 1122 non
1393 1079 1532 1123 solum
1563 1082 1778 1138 aeruginis
1808 1094 1933 1125 causa

351 1157 414 1196 est
446 1153 562 1194 ἀλλὰ
595 1152 664 1194 καὶ
697 1154 769 1199 την
801 1150 929 1204 χρόαν
961 1151 1129 1198 αὐτην
1162 1157 1288 1194 ποιεῖν
1321 1149 1444 1194 ἔοικεν
1476 1151 1623 1201 ἡδίονοι.

410 1223 575 1280 Ecquid
603 1223 789 1265 dubitari
816 1226 955 1279 potest
977 1223 1080 1278 quin
1102 1226 1214 1265 recte
1232 1220 1336 1272 αὕτη
1355 1223 1480 1265 scribi
1495 1224 1668 1267 iusserit
1681 1221 1930 1280 Emporias?

414 1348 551 1392 396D
596 1348 756 1404 „Saepe
799 1349 980 1390 miratus
1021 1346 1147 1389 sum''
1182 1346 1470 1405 Diogenianus
1503 1349 1564 1391 ait
1596 1340 1933 1407 „tam‘ingratos

351 1434 473 1477 saepe
505 1434 592 1462 esse
626 1433 774 1463 versus
807 1418 960 1475 quibus
990 1417 1159 1460 oracula
1191 1423 1291 1460 sunt
1321 1419 1544 1475 concepta''

412 1492 542 1533 καίτοι
586 1489 842 1540 μουσηγέτης
888 1489 905 1531 ὅ
951 1488 1049 1540 θεός,
1093 1489 1163 1529 καὶ
1205 1494 1277 1536 τῆς
1321 1488 1546 1539 λεγομένης
1582 1489 1815 1539 λογιότητος
1849 1489 1927 1542 οὐχ

352 1561 470 1612 ἧττον
503 1562 613 1613 αὐτῷ
633 1560 771 1603 ’καλὸν
803 1561 824 1610 ἢ
859 1566 931 1608 τῆς
966 1559 1053 1611 περὶ
1087 1548 1194 1610 μέλη
1227 1559 1295 1602 καὶ
1330 1559 1432 1613 ᾠδὰς
1464 1548 1665 1612 εὗφώνίοις
1698 1565 1897 1611 μετεῖναι.

410 1633 473 1675 Ν6
505 1633 762 1675 contrarium
792 1630 902 1673 dicat
933 1629 986 1673 D.
1020 1631 1110 1672 eius
1142 1629 1252 1686 quod
1284 1631 1444 1687 cogitat
1474 1632 1611 1674 exime
1643 1631 1680 1681 ἥ.
1713 1630 1783 1674 Sic
1814 1631 1928 1674 enim

350 1705 390 1746 ei
432 1707 494 1746 est
533 1702 859 1759 disputandum:
905 1701 1157 1752 „Musarum
1188 1701 1274 1743 dux
1306 1706 1369 1744 est
1402 1701 1517 1753 deus,
1549 1701 1666 1745 decet
1698 1716 1798 1760 ergo
1829 1716 1930 1745 eum

349 1789 432 1817 non
478 1775 620 1816 minus
666 1788 754 1816 esse
802 1773 1053 1830 participem
1099 1773 1286 1828 poeticae
1333 1773 1436 1815 artis
1483 1786 1610 1829 quam
1656 1771 1926 1830 sapientiae’'.

350 1845 575 1901 Sequitur:
1194 1854 1197 1857 ·

411 1916 500 1961 τοὺς
536 1915 575 1956 δὲ
610 1914 784 1960 πολλοὺς
819 1915 895 1955 τῶν
929 1917 1122 1966 χρησμῶν
1158 1913 1307 1966 ὁρῶμεν
1340 1914 1406 1955 καὶ
1440 1918 1522 1961 τοῖς
1556 1913 1710 1966 μέτροις
1745 1914 1813 1956 καὶ
1846 1918 1929 1960 τοῖς

350 1985 540 2035 ὀνόμασιν
573 1985 868 2035 πλημμελείας
900 1983 967 2026 καὶ
1003 1984 1266 2035 Φοιυλότητος
1299 1985 1709 2034 ἀναπεπλησμένους.
1901 1982 1903 1984 μ

410 2056 470 2098 Ut
509 2060 621 2099 recte
663 2055 888 2113 procedant
931 2057 1087 2106 omnia,
1133 2055 1509 2112 obtemperandum
1554 2059 1618 2098 est
1647 2054 1931 2099 Bernardakio

349 2131 444 2183 post
477 2127 622 2180 ὁρῶμεν
653 2126 823 2169 addenti
855 2123 959 2168 εἶπε.

410 2251 544 2294 396F
586 2251 926 2295 Commemorata
957 2250 1097 2306 lepida
1128 2252 1365 2294 narratione
1396 2250 1446 2293 de
1477 2265 1584 2308 equo
1610 2259 1737 2308 quem
1763 2265 1928 2295 curren-

350 2326 437 2365 tem
468 2324 662 2379 pinxerat
693 2323 830 2365 Pauso
857 2324 901 2364 in
928 2336 1087 2378 equum
1118 2323 1191 2377 qui
1219 2335 1261 2364 se
1288 2320 1456 2364 volutat
1484 2336 1681 2365 converso
1699 2322 1749 2366 ab
1766 2321 1928 2374 eodem,

350 2396 408 2436 sic
441 2393 654 2450 disputare
685 2395 827 2450 pergit
859 2393 1046 2435 Boethus
1077 2397 1316 2449 geometra:

410 2466 529 2507 τοῦτό
555 2469 677 2518 Φησιν
707 2465 723 2507 o‘
754 2464 849 2506 Βίων
879 2464 1000 2510 ένίους
1029 2465 1105 2505 τῶν
1133 2462 1263 2514 λόγων
1290 2463 1485 2515 πάσχειν,
1509 2462 1606 2506 ὅταν
1624 2462 1922 2517 ἀναστρέφωσι.

409 2535 547 2578 Immo
579 2536 872 2589 οὶναστροιφῶσι
905 2548 1003 2577 611111
1036 2534 1269 2576 Perizonio.

411 2655 545 2700 397ss
594 2657 714 2707 „Non
757 2657 891 2698 dulces
932 2670 1021 2698 esse
1065 2659 1230 2711 oportet
1273 2669 1434 2706 versus,
1477 2655 1550 2698 sed
1589 2655 1740 2698 rec-tow
1784 2659 1927 2698 monet

350 2726 522 2783 Sarapio
555 2731 678 2783 poeta
709 2731 750 2771 et
784 2729 843 2769 sic
874 2725 997 2769 illam
1032 2725 1192 2768 claudit
1223 2725 1575 2782 disputationem:
1611 2727 1744 2775 ἡδονὴν
1770 2726 1853 2777 γὰρ
1882 2727 1925 2768 οὗ

350 2799 559 2850 προσίεται
602 2799 645 2839 τὸ
690 2799 847 2844 ἀπαθὲς
890 2797 958 2839 καὶ
1004 2796 1143 2847 οὶγνόν,
1188 2797 1287 2838 ἀλλ’
1320 2797 1494 2839 ἐνταῦθα
1536 2797 1647 2846 μετὰ
1691 2801 1764 2846 τῆς
1788 2797 1924 2845 ’Ἄτης

350 2868 487 2920 ἐρρίφη
531 2868 599 2910 καὶ
639 2869 684 2910 τὸ
721 2874 914 2911 πλεῖστον
947 2868 1078 2916 αὐτῆς
1112 2866 1180 2908 καὶ
1214 2868 1265 2913 ὥς
1301 2866 1420 2909 ἔοικεν
1453 2867 1508 2913 εἷς
1542 2868 1596 2909 ’τὰ
1630 2864 1715 2908 ὦτα
1750 2871 1826 2909 τῶν
1857 2867 1926 2908 ἀν-

349 2937 505 2989 θρώπων
539 2938 805 2989 συνερρύηκεν.
