2002 3372
1101 170 1186 214 190

349 297 507 339 efficere
540 294 772 338 sacerdotes
805 295 1041 351 Aegyptios
1072 293 1313 351 inaequales
1346 308 1434 338 esse
1466 307 1618 339 annos:
1650 295 1930 352 inaequalitas

350 369 463 410 enim
493 369 574 409 ista
606 380 771 422 semper
799 366 1034 408 breviorem
1061 365 1199 408 reddit
1223 366 1290 407 τὸν
1317 363 1451 419 ἕτερον
1478 367 1693 420 (ἐνιαυτὸν)
1719 369 1790 410 τοῦ
1816 366 1935 420 mod·

350 454 492 488 γοντος
522 438 793 489 βραχύτερον.

410 509 538 551 Recte
579 510 689 550 inter
729 521 772 550 se
805 509 1075 563 opponuntur
1106 508 1124 549 ὂ
1158 507 1345 560 προάγων
1377 511 1433 559 et,
1468 523 1552 551 non
1583 508 1601 551 ὁ
1634 506 1778 562 ἕτερος,
1808 508 1882 552 sed
1914 509 1933 551 ὃ

350 578 525 632 ὕστερος.
558 578 672 635 Ergo
705 578 774 621 hic
805 578 871 620 τὸν
905 575 1065 630 ὕστερον
1095 592 1171 634 pro
1204 579 1270 620 τὸν
1303 576 1432 631 ἕτερον
1466 578 1712 636 legendum.

409 724 544 767 410D
591 723 702 775 „Vos
745 737 926 779 quoque,
965 723 1265 780 grammatici”
1300 723 1598 768 Cleombrotus
1629 727 1692 769 ait
1724 738 1875 782 „saepe
1906 739 1931 768 e

348 809 478 852 parvo
517 795 673 838 indicio
705 809 907 852 magnam
939 809 1030 838 rem
1061 795 1239 847 efficitis,
1274 794 1411 838 veluti
1441 796 1591 839 heroes
1624 799 1765 840 cutem
1797 795 1929 840 laevi-

346 880 447 923 gare
479 865 625 909 solitos
658 865 815 909 docetis
850 866 1089 917 ἐντυχόντες
1124 883 1206 918 πάρ
1255 866 1420 920 Ὁμήρῳ
1453 866 1564 920 ξυρὸν
1596 866 1886 919 &noudum-82

406 936 510 979 Dele
540 938 831 993 importunam
862 937 1216 993 praepositionem
1249 937 1376 991 πικρά.

408 1072 542 1115 410E
587 1071 808 1128 „Cumque
839 1071 1013 1129 legitis''
1048 1072 1175 1114 νύκτά
1210 1072 1320 1120 θοήν·

406 1147 516 1186 τοῦτ’
561 1144 686 1186 ἐκεῖνό
727 1150 861 1196 φοιτε,
908 1142 1135 1196 φράζεσθαι
1178 1143 1248 1192 την
1292 1141 1409 1184 σκιοὶν
1453 1147 1524 1192 τῆς
1570 1149 1649 1193 γῆς
1691 1143 1760 1187 ὑπ’
1799 1143 1926 1187 αὐτοῦ

347 1217 523 1267 κωνικήν,
556 1212 677 1258 οὖσαν
711 1215 793 1257 άπὸ
826 1214 1139 1268 σφαιδροειδοῦς.

407 1285 476 1328 Sic
517 1285 564 1328 B.
609 1285 754 1336 edidit,
791 1285 863 1328 sed
895 1285 1077 1328 secunda
1109 1284 1282 1366 virgula
1312 1287 1408 1341 post
1439 1285 1580 1337 αὐτοῦ,
1613 1299 1696 1328 non
1726 1288 1823 1342 post
1854 1301 1929 1328 κω-

346 1358 453 1406 νικήν
485 1360 549 1399 est
578 1356 784 1412 ponenda.

405 1504 462 1546 ib.
501 1502 658 1556 Quodsi
686 1516 769 1545 non
795 1502 897 1545 licet
922 1503 1090 1559 magnis
1115 1502 1238 1544 rebus
1265 1516 1514 1558 componere
1540 1516 1685 1559 parva,
1707 1503 1803 1559 quis
1819 1502 1924 1563 feret

406 1574 499 1625 πρὸς
527 1577 627 1626 χοῦν
658 1574 724 1615 καὶ
755 1573 926 1622 κοτύλην
954 1572 1098 1619 ὕδατος
1127 1573 1172 1614 τὸ
1201 1576 1271 1614 τοῦ
1301 1574 1413 1622 ἡλίου
1439 1573 1610 1623 μέγεθος
1629 1574 1917 1626 mer-potiusnon

405 1645 543 1687 Immo
585 1646 637 1691 ὡς
680 1643 839 1696 ὕδατος,
883 1643 952 1687 vel
982 1643 1112 1696 ὥσπερ
1146 1642 1316 1691 ὕδατοςε
1351 1647 1571 1700 tamquam
1604 1645 1641 1687 si
1672 1657 1780 1701 aqua
1811 1650 1920 1688 esset

343 1715 486 1758 Solem
517 1716 662 1758 metiri
693 1715 877 1757 heminis
910 1716 1140 1770 congiisve

405 1787 427 1836 ἢ
461 1791 531 1834 τῆς
566 1787 739 1828 ἐνταῦθα
768 1785 981 1835 πλινθίδος,
1015 1779 1059 1832 ἣν
1091 1790 1198 1826 ποιεῖ
1221 1785 1372 1836 γωνίαν
1401 1784 1534 1836 ὀξεῖαν
1560 1784 1798 1836 κεκλιμένην
1825 1785 1920 1837 πρὸς

343 1857 388 1899 τὸ
423 1856 626 1908 ἐπίπεδον,
659 1856 799 1908 μέτρον
833 1853 932 1898 εἶναι
964 1855 1191 1906 λεγομένην
1224 1858 1293 1897 τοῦ
1327 1854 1572 1908 ἐξάρματος,
1605 1852 1623 1898 ὃ
1656 1854 1816 1908 ἐξῆρται
1845 1859 1923 1898 τῶν

345 1929 478 1971 πόλων
512 1929 529 1971 ὃ
562 1929 624 1970 άεὶ
659 1927 833 1980 Φοινερὸς
866 1928 948 1969 άπὸ
982 1930 1052 1968 τοῦ
1086 1926 1301 1979 ὃρίζοντοςς

404 1999 555 2043 Cetera
596 2000 737 2041 omnia
768 1999 989 2041 sanissima
1021 2001 1062 2040 et
1094 2011 1222 2053 quam
1254 1998 1440 2040 maxime
1473 1998 1706 2054 perspicua,
1738 1995 1809 2039 sed
1839 2010 1922 2039 non

343 2071 514 2125 anquluc
550 2069 793 2113 inclinatus
818 2072 882 2112 est
913 2069 965 2111 ad
994 2068 1259 2124 superficiem
1291 2068 1385 2119 soli,
1419 2082 1569 2111 verum
1600 2066 1831 2111 laterculus
1861 2068 1924 2110 in-

342 2142 522 2185 clinatus
561 2142 663 2184 facit
701 2154 798 2183 cum
841 2139 1059 2200 superficie
1097 2138 1177 2183 soli
1209 2142 1384 2182 acutum
1415 2138 1640 2196 angulum.
1673 2137 1787 2196 Lege
1817 2151 1920 2194 ergo

344 2213 577 2262 κεκλιμένη.

403 2364 534 2407 41οΡ
580 2363 706 2415 ,,Α11ο
745 2377 846 2420 ergo
877 2375 1030 2419 genere
1061 2363 1412 2418 argumentorum
1443 2362 1572 2404 istam
1603 2361 1916 2419 Aegyptiorum

342 2435 392 2478 de
424 2439 591 2478 aeterna
621 2434 793 2477 lucerna
823 2433 1059 2475 refutemus
1089 2433 1375 2474 narrationem
1409 2432 1441 2474 εἰ
1473 2431 1708 2482 βουλόμεθα
1734 2433 1788 2484 τῷ
1818 2432 1915 2484 ἡλίῳ

344 2507 455 2549 κοιτοὶ
489 2508 542 2548 τά
574 2507 730 2557 πάτριοι
763 2505 833 2553 τὴν
867 2503 1145 2553 νενομισμένην
1180 2501 1296 2551 τάξιν
1330 2502 1608 2554 ἀπαράβατον
1639 2500 1809 2545 ποιεῖν”.

401 2578 469 2621 Sic
495 2592 616 2620 suam
644 2577 975 2632 disputationem
1000 2573 1160 2616 claudit
1186 2572 1494 2626 Cleombrotus,
1512 2587 1594 2629 qua
1610 2572 1918 2617 demonstravit

342 2650 519 2692 minime
549 2650 728 2705 ineptire
758 2648 998 2703 Aegyptios
1030 2646 1104 2701 qui
1135 2659 1185 2686 ex
1215 2644 1387 2687 lucerna
1414 2645 1639 2700 quotannis
1665 2641 1751 2686 olei
1775 2645 1918 2686 minus

342 2724 611 2763 consumente
643 2719 823 2761 efficiant
855 2718 1010 2760 sensim
1043 2715 1233 2758 contrahi
1265 2711 1471 2759 annorum
1504 2716 1691 2771 spatium

401 2795 533 2842 παρὼν
565 2788 627 2832 οὖν
660 2792 913 2840 ἀνεφώνησεν
945 2787 1173 2838 Ἀμμώνιος
1209 2787 1226 2829 ὅ
1261 2788 1486 2840 Φιλόσοφος
1521 2789 1591 2838 „013
1625 2786 1679 2839 τῷ
1714 2785 1812 2838 ἡλίῳ
1842 2787 1917 2837 μό-

341 2878 400 2902 νον
433 2862 571 2912 εἷπεῑν,
605 2860 722 2902 ἄλλοι
752 2861 806 2912 τῷ
840 2860 986 2911 οὐροινῷ
1018 2857 1173 2899 παντί”

400 2931 634 2988 Corruptus
662 2931 790 2982 locus,
824 2945 950 2986 quem
980 2944 1061 2972 non
1092 2889 1282 2971 restituit
1314 2927 1622 2971 Herwerdenus
1655 2927 1782 2969 εἰπεῖν
1809 2932 1912 2980 χρῆν
