2002 3372
1130 195 1187 236 90

374 358 376 361 ,
425 315 482 358 Ut
522 317 692 357 mittam
736 316 924 369 ineptam
958 315 1271 366 verbositatem,
1304 316 1437 356 nescit
1467 312 1673 369 puerulus
1704 311 1814 357 clare
1845 312 1948 370 quid

362 387 442 428 sibi
474 385 581 429 velit
605 386 754 428 dicere.
788 384 915 427 Velut
941 385 1009 426 hic
1037 386 1177 428 verbis
1205 387 1362 428 notatis
1388 386 1466 427 hoe
1494 385 1579 426 fere
1610 383 1747 426 dicere
1770 383 1949 427 videm:
2001 394 2002 397 ’

364 457 634 513 „significans
666 460 848 498 mortem
881 469 1162 511 somnumque
1193 456 1369 499 eandem
1401 455 1598 511 praebere
1629 453 1856 510 speeiem''.

427 527 560 569 lOSD
605 525 699 568 ὥστ’
733 527 765 567 εἶ
802 526 870 568 καὶ
905 526 1191 577 προσέοικε
1223 527 1497 578 μετάγειν
1525 525 1579 571 εἷς
1613 523 1743 577 ἕτερον
1775 522 1947 570 τόπονὸ

363 596 548 648 θάνατος,
582 599 652 640 οὐκ
686 596 770 638 ἔστι
805 597 940 638 κοικόν.
1540 633 1544 636 ,

424 668 538 711 Mira
568 667 783 711 interdum
816 665 1034 710 Graecitas
1066 668 1146 710 tibi
1177 669 1222 710 in
1254 668 1332 711 hoc
1363 667 1473 710 libro
1505 667 1701 709 occurrit.

426 738 561 782 lO9D
605 740 762 790 ἐμφερῆ
805 754 850 780 τε
894 739 948 790 τῷ
993 739 1060 791 υἱῷ
1103 739 1170 780 καὶ
1214 739 1270 781 τοὶ
1313 741 1382 781 τοῦ
1426 738 1567 791 χρόνου
1607 753 1651 778 τε
1686 735 1841 782 καὶτὰ
1874 740 1945 783 ’τῆς

364 809 524 858 ἡλικίας
558 809 702 860 ἐγγύς.
1174 814 1177 816 ’

427 879 485 922 Ut
526 879 751 922 concedam
795 879 955 928 ἡλικίαν
999 879 1082 922 dici
1125 883 1340 935 utcunque
1371 893 1492 935 posse
1523 878 1574 921 de
1602 882 1760 920 statura
1790 878 1951 935 (cogito

322 966 326 969 ⁴
362 952 477 994 enim
525 950 574 993 de
623 951 953 1007 Aristophaneo:
1003 952 1140 1002 μικρὸς
1190 952 1324 1000 ἡλίκος
1374 950 1552 1003 Μόλων),
1592 948 1664 993 vel
1704 950 1765 992 sic
1809 952 1948 994 tamen

359 1023 501 1077 inepte
533 1022 644 1063 inter
674 1035 717 1063 se
750 1022 906 1075 χρόνος
925 1025 967 1064 et
1000 1022 1136 1070 ἡλικία
1170 1022 1503 1078 coniunguntur,
1535 1023 1578 1063 et
1606 1020 1758 1063 vultum
1783 1033 1949 1077 quoque

359 1093 428 1135 hic
461 1097 747 1135 memoratum
780 1094 983 1149 oportuit.

425 1163 559 1206 109E
603 1163 665 1206 De
709 1167 846 1206 morte
888 1164 968 1206 hoc
1004 1165 1179 1206 tert-ium
1211 1164 1344 1219 ponit,
1378 1176 1466 1205 esse
1498 1176 1590 1205 eam
1623 1163 1780 1205 mentis
1811 1175 1950 1219 corpo-

371 1235 514 1290 risque
540 1236 778 1286 interitum,
806 1239 932 1291 atque
958 1235 1037 1277 οὐδ’
1061 1233 1158 1276 οὕτω
1187 1234 1311 1277 κακόν
1335 1235 1420 1275 ἐστι
1438 1239 1511 1286 (sc.
1530 1237 1684 1286 mors)·
1704 1232 1947 1282 ἀναισθησία

362 1306 446 1357 γάρ
489 1321 548 1351 τις
595 1307 688 1347 κατ’
730 1306 852 1348 αὐτὸν
898 1306 1090 1356 γίγνεται
1137 1306 1203 1347 καὶ
1250 1305 1385 1353 πάσης
1429 1305 1667 1354 ἀπαλλαγὴ
1714 1304 1844 1353 λύπης
1877 1303 1946 1347 καὶ

362 1376 583 1429 φροντίδος.
1764 1424 1767 1426 ,

426 1446 644 1499 Quomodo
689 1449 782 1489 κατ’
825 1448 948 1489 αὐτὸν
991 1445 1276 1504 accipiamus?
1318 1447 1468 1502 ecquid
1512 1446 1580 1487 ὑπ’
1621 1447 1747 1488 αὐτοῦ
1792 1444 1858 1489 vel
1899 1445 1948 1487 δι’

366 1515 522 1560 αὐτοῦ’.)
554 1517 636 1561 Sed
669 1519 743 1561 vix
775 1516 987 1562 Graecum
1019 1517 1128 1560 illud
1160 1522 1202 1560 et
1234 1520 1447 1573 praeterea
1478 1517 1806 1573 ambiguitatem
1838 1517 1950 1572 parit

361 1590 563 1645 ineptam.

423 1659 607 1701 Additur
638 1659 727 1702 his:
770 1657 902 1712 ὥσπερ
945 1660 1027 1712 γὰρ
1069 1660 1152 1702 οὔτ’
1185 1659 1341 1709 ἀγαθὸν
1376 1660 1470 1708 ἡμῖν
1504 1657 1668 1701 ἔπεστιν
1701 1655 1823 1704 οὕτως
1859 1657 1944 1701 οὐδὲ

363 1730 498 1772 κοικόν.

421 1800 535 1852 Quae
577 1800 634 1842 H.
680 1800 851 1844 delevit.
897 1801 1005 1843 Sunt
1038 1804 1147 1843 certe
1180 1801 1303 1857 plane
1334 1814 1658 1857 supervacanea.
1691 1799 1871 1856 Ideoque
1901 1802 1945 1843 in

358 1875 482 1914 textu
524 1874 704 1915 retinere
747 1872 897 1914 malim
940 1886 1023 1928 quo
1064 1874 1204 1928 magis
1246 1873 1382 1914 nostri
1425 1874 1623 1927 appareat
1665 1874 1824 1928 stupor.
1873 1870 1943 1914 Sic

358 1942 484 1998 paulo
526 1947 622 1998 post
664 1942 768 1995 (109
787 1943 837 1996 F)
882 1945 903 1991 ἡ
947 1944 1030 1993 γὰρ
1074 1944 1179 1990 αὐτὴ
1224 1942 1485 1988 κκτοὶστοισίς
1531 1943 1614 1984 ἐστι
1659 1948 1707 1995 τῇ
1751 1942 1825 1992 πρὸ
1868 1947 1940 1992 τῆς

358 2012 553 2063 γενέσεως
599 2014 619 2061 ἡ
663 2014 772 2063 μετὰ
817 2016 887 2062 τὴν
932 2016 1127 2062 τελευτήν
1159 2015 1302 2069 inepta
1333 2017 1396 2056 est
1428 2014 1624 2069 repetitio
1657 2027 1805 2056 eorum
1835 2027 1942 2069 quae

359 2085 551 2140 proxime
594 2084 871 2140 praecedunt:
916 2083 1046 2135 ὥσπερ
1089 2081 1154 2126 οὖν
1190 2085 1298 2126 οὐδὲν
1331 2082 1373 2131 ἦν
1410 2085 1504 2132 ἡμῖν
1536 2085 1608 2134 πρὸ
1642 2088 1711 2130 τῆς
1746 2083 1939 2134 γενέσεως

360 2155 445 2198 οὔτ’
478 2155 635 2205 ἀγαθὸν
667 2155 757 2197 οὔτε
791 2156 927 2206 κακόν,
962 2155 1082 2202 οὕτως
1117 2155 1204 2198 οὐδὲ
1236 2156 1344 2204 μετὰ
1382 2156 1452 2202 τὴν
1483 2150 1719 2203 τελευτήνᾈ

425 2226 559 2268 11οΑ
603 2226 749 2277 „Mors
791 2241 889 2269 cum
932 2226 1092 2277 adest‚'’
1138 2225 1376 2268 Arcesilaus
1416 2226 1477 2267 ait
1526 2223 1767 2276 „neminem
1800 2224 1942 2276 laedit,

359 2296 431 2339 sed
471 2296 575 2339 dum
616 2297 731 2339 abest
772 2301 814 2339 et
855 2301 1101 2353 expectatur
1143 2297 1272 2339 afficit
1313 2295 1497 2338 dolore’'.
1541 2295 1656 2348 Quae
1694 2298 1754 2339 sic
1794 2296 1943 2352 probat

359 2371 524 2410 noster:
569 2370 622 2419 τῷ
666 2368 750 2418 γὰρ
792 2366 871 2410 ἕντι
916 2367 1060 2410 πολλοὶ
1103 2367 1168 2409 διὰ
1209 2368 1280 2416 τὴν
1312 2366 1510 2409 οὐδένειαν
1543 2367 1610 2408 καὶ
1645 2367 1716 2416 τὴν
1747 2366 1840 2420 πρὸς
1874 2366 1941 2408 τὸν

361 2439 532 2480 θάνατον
565 2438 762 2489 διαβολὴν
794 2439 1106 2487 ἀποθνήσκουσιν
1137 2435 1202 2480 ἵνοι
1235 2439 1293 2488 μὴ
1325 2438 1570 2480 ἀποθάνωσι.

421 2500 605 2551 Possunt
646 2512 864 2565 utcunque
895 2511 978 2551 ista
1012 2510 1077 2551 διὰ
1111 2510 1181 2556 τὴν
1218 2540 1227 2550 .
1248 2540 1256 2550 .
1277 2540 1314 2550 ..
1348 2508 1545 2558 διαβολήν
1577 2507 1791 2563 explicari,
1825 2507 1943 2551 velut

359 2580 611 2623 Didotianus
640 2580 837 2622 οὐδένειαν
866 2581 997 2622 vertit
1022 2579 1216 2621 vilitatem
1242 2579 1381 2620 animi.
1415 2577 1496 2621 Sed
1525 2578 1634 2621 male
1661 2580 1718 2621 sit
1744 2580 1942 2635 scriptori

359 2653 433 2707 qui
464 2665 547 2693 non
578 2652 755 2693 senserit
787 2665 830 2693 se
861 2650 950 2693 illis
977 2650 1130 2692 additis
1158 2650 1298 2693 verbis
1324 2648 1555 2706 infringere
1581 2651 1623 2692 et
1649 2649 1821 2705 perdere
1849 2651 1939 2692 vim

361 2721 562 2778 paradoxi
594 2721 707 2763 haud
738 2720 922 2776 illepidi:
956 2721 1097 2762 πολλοὶ
1133 2720 1446 2768 ἀποθνήσκουσιν
1477 2716 1540 2761 ἵνα
1573 2721 1630 2769 μὴ
1664 2719 1910 2762 οὶποθοὶνωσι.

422 2793 478 2834 ib.
513 2791 669 2833 Versus
699 2791 945 2846 Epicharmi
978 2791 1108 2833 fuisse
1141 2791 1186 2832 hi
1217 2790 1440 2833 videntur:

483 2862 686 2912 συνεκρίθη
721 2862 788 2903 καὶ
823 2862 988 2914 διεκρίθη
1023 2863 1222 2909 κοὶπῆνθεν
1255 2860 1391 2902 ὁπόθεν
1424 2857 1531 2908 ἦνθε·

484 2936 543 2983 γοῖ
578 2933 651 2982 μὲν
685 2933 739 2978 εἷς
773 2935 870 2983 γοῖν,
904 2934 1051 2983 πνεῦμ’
1084 2932 1177 2974 ἅνω.
1212 2932 1253 2973 τί
1284 2931 1402 2973 τῶνδε
1435 2931 1647 2983 χαλεπὸν;
1681 2931 1802 2974 οὐδέν.
