1930 3354
1030 259 1115 304 674
1195 310 1200 316 ,

287 398 360 439 pro
405 383 491 426 illis
535 382 730 426 lubenter
776 384 906 425 etiam
951 383 1185 433 inferiores,
1226 385 1422 439 quamvis
1460 383 1650 428 multum
1689 385 1863 429 afflant

284 454 439 497 laboris
471 458 513 496 et
546 453 779 505 molestiae,
813 454 1031 496 sustineat.
1064 455 1213 496 Artem
1243 453 1461 510 politicam
1493 455 1639 498 docere
1668 455 1863 513 aequales

285 526 481 580 civesque
513 524 724 574 studebat,
757 537 850 566 eam
882 523 974 566 dico
999 538 1105 580 quae
1131 524 1219 567 sola
1245 529 1347 567 tunc
1375 524 1547 569 Graecis
1572 551 1630 558 —
1657 539 1711 570 an
1729 525 1864 571 Grae-

285 594 393 637 culis
434 593 598 637 mavis?
632 617 687 625 —-
720 595 905 650 patebat.
947 593 1040 637 Hoc
1080 595 1257 638 consilio
1297 600 1340 638 et
1381 594 1464 638 alia
1505 597 1674 654 scripsit
1714 595 1864 641 similla

277 669 493 719 praecepta
526 665 767 718 reipublicae
791 665 990 719 yerendae
1020 667 1173 721 quibus
1204 667 1340 708 nescio
1372 680 1426 708 an
1457 665 1602 711 nullus
1632 666 1862 713 fideliorem

285 736 404 778 nobis
435 736 607 790 imperii
639 735 819 778 Romani
850 735 1048 778 exhibeat
1078 737 1325 793 imaginem.
1363 736 1490 780 Hunc
1514 737 1630 795 legat
1656 739 1863 795 quequae

285 810 398 856 tunc,
442 804 519 847 1110
559 804 796 856 „labentis”
828 807 1002 861 imperii
1031 810 1234 862 tempore,
1267 809 1582 863 provinciarum
1610 808 1741 852 fuerit
1766 822 1863 852 con-

285 875 392 918 dicio
433 889 683 931 cognoscere
714 878 846 932 cupit.
885 876 969 919 Hic
1000 878 1114 919 enim
1147 891 1228 932 qua
1260 879 1424 921 ratione
1456 878 1627 922 Graecis
1657 879 1863 923 utendum

283 947 338 987 sit
364 945 574 997 libertate,
604 961 731 1002 quam
758 949 811 989 iis
837 947 998 989 domini
1023 947 1299 1003 reliquerunt,
1316 948 1572 993 Plutarchus
1589 950 1862 1002 demonstrat,

283 1017 351 1058 hic
393 1016 464 1058 dat
506 1022 727 1073 praecepta
768 1019 922 1074 quibus
965 1018 1234 1061 observandis
1276 1021 1518 1064 etiamnunc
1559 1020 1610 1065 de
1641 1023 1728 1064 suis
1759 1021 1864 1065 bene

285 1089 436 1130 mereri
478 1090 611 1144 possit
652 1089 818 1131 civibus
849 1090 886 1130 is
919 1103 1047 1144 quem
1079 1090 1160 1132 sibi
1191 1090 1481 1145 praefecerunt
1510 1090 1591 1135 illi.
1627 1091 1864 1136 Serviliana

285 1171 332 1199 ea
363 1163 583 1214 praecepta
615 1157 766 1202 vocas?
800 1158 969 1214 Decipit
996 1164 1037 1201 te
1065 1161 1235 1215 species,
1263 1166 1313 1203 ut
1343 1163 1502 1217 opinor.
1533 1162 1667 1206 Amat
1681 1160 1864 1206 Graecos

283 1227 554 1279 Plutarchus,
592 1229 827 1272 admiratur
857 1229 1079 1280 Romanos,
1113 1230 1184 1273 sed
1215 1233 1412 1287 quamvis
1444 1233 1501 1275 sit
1531 1234 1717 1276 sincerus
1746 1246 1866 1276 amor

283 1298 370 1350 ille,
406 1314 487 1342 non
521 1304 584 1342 est
615 1301 757 1342 minus
792 1302 952 1343 sincera
982 1300 1085 1343 haec
1117 1301 1354 1344 admiratio.
1386 1302 1563 1346 Penitus
1592 1305 1722 1347 sentit
1749 1303 1865 1347 haud

283 1368 394 1412 male
425 1384 449 1412 a
481 1369 546 1412 dis
576 1370 891 1414 immortalibus
919 1371 1164 1415 consultum
1191 1386 1279 1415 esse
1305 1371 1491 1424 Graecis,
1521 1374 1684 1430 quibus·
1701 1373 1864 1418 domini

282 1439 348 1482 1111
391 1442 526 1483 severi
567 1443 753 1497 iustique
795 1456 894 1484 cum
937 1444 1162 1485 securitate
1205 1458 1316 1486 nunc
1346 1458 1494 1501 pacem
1524 1445 1864 1501 praebeantque.

283 1515 406 1553 antea
445 1514 656 1554 caruerint
699 1527 876 1568 semper.
924 1513 988 1555 An
1022 1513 1303 1569 despiciamus
1334 1518 1735 1572 contemnamusque
1763 1514 1866 1558 Plu-

283 1582 477 1625 tarchum
521 1583 632 1639 quod
673 1597 756 1626 non
789 1587 932 1626 contra
963 1583 1150 1640 legiones
1184 1584 1395 1628 Romanas
1427 1599 1575 1628 eorum
1605 1583 1864 1630 Graecorum

284 1654 513 1696 armaverit
544 1655 806 1710 progeniem,
839 1668 942 1710 quos
976 1653 1081 1697 olim
1114 1655 1301 1698 barbaris
1333 1661 1621 1712 opposuerunt
1643 1655 1864 1700 Miltiades

284 1722 600 1780 Leonidasque?
643 1723 780 1767 Immo
823 1724 1062 1780 prudenter,
1106 1730 1157 1768 ut
1188 1728 1348 1782 opinor,
1383 1728 1679 1783 sapienterque
1706 1740 1864 1784 magna

283 1793 358 1836 illa
389 1793 597 1851 Sophistis
628 1795 830 1851 relinquit
861 1797 1046 1846 nomina,
1078 1798 1306 1852 potiusque
1337 1811 1509 1853 operam
1541 1797 1614 1840 dat
1641 1799 1732 1854 ipse
1763 1803 1814 1840 ut
1838 1811 1864 1840 a

282 1864 530 1919 proconsule
570 1868 695 1921 atque
737 1866 788 1908 ab
829 1866 920 1921 ipso
951 1867 1205 1922 imperatore
1237 1866 1427 1910 Romano
1460 1870 1630 1911 veniam
1658 1869 1861 1925 impetret

282 1934 371 1978 illis
403 1937 477 1991 qui
507 1935 669 1991 aliquid
702 1935 972 1992 deliquerunt
1004 1937 1185 1989 civibus,
1210 1939 1358 1980 ceteris
1387 1952 1486 1981 vero
1512 1938 1862 1995 omni-huswquam

283 2004 520 2060 plurimum
551 2005 762 2049 libertatis
793 2006 1171 2063 emolumentique.
1203 2006 1314 2050 Nam
1346 2010 1384 2050 si
1412 2007 1490 2051 illa
1511 2013 1728 2064 praecepta
1750 2012 1864 2052 necte

283 2079 326 2117 et
355 2080 546 2118 accurate
577 2075 777 2132 legimus,
809 2082 938 2133 atque
968 2079 1029 2120 ita
1062 2082 1113 2119 ut
1143 2078 1264 2120 nobis
1297 2081 1473 2134 scriptor
1501 2081 1592 2135 ipse
1622 2080 1865 2123 vivus:th

283 2148 379 2187 ante
425 2146 589 2197 oculos,
638 2148 814 2190 minime
862 2147 1145 2203 spernendum
1189 2152 1290 2191 tunc
1333 2150 1378 2191 in
1417 2149 1636 2206 republica
1674 2149 1864 2192 Romana

283 2230 419 2272 genus
445 2217 669 2259 hominum
696 2218 827 2260 fuisse
857 2217 1186 2274 „philosophos”
1214 2218 1312 2261 illos
1338 2218 1636 2276 intelligimus,
1663 2219 1735 2264 sed
1748 2219 1864 2263 haud

284 2287 512 2330 dissimiles
545 2287 801 2331 Iesuitarum
836 2287 1102 2345 aliorumque
1128 2289 1335 2332 eiusmodi
1360 2290 1639 2342 sacerdotum,
1665 2292 1740 2347 qui
1764 2289 1864 2334 lieet

283 2372 418 2414 neque
459 2358 767 2414 rempublicam
810 2363 1028 2415 capessant
1067 2373 1201 2415 neque
1242 2359 1332 2403 ullo
1362 2362 1407 2403 in
1439 2375 1484 2404 se
1515 2363 1764 2405 convertant
1792 2375 1864 2404 ora

283 2429 508 2471 hominum
551 2429 784 2484 splendore,
828 2434 970 2472 tamen
1012 2429 1221 2486 dignitate
1261 2444 1337 2473 sua
1377 2432 1684 2488 sapientiaque,
1725 2431 1864 2474 sobrio

284 2501 402 2542 victu
443 2514 697 2556 morumque
739 2501 934 2542 castitate
977 2501 1135 2556 ubique
1177 2503 1387 2543 terrarum
1429 2506 1555 2557 atque
1591 2503 1720 2545 etiam
1750 2501 1864 2558 apud

283 2571 396 2626 ipsos
426 2584 549 2624 reges
579 2572 937 2626 imperatoresque
969 2584 1125 2626 magna
1155 2570 1359 2613 fruuntur
1389 2573 1654 2615 auctoritate.

343 2640 399 2682 Et
430 2654 513 2695 quo
541 2640 665 2683 modo
691 2642 941 2696 praesertim
967 2641 1130 2683 civium
1158 2655 1333 2684 suorum
1359 2641 1589 2684 commodis
1615 2647 1658 2685 et
1685 2641 1864 2685 utilitati

283 2709 540 2752 Plutarchus
571 2708 812 2752 consuluit?
848 2710 940 2752 Non
977 2712 1120 2766 potuit
1151 2710 1329 2753 melius:
1361 2711 1577 2754 consuluit
1606 2713 1723 2755 enim
1753 2712 1861 2767 paci,

283 2779 379 2822 lites
419 2784 461 2822 et
503 2780 729 2823 discordias
772 2779 919 2823 tollere
959 2785 1002 2823 et
1045 2781 1244 2824 dirimere
1276 2781 1456 2833 studuit,
1489 2781 1695 2838 quidquid
1725 2795 1863 2825 mores

284 2849 472 2892 efferaret
495 2875 551 2881 —-
578 2854 628 2893 ut
658 2850 734 2893 illa
764 2849 1051 2907 gladiatorum
1082 2857 1126 2894 et
1157 2850 1378 2893 beluarum
1409 2853 1640 2895 certamina
1665 2876 1723 2887 -—
1749 2852 1863 2895 dam-

283 2921 402 2961 navit
434 2922 775 2976 proscripsitque,
814 2935 887 2976 pro
919 2923 1081 2976 patriae
1112 2935 1212 2963 suae
1243 2923 1455 2978 pugnavit
1485 2921 1622 2978 gloria
1653 2926 1695 2965 et
1723 2921 1863 2979 digni-

285 2992 383 3039 tate,
425 2991 478 3031 iis
519 2992 648 3032 armis
689 3004 790 3033 usus
834 2991 988 3046 quibus
1030 2995 1130 3034 tunc
1171 2989 1323 3034 Graeci
1361 2994 1427 3034 uti
1457 2995 1665 3048 poterant,
1695 3005 1750 3035 ne
1772 2991 1861 3035 illis
