2002 3372
1909 0 2002 180 Ἴ

1107 230 1163 274 62

349 357 600 410 θεραπευκώς
632 354 700 398 vel
726 352 933 396 eiusmodi
960 351 1151 409 aliquid).
1180 353 1407 397 Videamus
1432 353 1483 397 de
1509 353 1696 412 reliquis.
1729 355 1921 403 Dubium

348 443 430 471 non
471 432 533 470 est
574 427 676 482 quin
717 424 1007 473 μεταβάλλειν
1051 423 1285 480 significet:
1322 425 1553 476 „mutando
1585 425 1847 481 assaimet·e”,>
1873 433 1923 472 ut

346 500 424 541 hoc
464 498 574 540 dicat
615 494 862 552 Sophocles:
906 508 1123 545 „excusso
1152 495 1265 538 fastu
1296 495 1513 553 Aeschyli,
1545 496 1799 556 excultoque
1829 500 1921 544 eius

345 572 549 625 apparatu
581 568 708 609 nimis
738 564 845 616 rudi,
881 566 1059 608 tertium
1089 579 1257 609 assumo
1289 568 1495 609 sermonis
1525 581 1660 624 genus
1692 569 1802 626 quod
1833 584 1923 628 per-

344 652 539 681 sonarum
595 636 786 678 moribus
843 634 1118 692 depingendis
1165 638 1352 679 maxime
1400 641 1463 679 est
1509 639 1920 685 accommodatum”.

342 709 528 764 Egregie
560 708 660 749 haec
691 705 923 762 procedunt
954 707 1108 748 omnia.
1142 705 1223 749 Sed
1254 706 1424 749 additur
1449 709 1579 750 etiam
1607 709 1675 752 καὶ
1703 709 1921 762 βέλτιστον

342 793 424 835 quo
467 777 568 833 quid
607 777 757 819 faciam
800 777 951 819 nescio.
995 776 1134 819 Nimis
1171 776 1431 833 languidum
1471 777 1595 830 illud,
1627 781 1761 824 immo
1791 795 1916 826 sensu

340 863 526 899 cassum,
577 861 665 890 esse
707 851 871 890 constat
917 851 959 889 et
1005 849 1163 904 requiri
1206 847 1380 904 aliquod
1426 848 1627 894 adiectivi
1674 851 1916 901 ἠθικώτατον·

339 933 643 977 synonymum.
692 917 819 960 Haud
861 931 966 974 opus
1006 918 1177 960 videtur
1215 932 1313 960 cum
1347 918 1620 977 Bernhardyo
1650 923 1915 975 μεταλαβεῖν

336 990 476 1047 legere
503 1004 577 1046 pro
603 987 907 1039 μεταβάλλειν,
935 1002 1033 1030 nam
1059 990 1138 1031 hoc
1165 1002 1330 1044 quoque
1347 990 1527 1032 verbum
1549 990 1660 1035 illud
1683 994 1918 1045 „mut-ndo

338 1059 596 1110 assumere’'‚
640 1073 722 1114 quo
762 1058 831 1101 hic
874 1072 979 1114 opus
1022 1064 1100 1109 est,
1134 1058 1373 1115 significare
1404 1063 1560 1116 potest,
1591 1065 1636 1104 et
1665 1063 1813 1120 quidni
1842 1064 1916 1109 So·

334 1131 532 1187 phoclem
575 1134 816 1172 narrantem
859 1129 1065 1172 faciamus
1107 1128 1158 1170 de
1199 1143 1244 1171 re
1287 1143 1428 1185 quam,
1461 1145 1544 1174 non
1568 1133 1810 1190 perfecerit,
1842 1136 1915 1180 sed

335 1216 434 1244 cum
466 1202 654 1243 maxime
678 1199 822 1257 faeiat
852 1203 977 1255 atque
1008 1198 1110 1242 adeo
1131 1199 1279 1256 facere
1309 1199 1508 1254 incipiat?

398 1271 503 1315 '79F
548 1271 739 1314 Maxime
780 1269 1003 1326 proficiunt
1045 1270 1239 1313 homines
1271 1284 1355 1312 non
1387 1270 1542 1324 solum,
1573 1277 1625 1316 ut
1652 1275 1715 1318 ait
1744 1274 1915 1334 'I'huoy-

334 1343 465 1394 dides,
509 1343 621 1392 μετὰ
667 1342 848 1384 κινδύνων
891 1340 1115 1390 ποιούμενοι
1158 1342 1233 1388 τὰς
1278 1341 1476 1394 μελέτας,
1518 1344 1634 1387 α’λλὸι
1677 1346 1745 1388 καὶ
1784 1348 1910 1400 πρὸς

335 1414 476 1462 ἡδονὰς
519 1413 586 1455 καὶ
634 1412 760 1463 πρὸς
802 1410 935 1463 ἔριδας
977 1411 1045 1453 καὶ
1091 1411 1207 1463 περὶ
1252 1411 1398 1463 κρίσεις
1446 1413 1513 1455 καὶ
1557 1416 1796 1469 συνηγορίας
1841 1419 1909 1461 καὶ

333 1485 470 1537 α’ρχδις
502 1480 577 1525 οἷον
610 1482 812 1531 ἀπόδειξιν
844 1482 982 1529 αὑτοῖς
1016 1487 1091 1524 τῶν
1124 1483 1342 1532 δογμάτων
1375 1482 1560 1532 διδόντες.

393 1554 583 1597 Varietas
612 1555 695 1596 ista
726 1554 1084 1610 praepositionum
1115 1553 1215 1609 quid
1243 1553 1324 1596 sibi
1350 1553 1456 1597 velit
1480 1569 1563 1598 non
1589 1556 1727 1601 video.
1748 1557 1908 1604 'Deleta

333 1626 425 1678 περί
454 1626 572 1668 locus
605 1625 651 1667 fit
682 1624 917 1681 elegantior
947 1626 1170 1681 magisque
1202 1627 1461 1681 perspicuus.

391 1697 503 1740 80A
549 1698 598 1743 ὡς
642 1698 733 1742 τούς
777 1712 828 1746 γε
871 1695 1150 1745 μανθάνοντας
1195 1695 1252 1737 ἔτι
1286 1696 1353 1737 καὶ
1387 1699 1804 1749 πραγματευομένους
1838 1700 1906 1744 καὶ

330 1772 577 1812 σκοποῦντας
623 1764 639 1809 ὃ
684 1766 886 1816 λαβόντες
933 1767 976 1808 ἐκ
1017 1767 1269 1818 Φιλοσοφίας
1314 1766 1425 1814 εὐθὺς
1471 1768 1529 1816 εἷς
1571 1770 1726 1822 α’γορὰν
1758 1770 1780 1820 ἢ
1813 1772 1905 1814 νέων

329 1838 539 1890 διατριβὴν
582 1837 602 1885 ἢ
645 1837 860 1887 βασιλικὸν
893 1836 1115 1886 συμπόσιον
1150 1838 1436 1886 ἕκκυκλήσουσι
1469 1853 1552 1882 11011
1585 1844 1750 1896 oportet
1769 1843 1905 1897 philo·⁴

326 1910 465 1964 sophos
506 1908 656 1958 dicere,
705 1907 1062 1963 quemadmodum
1109 1922 1243 1964 neque
1290 1908 1474 1952 medicos
1518 1910 1784 1966 appellamus
1830 1915 1905 1970 qui

327 1980 633 2022 medicamenta
664 1978 898 2022 venditant.

386 2049 531 2092 Sermo
564 2054 628 2091 est
659 2049 709 2091 de
739 2051 793 2091 iis
826 2050 911 2104 qui,
944 2050 1036 2090 dum
1066 2049 1222 2090 discunt
1253 2050 1396 2100 etiam,
1425 2051 1514 2092 iam
1544 2050 1778 2096 deliberant
1803 2067 1902 2111 quo-

325 2121 450 2163 modo
491 2121 724 2163 doctrinam
755 2119 876 2161 illam
906 2121 952 2161 in
984 2134 1111 2162 usum
1143 2133 1283 2171 suum,
1317 2121 1452 2163 immo
1484 2122 1529 2163 in
1558 2120 1725 2165 lucrum
1757 2128 1800 2167 et
1830 2124 1899 2168 de—

323 2192 607 2242 lectationem,
640 2192 802 2246 possint
832 2193 1088 2233 convertere.
1122 2189 1234 2232 Tum
1264 2203 1333 2232 eos
1366 2190 1435 2233 hic
1466 2191 1641 2235 habebis
1673 2193 1902 2251 descriptos

324 2263 360 2304 si
387 2263 470 2312 καί,
501 2261 611 2317 quod
637 2266 729 2316 post
757 2259 814 2301 ἔτι
840 2260 1014 2316 legitur,
1044 2260 1264 2303 deleveris.
1292 2260 1400 2303 Raro
1427 2261 1547 2304 scioli
1571 2263 1782 2308 intactum
1808 2264 1904 2308 reli-

323 2336 503 2388 querunt
536 2331 679 2374 locum
711 2331 784 2373 ubi
813 2332 1088 2387 participium
1115 2332 1340 2387 participio
1367 2335 1476 2374 esset
1503 2333 1900 2383 „subordinatum”.

383 2402 492 2444 8013
539 2402 716 2444 Nosmet
756 2402 868 2456 ipsos
910 2402 1183 2444 observemus
1226 2402 1259 2443 εἰ
1303 2401 1498 2453 χρώμεθα
1542 2405 1597 2456 τῷ
1645 2402 1755 2459 λόγῳ
1803 2407 1900 2459 πρὸς

322 2473 487 2520 ἑαυτοὺς
531 2473 603 2522 μὲν
645 2476 870 2524 χρηστικῶς
916 2472 1008 2522 πρὸς
1053 2472 1204 2523 ἑτέρους
1250 2471 1289 2514 δὲ
1330 2475 1386 2522 μη
1422 2472 1536 2524 δόξης
1570 2475 1730 2522 εἰκαίας
1763 2473 1895 2530 ἕνεκα,

321 2543 414 2594 μηδ’
443 2544 486 2585 ἐκ
512 2543 769 2595 φιλοτιμίας,
798 2543 913 2584 ἄλλα
942 2545 1102 2592 μᾶλλον
1126 2543 1301 2585 ἀκοῦσαί
1318 2559 1356 2584 τι
1375 2543 1442 2585 καὶ
1462 2543 1624 2597 διδάξαι
1640 2544 1900 2598 βουλόμενοι’

378 2613 420 2655 Is
450 2627 595 2656 revera
626 2614 877 2668 sapientiam
910 2613 991 2655 sibi
1021 2626 1167 2669 parare
1198 2612 1341 2655 studet
1367 2615 1441 2670 qui
1465 2614 1611 2658 audire
1636 2614 1696 2668 (et
1720 2615 1896 2671 discere)

318 2683 486 2727 mavult
530 2699 646 2739 quam
691 2684 834 2725 docere
881 2682 997 2725 alios.
1046 2683 1161 2739 Lege
1207 2697 1308 2740 ergo
1349 2685 1525 2727 ἀκοῦσαί
1568 2700 1607 2727 τι
1650 2685 1672 2736 ἦ
1717 2686 1891 2737 διδάξαι.

318 2754 483 2795 Vitium
525 2758 673 2796 natum
716 2768 738 2795 e
778 2755 969 2809 proxime
1011 2754 1298 2809 sequentibus,
1337 2756 1411 2798 ubi
1451 2755 1679 2799 salsissime
1708 2756 1891 2814 litigiosi

318 2825 617 2880 disceptatores
659 2838 758 2866 cum
801 2823 1021 2880 pugilibus
1063 2829 1373 2880 comparantur,
1416 2829 1565 2882 utpote
1605 2828 1660 2880 τῷ
1697 2827 1888 2878 πατάξαι

318 2895 385 2936 καὶ
431 2894 692 2944 καταβαλεῖν
735 2896 896 2943 μᾶλλον
936 2896 957 2944 ἢ
1002 2896 1055 2947 τῷ
1098 2897 1241 2945 μαθεῖν
1286 2911 1324 2937 τι
1367 2895 1434 2937 καὶ
1469 2895 1628 2946 διδάξαι
1659 2898 1886 2952 χαίροντες,

316 2966 389 3007 ubi
431 2965 500 3006 καί
539 2965 773 3006 rectissime
815 2964 964 3006 habet:
1009 2966 1082 3020 qui
1112 2979 1259 3008 revera
1291 2965 1643 3023 philosophantur
1671 2970 1718 3011 in
1748 2969 1893 3026 dispu7
