2002 3372
1939 0 1994 150 Ἀ

1094 206 1179 250 156

343 329 388 369 in
430 327 543 369 hisce
585 327 690 380 (340
703 328 778 378 B):
821 332 903 374 πῶς
946 329 1029 379 γὰρ
1073 329 1164 380 οὐχὶ
1197 327 1265 370 τὸν
1299 328 1487 379 ἄτρωτον,
1521 326 1548 370 ὦ
1581 331 1675 380 Ζεῦ,
1707 330 1774 373 τὸν
1805 331 1921 372 ἀναί-

344 414 515 448 μακτον,
550 399 616 440 τὸν
649 398 937 449 ἀστράτευτον,
972 396 1011 441 ὃν
1039 400 1293 451 χρεμετίσας
1319 397 1441 446 ἵππος
1469 400 1522 446 εἷς
1552 401 1618 442 τὸν
1644 400 1770 454 Κύρου
1795 399 1920 454 θρόνον

345 468 551 519 exciamem
585 468 744 511 delevit
776 467 830 511 ὅν.

404 592 535 635 341Ε
578 593 848 636 Elaboratam
891 594 1114 650 periodum
1157 596 1226 638 hic
1270 596 1444 638 turbant
1476 599 1518 638 et
1548 594 1824 652 pessumdant
1854 609 1921 640 ac-

343 666 525 706 cusativi
565 666 639 706 isti
682 665 860 716 Βοὶκτρα,
904 665 1182 717 Μαράκανδα,
1227 666 1488 717 Σογδιανούς.
1529 665 1578 708 In
1619 667 1812 723 margine
1852 666 1922 710 ad-

344 736 522 790 scriptos
552 735 681 778 fuisse
715 737 915 791 suspicor.

401 861 459 902 ib.
507 861 668 903 Parum
708 861 845 903 abfuit
886 863 989 918 quin
1027 862 1214 905 Fortuna
1257 862 1546 905 Alexandrum
1577 861 1777 919 spoliaret
1808 862 1922 906 fama

345 944 450 986 quae
493 930 604 974 Iovis
647 945 747 973 eum
789 932 888 974 fecit
920 932 1084 975 filium:
1129 933 1190 980 τίς
1225 933 1308 984 ’γὰρ
1342 932 1391 975 ἂν
1425 934 1468 975 ἐκ
1503 934 1595 975 θεῶν
1625 929 1806 984 γεγονὼς
1839 934 1923 976 ἐπι-

343 1007 523 1052 σφαλεῖς
573 1000 673 1044 οὕτω
718 1003 786 1043 καὶ
831 1003 1077 1049 πολυπόνους
1121 1003 1189 1045 καὶ
1225 1004 1436 1054 τλήμονας
1469 1003 1743 1057 ἐξεμόχθησεν
1777 1002 1922 1050 ἄθλους

344 1072 452 1121 πλὴν
485 1072 502 1113 ὂ
537 1072 631 1118 Διὸς
669 1073 901 1125 Ἠροικλῆς;

402 1142 514 1185 Satis
556 1145 829 1199 perspicuum
871 1158 960 1187 esse
1001 1145 1150 1200 opinor
1192 1143 1360 1187 nullum
1393 1144 1462 1187 hic
1494 1158 1582 1188 esse
1611 1143 1842 1201 particulae
1873 1142 1924 1186 ἄν

342 1213 498 1256 locum.

830 1424 885 1455 DE
917 1423 1071 1456 GLORIA
1101 1424 1433 1456 ATHENIENSIUM.

404 1533 486 1576 Hic
530 1548 695 1590 quoque
731 1533 903 1576 libellus
933 1536 1148 1591 insignem
1178 1536 1221 1577 in
1254 1535 1339 1576 vita
1370 1534 1589 1576 Plutarchi
1619 1533 1761 1577 locum
1793 1537 1921 1578 tenet.

351 1604 575 1646 Orationem
619 1619 707 1647 esse
749 1607 896 1647 statim
929 1608 1083 1647 sentis:
1116 1607 1160 1647 in
1192 1607 1283 1660 ipso
1314 1607 1428 1648 enim
1458 1607 1583 1648 initio
1614 1604 1799 1662 lepidam
1831 1619 1923 1649 nar-

340 1677 549 1718 rationem
582 1676 631 1718 de
665 1675 947 1719 Themistocle
977 1678 1162 1720 iuniores
1193 1678 1412 1732 copiarum
1444 1676 1569 1719 duces
1594 1677 1806 1720 refutante
1833 1691 1924 1720 ver-

340 1746 417 1796 bis,
461 1748 614 1802 quibus
654 1748 743 1802 ipse
786 1746 873 1789 dies
916 1747 1048 1789 festus
1092 1747 1180 1789 dies
1220 1749 1488 1804 insequentes
1528 1748 1747 1799 refutavit,
1779 1753 1922 1790 nostro

339 1818 510 1873 ingenio
537 1817 730 1873 supplere
755 1817 971 1868 debemus,
990 1818 1063 1860 sed
1078 1818 1307 1861 adiuvante
1325 1821 1526 1860 contextu
1543 1817 1664 1861 facile
1679 1823 1920 1874 possumus.

340 1888 554 1929 Exciditne
596 1902 697 1944 ergo
736 1887 842 1930 illa?
882 1889 1187 1949 Numquamne,
1219 1888 1448 1931 Plutarcho
1480 1889 1545 1931 hio
1574 1889 1759 1944 scriptam
1792 1889 1921 1933 fuisse

340 1972 509 2001 censeo:
553 1974 600 2000 ex
642 1964 808 2013 tempore
850 1973 944 2001 eam
987 1964 1076 2002 erat
1116 1959 1365 2003 traditurus.
1397 1959 1564 2002 Athenis
1595 1959 1784 2003 habitam
1817 1959 1920 2005 haec

340 2029 544 2072 vocabula
576 2030 854 2072 disertissime
885 2030 1034 2073 docent
1067 2029 1171 2081 (345
1191 2030 1265 2083 F):

402 2105 561 2142 πολλῶν
594 2101 667 2149 μὲν
702 2100 747 2148 δὴ
782 2101 848 2141 καὶ
882 2100 1021 2142 ἄλλων
1054 2103 1075 2150 ἧ
1110 2101 1269 2148 πόλις
1303 2099 1388 2149 ἥδε
1421 2101 1553 2152 μήτηρ
1585 2100 1653 2142 καὶ
1686 2101 1833 2154 τροφὸς
1860 2102 1921 2144 εὖ·

342 2173 465 2220 μενὴς
498 2175 652 2222 τεχνῶν
684 2171 845 2222 γέγονε.

402 2242 537 2294 Quam
563 2247 708 2284 autem
733 2244 777 2284 in
804 2256 851 2284 ea
878 2247 996 2284 notat
1024 2241 1379 2298 Wyttenbachius
1405 2241 1652 2298 iniquitatem
1678 2243 1723 2285 in
1749 2243 1920 2298 scripto-

339 2326 418 2362 res,
453 2312 760 2368 quodammodo
794 2315 1015 2369 praecipua
1046 2315 1137 2354 eius
1169 2314 1308 2355 virtus
1334 2312 1507 2355 dicenda
1533 2317 1609 2364 est,
1637 2315 1786 2369 utpote
1813 2326 1920 2369 quae

340 2382 435 2425 luce
466 2383 620 2426 clarius
650 2383 847 2426 ostendat
879 2383 979 2439 quid
1013 2383 1093 2425 sibi
1125 2383 1194 2425 hic
1227 2387 1365 2426 orator
1395 2383 1515 2426 velit.
1559 2383 1650 2426 Iam
1681 2385 1846 2440 saepius
1875 2385 1918 2426 in

341 2454 481 2509 aliqua
524 2454 743 2497 doctorum
774 2454 1128 2510 literatorumque
1159 2454 1318 2509 prodiit
1350 2455 1558 2506 contione,
1590 2456 1747 2497 metuit
1778 2458 1919 2497 tamen

341 2526 471 2567 etiam
512 2539 565 2567 ne
603 2525 708 2567 falsa
750 2525 800 2567 de
843 2540 886 2568 se
925 2530 999 2567 aut
1031 2529 1226 2567 nascatur
1257 2530 1332 2567 aut
1362 2529 1461 2567 nata
1491 2527 1577 2567 iam
1609 2526 1665 2567 sit
1696 2525 1917 2567 hominum

339 2597 492 2651 opinio.
536 2595 716 2639 Strenue
756 2611 857 2653 ergo
898 2597 969 2638 dat
1011 2610 1182 2652 operam
1213 2610 1264 2638 ne
1297 2597 1523 2652 quisquam
1555 2596 1728 2652 posthac
1759 2596 1841 2638 sibi
1871 2597 1916 2638 in

339 2665 414 2708 illo
456 2670 671 2708 oratorum
713 2681 845 2723 grege
881 2667 1024 2710 locum
1058 2668 1245 2723 assignet
1277 2681 1381 2722 quos
1414 2680 1511 2722 prae
1542 2668 1690 2709 ceteris
1721 2667 1916 2710 omnibus

342 2740 583 2779 contemnat
615 2738 847 2793 oderitque.
1723 2742 1724 2745 ’

584 2807 751 2850 Dixeris
783 2809 884 2851 haec
914 2810 1026 2851 inter
1054 2809 1262 2851 varicosos
1295 2809 1559 2850 centuriones

584 2877 795 2921 Continuo
827 2894 1014 2922 crassum
1046 2878 1154 2921 ridet
1186 2878 1436 2921 Pulfennius
1469 2880 1619 2935 ingens

582 2949 638 2991 Et
670 2954 840 2992 centum
873 2949 1055 2993 Graecos
1087 2953 1206 2992 curto
1238 2953 1430 2993 centusse
1461 2948 1625 2993 licetur.
