2002 3372
1983 123 1988 139 ι

373 290 530 347 „Saepe
571 287 836 333 deficientes”
877 289 937 330 ait
972 288 1173 339 „incitare
1204 288 1406 331 debemus
1437 289 1553 344 turpi
1583 292 1709 330 causa
1738 300 1817 331 our
1841 285 1940 330 dofl-

372 362 484 403 ciant
524 360 740 417 fingenda;
783 359 1012 401 dummodo
1054 360 1139 400 sint
1178 360 1271 402 veri
1312 359 1482 402 honoris
1519 361 1710 400 amantes
1738 357 1799 400 sic
1821 359 1946 400 nortem
1987 373 1990 375 “

372 431 669 473 excitabuntur
709 444 730 472 e
761 443 908 471 somno
940 428 1060 471 suo”.
1093 428 1162 471 Sic
1192 442 1317 485 agere
1346 443 1424 471 nos
1455 431 1624 484 oportet
1654 425 1755 469 ὅταν
1784 457 1795 470 .
1813 431 1885 470 ’.με
1915 429 1938 478 ἦ
1995 417 1997 422 ’

373 502 601 551 μέλλοντας
643 500 894 551 ἁμαρτάνειν
939 500 1145 550 ἐκκροῦσαι
1186 499 1306 551 δεήσῃ
1349 499 1370 547 ἢ
1403 498 1500 551 πρὸς
1531 498 1653 550 ὁρμήν
1685 513 1778 540 τινα
1809 495 1943 548 sslaewv

373 571 611 620 ἱσταμένους
657 569 699 618 ἐξ
741 570 924 616 ἐναντίας
967 569 1188 622 Φερομένην
1222 570 1243 619 ἢ
1277 569 1370 620 πρὸς
1407 570 1460 610 τὰ
1496 569 1608 610 καλὰ
1640 571 1841 618 μαλακῶς
1870 567 1946 610 καὶ

372 641 610 691 ἀπροθύμως
645 639 816 692 ἔχοντας
853 640 1021 682 ἐντεῖναι
1056 638 1125 682 καὶ
1159 645 1415 692 παρορμῆσαι
1452 640 1763 690 θελήσωμεν..
1819 663 1822 667 Δ

431 711 580 753 Nonne
620 711 722 753 haec
763 714 874 753 recte
915 712 1026 753 inter
1067 725 1110 753 se
1142 708 1441 767 opponuntur?
1472 709 1558 752 Alii
1588 722 1614 752 a
1643 712 1813 766 peceato
1840 712 1943 752 sunt

375 781 617 837 repellendi,
662 781 750 832 alii,
793 781 866 837 qui
907 781 1117 824 haesitant
1159 782 1417 837 pavitantve,
1447 779 1667 823 incitandi.
1698 778 1810 833 Quid
1840 791 1943 837 ergo

374 853 454 894 sibi
500 851 595 894 vult
642 851 778 894 editor
822 851 844 900 ἥ
885 855 998 903 (ante
1041 853 1135 902 πρὸς
1177 852 1316 904 ὁρμήν)
1359 848 1561 894 delendo?
1604 849 1670 893 An
1709 863 1762 893 ne
1801 849 1953 894 hiatus-

373 923 539 972 existat,
568 935 690 964 sensu
718 935 832 964 cassa
850 921 1077 964 Plutarcho
1095 920 1398 964 obtrudamus?
1426 921 1486 964 De
1502 919 1746 969 ἱσταμένους
1761 918 1946 963 dubitari

372 996 523 1049 potest.
551 992 799 1048 Requiritur
825 993 939 1034 eni-m
965 992 1124 1048 aliquid
1151 991 1263 1048 quod
1289 992 1482 1034 homines
1510 990 1720 1048 significet
1745 989 1945 1035 adversus

373 1061 586 1104 molestias
613 1067 732 1104 metu
757 1064 1014 1119 ignaviaque
1041 1063 1317 1105 subsistentes
1344 1076 1478 1119 neque
1504 1061 1702 1118 progredi
1722 1060 1943 1111 audentes;

374 1137 416 1175 et
458 1130 649 1175 ἵστασθαι
693 1134 787 1184 πρός
824 1150 860 1175 τι
896 1134 1154 1175 contrarium
1186 1135 1328 1189 potius
1359 1132 1584 1190 significat.
1616 1131 1720 1174 Vide
1751 1129 1968 1188 exempla.
2001 1141 2002 1146 ’

375 1203 652 1246 disertissima
683 1204 795 1259 apud
828 1203 1218 1260 Wyttenbacbium.
1251 1203 1414 1259 Ecquid
1447 1199 1776 1255 ὑφισταμένουςῗ

432 1273 501 1316 Sic
532 1273 643 1330 apud
677 1273 930 1330 Sophoclem
964 1273 1138 1330 Ulysses
1171 1273 1380 1316 Achillem
1413 1274 1592 1316 incitans
1624 1286 1725 1316 eum
1750 1271 1802 1315 οὗ
1821 1275 1947 1326 φησιν

379 1344 608 1397 ὀργίζεσθαι
642 1343 727 1386 διὰ
760 1345 814 1387 τὸ
848 1344 1059 1386 δεῖπνον
1091 1346 1188 1386 ἀλλ’
1732 1359 1738 1363 ·

557 1414 685 1466 „2'4'314”
718 1416 868 1467 φησί,
868 1415 940 1466 ,τὰ
975 1415 1124 1468 Τροίας
1157 1415 1309 1468 εἰσορῶν
1342 1414 1485 1457 ἑδώλια

556 1485 763 1532 δέδοικκς”
769 1517 779 1528 .

434 1555 605 1599 Nollem
636 1556 704 1599 hic
737 1556 1090 1613 Wyttenbachius
1122 1558 1348 1613 cogitasset
1378 1556 1430 1599 de
1458 1555 1705 1611 reponendis
1730 1553 1948 1599 vocabulis

377 1627 531 1682 quibus
572 1641 708 1668 nomen
741 1627 919 1683 fabulae
958 1627 1227 1669 indicaretur.
1270 1627 1381 1669 Nam
1413 1628 1562 1682 utique
1594 1626 1714 1668 nobis
1745 1638 1852 1682 opus
1882 1627 1948 1667 est

375 1712 495 1738 eausa
537 1696 678 1753 aliqua
718 1711 824 1753 quae
863 1701 975 1740 recte
1019 1700 1197 1753 apteque
1230 1698 1339 1751 turpi
1370 1701 1492 1739 metus
1522 1704 1667 1738 caueae
1697 1699 1948 1752 opponatur,

376 1781 481 1823 quae
522 1769 665 1810 versui
711 1769 840 1810 citato
881 1769 1004 1811 inest.
1057 1767 1234 1820 Qualem
1275 1771 1420 1810 autem
1460 1766 1582 1810 illam
1623 1781 1715 1810 esse
1752 1764 1946 1823 oportet?

375 1837 434 1880 Ut
480 1839 639 1894 opinor,
685 1838 826 1881 levem
869 1837 1056 1894 aliquam
1097 1843 1138 1881 et
1179 1838 1400 1881 ludicram.
1448 1838 1678 1894 Perquam,
1700 1850 1801 1893 ergo
1841 1836 1950 1879 mihi

376 1907 607 1951 verisimile
649 1909 817 1951 videtur
857 1909 901 1950 id
945 1908 1055 1964 quod
1095 1910 1214 1951 reicit
1256 1908 1631 1965 Wyttenbachius:
1676 1907 1787 1958 „nisi
1818 1905 1949 1963 ergo”

376 1981 435 2021 ait
478 1982 555 2029 „ut
596 1980 640 2020 in
681 1978 873 2035 Satyrico
917 1980 1118 2030 dramate,
1161 1980 1240 2022 hoc
1281 1978 1452 2021 ridiculi
1493 1992 1619 2021 causa
1658 1977 1782 2020 finxit
1810 1980 1947 2034 poeta,

374 2063 448 2106 pro
489 2049 694 2092 celebrata
734 2049 810 2092 illa
848 2051 935 2092 irae
967 2064 1091 2093 causa
1121 2054 1290 2106 propter
1319 2055 1483 2106 raptam
1515 2048 1746 2092 Briseidem
1778 2048 1951 2092 frustra-

376 2122 536 2162 tionem
567 2134 716 2162 coenae
748 2125 822 2163 aut
853 2120 1039 2163 similem
1069 2120 1301 2163 iocularem
1333 2134 1504 2163 causam
1536 2120 1823 2172 substituens3
1852 2119 1948 2170 nisi,

375 2192 564 2245 inquam,
597 2190 674 2232 hoc
706 2191 848 2233 fecerit
880 2196 1018 2247 poeta,
1050 2191 1100 2233 de
1133 2205 1215 2247 quo
1247 2195 1430 2233 statuere
1463 2205 1543 2234 non
1570 2203 1810 2247 possumus,
1836 2188 1951 2232 haud

376 2262 520 2315 inepta
562 2262 618 2302 sit
659 2262 854 2316 suspicio,
898 2262 999 2304 haec
1042 2262 1170 2304 verba
1212 2275 1236 2303 a
1277 2261 1507 2304 Plutarcho
1535 2262 1597 2303 ita
1629 2261 1667 2302 ἐν
1699 2261 1755 2312 τῷ
1788 2260 1949 2311 Δείπνῳ

377 2331 540 2373 nomini
569 2335 776 2379 Σοφοκλεῖ
800 2332 999 2382 subiecta,
1028 2331 1098 2374 vel
1125 2346 1149 2374 a
1174 2332 1355 2388 quodam
1381 2331 1556 2374 librario
1572 2331 1759 2388 profecta
1772 2329 1947 2374 fuisse''.

1127 165 1184 210 54

436 2400 528 2443 Non
570 2401 704 2455 inepta
746 2407 856 2444 certe
865 2416 874 2453 ;
919 2402 1021 2445 talia
1057 2404 1101 2444 in
1133 2402 1450 2458 Wyttenbachii
1483 2403 1739 2458 suspiciones
1768 2414 1850 2444 non
1881 2413 1946 2443 ca-

377 2471 482 2512 dunt
514 2470 742 2514 vocabula!
776 2471 858 2515 Sed
890 2475 1067 2516 minime
1099 2473 1231 2515 utilis.
1264 2473 1420 2525 Quidni
1453 2474 1565 2516 enim
1598 2473 1675 2516 hoe
1706 2469 1946 2529 fingamus?

378 2541 446 2592 Et,
479 2546 527 2584 ut
556 2543 643 2583 iam
677 2542 777 2594 dixi,
810 2543 946 2586 deleta
976 2559 1116 2586 causae
1145 2543 1317 2585 alicuius
1348 2543 1653 2601 significatione
1686 2546 1800 2586 totus
1829 2541 1948 2585 locus

378 2626 502 2653 sensu
536 2625 677 2654 cassus
710 2612 770 2655 fit.
1472 2659 1477 2664 ,

441 2680 546 2725 740
596 2681 798 2738 „Oportet
838 2687 925 2734 aut,
969 2685 1005 2725 si
1045 2685 1139 2739 quis
1179 2683 1321 2727 salvus
1353 2697 1442 2727 esse
1473 2683 1612 2734 vult'',
1645 2682 1856 2739 Diogenes
1887 2683 1949 2725 ait

383 2754 563 2803 „amicos
589 2753 740 2795 habeat
765 2754 892 2796 bonos
918 2759 992 2796 aut
1016 2756 1210 2797 inimicos
1237 2756 1530 2797 vehementes:
1556 2753 1623 2796 illi
1648 2755 1760 2797 enim
1785 2753 1948 2805 docent,

379 2823 424 2864 hi
464 2823 691 2878 arguunt’'.
734 2823 782 2864 In
826 2823 987 2866 deliciis
1028 2824 1254 2868 Plutarcho
1297 2826 1374 2867 hoc
1406 2824 1569 2867 dictum
1599 2824 1730 2866 fuisse
1763 2823 1945 2875 videtur,

379 2892 490 2948 quod
532 2892 654 2934 modo
696 2893 879 2949 Diogeni
911 2895 1096 2950 assignat
1127 2895 1252 2937 modo
1285 2895 1539 2946 Antistheni,
1572 2894 1697 2937 modo
1728 2894 1787 2936 sie
1818 2893 1947 2937 refert
