2002 3372
893 180 981 226 279

199 302 334 349 5130
378 304 544 358 ὑφεῖναι
578 305 623 347 τὸ
657 301 834 354 μέγεθος
868 308 941 352 τῆς
976 306 1130 356 Φωνῆς.

197 373 416 419 Sinceram
463 375 583 419 verbi
639 377 900 417 structuram
949 375 1140 417 restituit
1187 373 1388 416 Reiskius
1438 372 1618 431 legendo
1667 377 1738 415 τοῦ

135 445 351 498 μεγέθους.

197 589 330 635 513F
371 590 552 635 Insanus
578 593 744 634 amator
769 590 883 647 apud
912 592 1127 634 comicum
1156 592 1216 634 sic
1242 590 1463 634 lucernam
1480 589 1736 646 alloquitur:

408 662 569 715 Βακχὶς
602 662 687 705 θεόν
718 663 755 704 c*
791 662 988 713 ἐνόμισεν,
1023 661 1217 712 εὔδαιμον
1250 662 1405 716 λύχνε·

410 733 480 776 καὶ
515 737 591 775 τῶν
624 734 719 775 θεῶν
749 733 950 783 μέγιστος
986 733 1019 775 εἰ
1053 733 1188 785 ταύτῃ
1222 732 1366 780 δοκεῖς.

134 801 346 860 Corrupta
386 803 503 856 haec,
537 803 608 846 sed
642 817 896 860 quocunque
928 803 1054 846 modo
1087 807 1188 846 sunt
1221 803 1498 854 emendanda,
1532 803 1610 845 hoc
1641 814 1738 845 con-

133 877 219 918 stat
259 889 339 917 non
369 873 501 918 latere
534 875 692 918 vitium
725 875 769 917 in
801 873 970 917 ultimis
1002 875 1036 917 εἰ
1065 875 1200 929 ταύτῃ
1230 875 1374 926 δοκεῖς,
1408 888 1592 931 quorum
1624 873 1737 930 quod

133 949 199 989 est
239 946 435 989 omnium
477 947 817 989 sincerissimum
860 945 1119 989 vocabulum
1163 947 1196 989 εἶ
1240 946 1378 990 editor
1417 947 1463 988 in
1506 947 1547 988 ἐν
1579 949 1736 996 mutat,

133 1017 284 1074 opinor
314 1021 364 1060 ut
397 1017 588 1060 obtineat
620 1017 733 1074 quod
766 1031 939 1074 prorsus
973 1031 1100 1060 sensu
1131 1031 1299 1060 cassum
1332 1019 1403 1060 sit.
1434 1017 1628 1060 Naberus
1660 1030 1736 1072 pro

132 1086 206 1131 καὶ
248 1092 327 1131 τῶν
367 1089 516 1145 reponi
555 1087 651 1132 vult
685 1089 823 1140 κάμοί.
859 1087 943 1132 Sed
974 1102 1099 1146 aegre
1132 1088 1331 1144 equidem
1363 1102 1476 1131 nunc
1507 1088 1595 1131 fero
1628 1087 1738 1129 verbi

131 1158 384 1203 absentiam.

193 1303 328 1350 5140
370 1303 582 1349 Garrulus
611 1307 649 1349 si
679 1305 831 1349 incidit
862 1319 1001 1350 sermo
1027 1320 1076 1349 ex
1105 1319 1188 1362 quo
1217 1305 1376 1349 discere
1404 1305 1568 1362 aliquid
1597 1310 1736 1363 potest

132 1391 234 1422 eum
276 1376 460 1435 repellit,
502 1377 643 1428 μισθὸν
686 1375 788 1420 οὕτω
832 1376 967 1420 δοῦναι
1009 1378 1180 1431 βραχὺν
1222 1379 1277 1430 τῷ
1321 1383 1527 1426 σιωπῆσαι
1571 1378 1631 1428 μὴ
1670 1377 1736 1420 δύ-

131 1449 318 1502 raama.

190 1520 276 1565 Pro
316 1521 372 1575 τῷ
402 1519 632 1578 Emporias
663 1521 847 1564 coniecit
879 1520 939 1573 τό,
971 1521 1210 1564 rectissime
1243 1524 1292 1563 ut
1324 1520 1524 1577 equidem
1558 1522 1731 1577 opinor:

129 1590 353 1636 silentium
384 1593 500 1636 enim
531 1595 596 1634 est
625 1592 815 1648 pretium
847 1605 931 1648 quo
963 1592 1125 1634 emitur
1156 1591 1375 1635 doctrinae
1401 1593 1732 1635 incrementum.

127 1663 210 1709 Sed
243 1676 449 1720 quorsum
481 1662 600 1706 istud
631 1661 734 1706 οὕτω
767 1660 968 1706 additur?
999 1663 1217 1706 Lubenter
1247 1676 1296 1707 eo
1328 1676 1509 1707 caream.

191 1805 332 1850 514D
376 1805 671 1850 Utilissimum
703 1805 881 1863 garrulo
912 1810 975 1849 est
1001 1805 1143 1849 solum
1170 1805 1288 1850 domi
1315 1805 1487 1849 studere
1514 1806 1734 1850 scribendo

129 1877 454 1935 recitandoque:
487 1878 548 1920 sic
580 1891 682 1920 eum

188 1947 283 1998 ἴσως
329 1948 380 1992 ἂν
415 1949 437 1999 ἧ
470 1947 566 2002 πρὸς
602 1950 648 1992 τὸ
681 1947 863 2002 γράφειν
896 1949 1142 2002 σκιαμαχία
1177 1948 1247 1991 καὶ
1276 1949 1303 1998 ἡ
1336 1949 1414 1999 βοὴ
1449 1952 1519 1992 τοῦ
1554 1950 1731 1998 πλήθους

128 2020 394 2072 ἀπερύκουσα
427 2020 519 2063 καθ’
553 2019 707 2073 ἡμέραν
741 2019 1011 2072 ἐλαφρότερον
1045 2019 1378 2073 παρασκευάσειε
1409 2025 1494 2068 τοῖς
1527 2024 1700 2064 συνοῦσι.

189 2089 342 2136 Cetera
367 2091 652 2136 facetissima:
683 2105 812 2142 „cum
839 2091 986 2135 charta
1015 2105 1093 2134 sua
1119 2095 1162 2134 et
1185 2090 1362 2134 calamis
1389 2091 1552 2135 bellum
1579 2106 1733 2149 gerens

129 2163 174 2208 in
216 2162 443 2220 publicum
485 2177 568 2206 non
610 2162 802 2219 procedit
843 2166 886 2206 et
929 2164 989 2206 sic
1021 2165 1064 2206 in
1098 2162 1189 2206 dies
1218 2161 1355 2206 lenior
1387 2163 1480 2206 fit''.
1513 2162 1596 2206 Sed
1628 2163 1732 2220 quid

127 2233 210 2289 sibi
247 2233 368 2278 istud
410 2235 433 2284 ἦ
475 2233 556 2286 βοή
599 2232 707 2278 velit
748 2248 832 2278 non
865 2234 1005 2278 video.
1048 2233 1095 2277 Si
1126 2233 1282 2277 saltem
1314 2234 1479 2277 abesset
1510 2234 1731 2287 articulus,

129 2303 293 2363 fingere
338 2319 510 2363 possem
557 2304 949 2357 adolescentulum,
999 2306 1074 2362 qui
1123 2319 1280 2362 magno
1327 2304 1513 2348 clamore
1557 2305 1733 2362 „culpat

131 2375 361 2420 calamos”.
393 2376 519 2420 Nunc
550 2381 627 2419 aut
658 2376 959 2420 abstinendum
991 2390 1138 2421 censeo
1170 2380 1245 2419 aut
1279 2380 1422 2420 totum
1452 2376 1569 2419 istud
1602 2377 1672 2418 καὶ
1708 2378 1729 2426 ἡ

127 2447 206 2499 βοή
239 2447 485 2492 delendum.
518 2447 602 2491 Sed
636 2447 748 2491 unde
777 2447 930 2491 intulit
961 2446 1144 2504 pedem?
