1930 3354
1000 237 1087 281 684

258 358 338 401 Sed
383 358 564 400 moralem
604 358 844 401 Stoicorum
878 359 1170 413 philosophiam
1210 360 1460 412 admiratur,
1506 361 1829 419 Stoicorumque

257 429 429 471 heroem
476 427 679 471 Catonem
727 427 971 472 Uticensem
1016 432 1092 473 vix
1131 432 1236 487 ipsis
1270 430 1428 473 'Stoicis
1468 431 1615 475 11110110
1646 433 1831 490 011ιῄ011

258 502 578 554 veneraturque.
627 498 684 540 Et
732 502 875 542 tamen
921 499 972 542 de
1017 499 1118 543 Stoa
1165 502 1496 558 quotiescunque
1545 500 1754 559 loquitur>
1781 501 1831 545 fit

258 569 443 611 acerbior
482 568 606 611 solito
648 573 690 612 et
731 569 783 612 ad
823 569 1098 613 deridendum
1139 573 1320 628 pronior,
1364 573 1464 628 quia
1504 571 1831 629 ipsiquiatu'nc

258 640 460 682 vivebant
500 639 631 683 Stoici
673 642 913 696 arrogantia
956 655 1032 684 sua
1073 641 1203 684 bilem
1234 642 1461 685 movebant
1488 642 1739 686 ¹hominibus=
1755 657 1833 686 >ur-

258 711 458 752 banitatis
488 714 530 752 et
561 709 795 766 elegantiae
822 711 1023 754 studiosis
1049 717 1094 755 et
1119 715 1217 768 quia
1244 719 1345 755 tunc
1371 727 1534 770 quoque
1561 714 1685 771 saepe
1703 713 1833 758 fiebat

257 781 301 823 id
342 781 452 836 quod
494 795 660 837 semper
701 782 861 824 factum
903 786 978 833 est,
1021 787 1064 826 et
1093 797 1208 826 nunc
1239 787 1405 840 quoque
1436 783 1484 826 fit
1513 784 1762 829 interdum}
1783 788 1832 827 ut

258 866 341 909 quo
371 866 560 908 quaeque
591 856 656 895 est
687 854 874 895 severior
904 853 1091 896 doctrina
1123 868 1170 897 eo
1203 856 1345 897 minus
1379 856 1515 899 severi
1540 857 1626 899 sint
1647 857 1734 912 ipsi
1757 857 1832 912 qui

259 937 351 966 eam
394 922 703 974 commendant,
736 923 929 980 clamque
961 938 1004 967 se
1035 924 1187 967 iisdem
1221 925 1374 968 dedant
1406 925 1702 982 voluptatibus
1726 938 1833 998 quas

257 994 302 1035 in
334 995 483 1036 ceteris
513 993 758 1036 hominibus
789 998 878 1036 tam
910 996 1061 1037 acriter
1091 995 1383 1039 condemnant.
1760 1028 1763 1033 Δ

318 1065 376 1106 At
415 1066 460 1106 in
502 1063 808 1120 Epicureorum
850 1065 1032 1107 doctrina
1073 1065 1182 1108 nihil
1223 1070 1288 1109 est
1329 1066 1440 1123 quod
1478 1080 1562 1109 nou
1602 1045 1834 1109 detestetur

259 1133 516 1177 Plutarchus
561 1135 921 1191 abomineturque,
970 1135 1078 1178 nihil
1125 1136 1238 1193 quod
1283 1138 1322 1180 ei
1368 1151 1450 1180 non
1491 1136 1583 1183 leve
1616 1136 1832 1190 videatur,

260 1203 397 1256 futile,
441 1208 576 1261 turpe.
620 1205 675 1248 Et
720 1211 860 1249 tamen
901 1208 973 1249 vix
1004 1220 1193 1263 unquam
1223 1209 1267 1250 in
1299 1207 1408 1262 ipsae
1436 1207 1668 1264 Epicureos
1698 1209 1834 1251 acrius

259 1276 490 1327 invehitur,
533 1281 576 1319 et
617 1291 668 1319 ex
709 1278 981 1333 antiquorum
1022 1278 1330 1334 Epicureorum
1374 1279 1464 1322 vita
1492 1277 1834 1336 multa'prof'ert,

260 1362 366 1405 quae
397 1347 496 1391 licet
520 1348 572 1390 ab
595 1348 700 1404 ipsis
725 1349 838 1390 iusto
866 1348 1209 1404 magnificentius
1235 1354 1493 1392 exornentur
1511 1349 1834 1402 verbisfta'meu

260 1419 490 1463 Plutarcho
532 1433 697 1475 quoque
727 1420 818 1462 visa
849 1433 938 1462 esse
968 1421 1098 1463 bonae
1127 1420 1284 1464 indicia
1313 1420 1483 1472 indolis,
1515 1421 1726 1464 humanae
1755 1419 1835 1463 cle*-

261 1492 512 1546 mentisque,
561 1503 749 1546 quaeque
795 1490 1012 1532 hominem
1059 1491 1246 1533 amicum
1292 1490 1439 1534 reddat
1478 1491 1650 1534 homini
1687 1494 1834 1547 sponte

259 1567 445 1618 apparet.
495 1560 606 1604 Nam
650 1562 844 1603 omnium
891 1565 1099 1617 quotquot
1144 1566 1244 1604 tunc
1285 1562 1444 1605 fuerint
1485 1561 1834 1618 philosophorum

261 1633 503 1689 Epicureos,
545 1646 596 1674 ne
628 1632 731 1688 quid
763 1631 900 1674 dicam
931 1634 1083 1683 maius,
1114 1634 1294 1675 minime
1323 1632 1455 1677 fuisse
1485 1631 1835 1689 absurdoeeinep-

261 1707 410 1760 tosque
440 1708 482 1746 et
513 1703 624 1759 apud
655 1702 934 1745 Plutarchum
967 1707 1009 1746 et
1039 1702 1142 1745 alibi
1173 1703 1328 1746 diserta
1359 1703 1512 1746 adsunt
1541 1704 1818 1755 testimonim,

324 1773 578 1826 Φιλοσοφίας
609 1773 726 1821 τέλος
758 1775 962 1825 θεολογία.
994 1774 1109 1817 Ηο00
1141 1788 1310 1817 summa
1341 1788 1507 1832 semper
1533 1775 1594 1817 sit
1619 1773 1834 1818 010111οῙᾶο

261 1845 492 1889 Plutarcho
533 1844 844 1901 disputationis.
877 1843 1156 1901 Theologiam
1191 1859 1357 1901 semper
1387 1847 1430 1888 et
1462 1845 1620 1902 ubique
1647 1845 1711 1894 ita
1740 1854 1836 1902 pur-

262 1931 376 1974 gare,
418 1918 480 1959 ita
518 1915 706 1958 stabilire
748 1917 902 1958 nititur
942 1920 992 1958 ut
1031 1915 1106 1958 illa
1147 1917 1280 1972 possit
1321 1916 1548 1959 hominum
1583 1920 1752 1959 mentes
1772 1936 1773 1939 ¹
1792 1918 1835 1958 et

261 1987 478 2030 illustrare
510 1993 554 2029 et
582 1989 830 2038 sustentare,
864 1986 915 2028 de
941 1986 1122 2028 summis
1147 1987 1270 2028 rebus
1295 2000 1344 2029 ea
1369 1985 1552 2029 docendo
1578 1999 1687 2042 quae
1708 1985 1834 2029 falsas

264 2058 546 2114 absurdasque
590 2056 743 2100 tollant
788 2058 1026 2114 opiniones,
1074 2057 1340 2100 corroborent
1385 2056 1656 2109 dubitantes,
1689 2069 1836 2114 aegros

262 2128 551 2183 sollicitosque
581 2127 861 2170 consolentur.
894 2126 1157 2184 Quapropter
1186 2142 1270 2170 non
1300 2127 1447 2171 dubito
1477 2129 1580 2184 quin
1606 2126 1835 2170 Plutarcho

262 2202 344 2256 ipsi
385 2199 640 2255 primarium
671 2212 798 2241 suum
829 2199 973 2241 visum
1005 2200 1062 2240 sit
1087 2212 1193 2254 opus
1236 2199 1286 2240 de
1316 2198 1412 2240 Sera
1447 2198 1618 2241 numim‘e
1646 2198 1834 2241 vindicta.

263 2271 378 2323 Quae
426 2271 539 2312 enim
584 2271 715 2325 pestis
760 2268 980 2325 capitalior
1019 2283 1147 2326 quam
1195 2269 1245 2312 de
1289 2269 1357 2312 dei
1397 2266 1836 2312 1110111101111111101101

262 2341 387 2384 Illam
431 2355 531 2398 ergo
573 2341 775 2397 primario
815 2342 899 2383 isto
941 2354 1063 2397 opere
1100 2355 1123 2383 0
1162 2341 1375 2383 mentibus
1405 2340 1628 2383 hominum
1660 2338 1836 2382 evellere

263 2413 430 2462 nititur,
462 2425 596 2467 neque
626 2410 799 2462 frustra,
832 2412 869 2453 si
899 2410 1001 2467 quid
1031 2410 1167 2461 video,
1194 2412 1361 2454 nititur.
1391 2409 1636 2466 Eodemque
1663 2408 1836 2452 coneilio

264 2497 388 2526 verae
434 2481 731 2525 Providentiae
778 2485 867 2524 tam
914 2495 1152 2537 expressam
1195 2481 1267 2523 dat
1305 2479 1547 2537 legentibus
1572 2481 1835 2537 imaginem,

265 2556 356 2597 eius
401 2553 698 2595 Providentiae
745 2566 866 2608 quae,
913 2551 1015 2595 licet
1059 2565 1185 2608 supra
1230 2552 1416 2594 humana
1455 2552 1597 2594 omnia
1636 2551 1837 2601 emineat,

265 2629 406 2667 tamen
435 2625 490 2665 sit
516 2623 723 2666 eiusmodi
748 2626 797 2665 ut
823 2624 964 2679 quivis
989 2623 1116 2666 homo
1140 2637 1184 2666 se
1210 2624 1249 2665 01
1275 2625 1504 2679 cognatum
1529 2622 1686 2664 sentire
1705 2621 1838 2677 possit

265 2700 308 2738 et
332 2695 384 2738 ad
411 2708 503 2737 0010
529 2698 747 2750 tamquam
775 2694 826 2736 ad
851 2694 1020 2737 Numen
1045 2693 1299 2736 benevolum
1324 2693 1630 2748 hominumque
1650 2693 1834 2734 amicum

265 2770 453 2808 mentem
490 2766 765 2820 animumque
803 2763 1009 2807 attollere.
1050 2763 1164 2806 Hinc
1196 2763 1247 2806 de
1276 2763 1643 2806 daemonibuc'tam
1662 2761 1837 2804 [multus

266 2840 329 2878 est
361 2837 563 2891 quoniam
594 2836 667 2891 qui
700 2835 751 2878 ab
783 2834 885 2886 illis,
916 2849 998 2877 non
1029 2848 1054 2877 a
1085 2834 1185 2877 Deis
1216 2834 1372 2884 Deove,
1407 2832 1519 2876 mala
1550 2836 1689 2875 creata
1714 2837 1762 2875 ¹et
1791 2833 1836 2874 in

266 2908 400 2948 vitam
431 2907 624 2948 immissa
654 2905 798 2958 credit,
831 2909 942 2948 certe
974 2907 1160 2961 quietem
1187 2903 1397 2961 quandam
1420 2903 1630 2947 invenerit
1655 2915 1761 2959 quae
1786 2901 1836 2945 de

267 2975 345 3019 Dei
375 2977 580 3031 sapientia
611 2974 918 3031 clementiaque
945 2975 1139 3018 dubitare
1165 2978 1290 3018 vetet.
1324 2973 1435 3016 Hinc
1458 2971 1536 3016 illa
1560 2971 1836 3019 miraculorum
