2002 3372
1082 218 1170 263 298

335 354 446 396 pem,
490 339 651 381 dictum
693 338 830 394 lepide
872 340 931 381 sic
969 340 1015 381 in
1046 341 1264 397 integrum
1296 341 1432 385 editor
1464 344 1677 386 restituit:
1709 341 1736 386 ὦ
1769 345 1916 387 ταλαί-

337 425 453 463 πωρε,
483 409 540 456 τίς
574 410 740 459 οὲνοέγκα
776 409 865 460 σα;
900 410 1119 461 παραγόρα
1154 411 1269 463 προῖξ
1299 413 1403 456 ἐμοί
1436 429 1501 463 γε.
1537 407 1565 455 ἃ
1597 413 1637 456 δὲ
1668 415 1718 457 σὺ
1746 414 1916 463 κλείσας

334 481 564 531 φυλάττεις
599 479 689 525 τοὺς
719 479 910 529 βασιλεῖς
944 480 1172 533 πορίζεσθαι
1205 481 1267 524 δεῖ
1295 483 1379 524 κτὲ.

395 550 632 593 Videndum
666 554 809 592 tamen
843 564 980 593 annon
1011 553 1167 594 rectius
1199 554 1255 594 sit
1287 553 1350 595 σοΙ
1380 557 1423 595 et
1456 553 1557 603 ἐμοί.

392 693 447 735 ib.
492 692 697 748 Regibus,
742 706 893 748 regum
937 693 1157 745 ministris,
1199 695 1267 744 iis,
1310 696 1384 751 qui
1415 695 1574 751 primas
1604 699 1746 752 partes
1775 697 1823 739 -in
1853 709 1914 739 re-

333 762 502 819 publica
533 776 658 818 agere
692 763 884 818 cupiunt,
918 764 1095 818 pecunia
1126 777 1232 823 opus
1263 768 1327 806 est
1393 791 1395 793 ·

394 833 573 874 ἑστιῶσιν
614 831 892 885 χαριζομένοις
934 833 1185 886 δορυφοροῦσι
1229 834 1330 887 δῶρα
1375 836 1582 885 πέμπουσι
1615 837 1915 888 στρατεύματα

333 903 523 956 τρέφουσι
556 903 818 955 μονομάχους
852 904 1094 953 ὠνουμένοις.

393 973 560 1016 Horum
593 973 913 1029 participiorum
949 975 1125 1017 tertium
1157 975 1272 1017 haud
1304 975 1430 1018 dubie
1455 979 1701 1032 corruptum
1729 979 1807 1030 est,
1833 990 1912 1020 non

333 1046 444 1086 enim
468 1045 554 1087 viri
577 1045 623 1085 in
639 1043 855 1100 republica
872 1038 1031 1086 summi
1048 1044 1282 1087 satellitum
1301 1059 1474 1089 munere
1491 1047 1732 1104 funguntur
1745 1048 1827 1104 ipsi
1843 1047 1914 1090 sed

332 1115 527 1156 satellites
569 1114 725 1156 habent.
768 1114 882 1171 Ergo
915 1115 965 1157 ad
998 1129 1170 1158 sensum
1203 1117 1437 1160 rectissime
1470 1116 1720 1175 Madvigius
1749 1131 1827 1174 pro
1857 1118 1916 1160 δο-

333 1187 541 1237 ρυφοροῦσι
571 1185 747 1227 coniecit
773 1185 1003 1236 δορυφόρους
1023 1185 1175 1238 ἔχουσι.
1204 1186 1327 1229 Nunc
1345 1186 1659 1243 elegantissime
1675 1188 1914 1244 potentium
1983 1210 1986 1212 ·

331 1257 545 1311 impensae
587 1257 775 1311 primum
816 1257 859 1296 in
893 1255 996 1298 duas
1028 1260 1167 1312 partes
1199 1256 1462 1309 dividuntur,
1495 1272 1675 1314 quarum
1707 1259 1821 1314 prior
1850 1273 1916 1302 res

333 1329 494 1382 spectat
527 1326 791 1377 domesticae,
819 1325 951 1368 altera
978 1340 1043 1368 res
1069 1330 1275 1379 externas,
1304 1327 1451 1371 deinde
1477 1332 1657 1385 utraque
1684 1329 1914 1385 tripartito.

333 1398 475 1451 Atque
522 1395 652 1438 altera
699 1410 867 1452 quoque
908 1396 982 1439 illa
1023 1397 1177 1441 divisio
1218 1396 1535 1454 elegantissima
1577 1402 1663 1441 est:
1705 1397 1726 1440 I
1757 1398 1914 1441 ἑστιῶσι

333 1467 512 1521 (nobiles
554 1469 747 1519 amicos),
790 1467 1066 1520 χαριζομένοις
1113 1468 1451 1522 (humilioribus)
1493 1469 1726 1522 δορυφόρους
1770 1467 1910 1523 ἔχουσι

333 1541 510 1591 (servos)
552 1537 592 1579 II
624 1537 727 1588 δῶρα
761 1538 965 1588 πέμπουσι
998 1539 1067 1591 (ad
1100 1538 1282 1581 aliorum
1315 1539 1572 1595 populorum
1604 1541 1913 1596 magistratus),

333 1609 633 1659 στρατεύματα
668 1607 855 1660 τρέφοντι
890 1612 981 1664 (per
1013 1612 1145 1652 totam
1176 1624 1296 1652 suam
1329 1611 1510 1665 patriam
1537 1611 1854 1667 praecipueque
1868 1612 1913 1653 in

331 1679 516 1731 finibus),
541 1680 800 1732 μονομάχους
828 1679 1056 1729 ὠνουμένοις
1085 1684 1176 1736 (per
1202 1694 1306 1736 quos
1333 1694 1452 1723 suam
1482 1681 1622 1724 aulam
1651 1680 1912 1736 defendunt).

332 1750 414 1792 Sed
459 1752 603 1805 ipsum
649 1749 757 1791 illud
806 1750 1038 1802 δορυφόρους
1089 1749 1226 1802 ἔχουσι
1271 1750 1397 1807 paulo
1441 1751 1687 1808 languidius
1726 1751 1912 1805 videtur,

332 1824 587 1876 quapropter
625 1820 766 1877 legere
809 1820 954 1863 malim
998 1821 1358 1872 δορυφορουμένοις,
1400 1822 1511 1878 quod
1544 1826 1586 1865 et
1616 1824 1761 1878 ipsum
1791 1822 1914 1866 facile

331 1905 354 1933 a
380 1890 565 1941 librario,
595 1892 668 1946 qui
695 1895 790 1933 ante
818 1891 959 1934 oculos
985 1891 1158 1934 haberet
1186 1891 1544 1944 δορυφορουμένοις,
1569 1892 1672 1943 δῶρα
1690 1893 1911 1945 πέμπουσι,

331 1963 543 2016 corrumpi
588 1962 741 2017 potuit.
785 1961 838 2003 Et
877 1961 973 2004 vide
1014 1976 1127 2004 nunc
1170 1976 1298 2018 quam
1338 1961 1552 2018 eleganter
1593 1963 1695 2006 haec
1725 1964 1838 2007 inter
1869 1976 1912 2007 se

330 2031 608 2086 respondeant
622 2044 629 2073 :

616 2101 794 2143 ἑστιῶσιν
1141 2101 1242 2153 δῶρα
1278 2101 1483 2152 πέμπουσι

614 2171 891 2225 χαριζομένοις
1136 2172 1435 2225 στρατεύματα
1469 2172 1680 2225 τρέφουσι·

615 2242 958 2294 δορυφορουμένοις
1142 2242 1404 2294 μονομάχους
1442 2243 1667 2293 ὠνουμένοις

390 2312 437 2354 ln
477 2314 613 2368 priore
653 2318 771 2368 parte
813 2313 941 2355 habes
972 2327 1101 2356 unam
1136 2314 1315 2356 formam
1348 2315 1532 2356 activam
1564 2313 1728 2357 duabus
1758 2314 1911 2358 mediis

329 2384 614 2438 sequentibus,
647 2385 691 2424 in
719 2382 851 2425 altera
878 2383 980 2426 duas
1006 2385 1167 2427 activas
1193 2397 1277 2426 una
1303 2383 1443 2426 media
1466 2387 1678 2440 sequente.
1711 2383 1910 2441 Quisquis

329 2453 411 2494 fuit
443 2454 621 2508 scriptor
651 2453 733 2504 hic,
767 2453 975 2496 scribendi
1007 2453 1183 2496 artificia
1216 2455 1317 2495 satis
1346 2453 1526 2496 habebat
1556 2455 1738 2510 cognita.

391 2594 522 2636 5251?
564 2594 641 2637 Est
673 2598 715 2637 et
747 2595 928 2648 θηριώδης
964 2595 1169 2651 quaedam
1203 2596 1454 2640 divitiarum
1486 2596 1696 2653 cupiditas

389 2668 703 2715 συκοφαντοῦσα
751 2666 816 2706 καὶ
853 2668 1150 2715 κληρονομοῦσα
1185 2666 1253 2707 καὶ
1289 2666 1648 2719 παραλογιζομένη
1683 2666 1751 2708 καὶ
1786 2676 1908 2709 πολυ-

329 2738 626 2785 πραγμονοῦσα
660 2736 726 2776 καὶ
760 2735 1029 2788 φροντίζουσα
1065 2730 1135 2777 καὶ
1168 2737 1394 2788 ἀριθμοῦσα
1428 2737 1505 2778 τῶν
1537 2740 1669 2788 φίλων
1700 2735 1761 2778 ἔτι
1792 2735 1906 2779 πόσοι

329 2804 443 2856 ζῶσιν
474 2805 557 2846 κτὲ.

387 2875 479 2916 Non
521 2875 642 2917 credo
684 2876 864 2917 stoicum
908 2876 1020 2917 hunc
1062 2879 1150 2918 tam
1191 2875 1411 2932 pueriliter
1450 2877 1592 2919 hiatus
1625 2877 1824 2919 metuisse
1856 2881 1906 2920 ut

327 2943 378 2984 ad
404 2943 499 2986 illos
526 2944 717 2987 vitandos
744 2946 967 2988 verborum
995 2959 1167 2988 sensum
1194 2949 1494 3002 corrumperet.
1524 2945 1773 3002 Legendum
1789 2947 1904 2989 enim
