1930 3354
887 267 971 312 679

133 389 410 435 immensum.
435 393 636 435 revocent
666 389 855 447 lepidam
887 389 1010 434 illam
1043 391 1093 435 de
1126 391 1292 435 duobus
1325 391 1492 435 Iudaeis
1523 393 1723 435 narrat-io·

133 472 245 504 nen-
272 472 455 518 quorum
499 459 609 504 alter
639 459 824 504 alterum
856 462 899 503 in
930 463 999 504 ius
1029 463 1208 506 vocabat
1237 463 1351 519 quod
1383 464 1466 506 sibi
1498 467 1722 520 pertusum

66 587 67 590 Ἰ
132 530 387 576 ηὸᾱίἀὴοῦῦ
424 530 608 575 lebetem
651 545 779 589 quem
822 533 862 575 ei
905 533 1276 578 commodavisset.
1309 535 1368 577 At
1398 535 1468 577 hic
1499 535 1558 578 sic
1590 537 1724 578 semet

65 643 67 646 .
131 603 278 660 ipm
322 601 534 646 defendit:
584 603 803 660 „primum
850 617 985 660 neque
1032 618 1220 662 unquam
1265 606 1347 648 iste
1388 606 1498 648 mihi
1539 603 1723 649 lebetem

133 673 425 718 commodavit
433 687 446 727 3
479 673 630 717 deinde
660 677 860 730 pertusus
890 675 980 717 iam
1012 680 1103 718 erat
1133 675 1232 729 ille;
1264 680 1479 733 postremo
1504 678 1723 734 integrum

133 743 343 788 reddidi”.

153 814 473 870 ,μκῡιιιῃωοᾶο
495 814 737 873 legentium
764 815 1044 859 emendentur
1070 831 1221 869 mores,
1248 817 1351 874 quid
1378 819 1531 861 attinet
1558 831 1725 874 semper

132 886 185 932 οῦ
203 886 374 945 ubique·
398 892 442 930 te
473 891 670 944 torquere
701 890 751 930 ut
781 892 1002 930 accuratus
1033 888 1091 930 sis
1102 886 1148 930 ?''
1182 887 1577 932 Condemnemusne
1607 889 1725 945 „phi-

131 956 391 1016 losophum”
434 958 536 1001 huic
577 959 653 1001 uni
683 957 774 1016 leg-i
805 959 965 1016 ubique
996 958 1245 1016 parentem?
1286 960 1497 1017 Equidem
1529 962 1723 1003 omnium

46 1015 53 1065 s
130 1029 327 1075 indicum
357 1031 580 1073 sententiis
610 1029 919 1074 absolvendum
951 1035 995 1073 et
1020 1045 1118 1074 cum
1145 1030 1271 1075 laude
1297 1031 1522 1089 gloriaque
1548 1031 1723 1075 domum

131 1099 422 1146 adunandum
453 1114 614 1145 censeo.

135 1185 172 1211 J
183 1170 316 1217 issam
327 1176 495 1216 eertum
537 1176 602 1216 est
641 1187 725 1216 non
755 1172 987 1231 indignum
1018 1174 1266 1231 parentibus
1297 1173 1548 1218 cultioribus
1578 1175 1723 1217 visum

46 1262 49 1264 ’
131 1242 418 1288 Humum
458 1244 529 1287 cni
568 1243 724 1287 liberos
765 1259 865 1287 suos
897 1244 1136 1288 educandos
1168 1245 1456 1302 docendosqne
1488 1247 1725 1289 committe-

129 1316 292 1370 ῦοιοοῦς
317 1313 651 1372 utilissimeque
683 1316 783 1359 huic
814 1315 949 1360 labori
981 1317 1136 1365 bonam
1169 1318 1284 1360 vitae
1314 1317 1526 1374 impendit
1557 1321 1724 1374 partem

44 1387 45 1390 ’
131 1390 260 1445 atque
294 1387 431 1431 etism
472 1401 704 1444 puerorum
746 1389 871 1444 gregi
913 1389 988 1444 qui
1029 1392 1174 1445 postea
1208 1393 1348 1431 essent
1380 1388 1522 1431 daturi
1553 1401 1724 1445 operam

130 1458 512 1504 literis‘oonsnluit
543 1490 554 1502 .
572 1491 583 1503 .
604 1490 614 1502 .
649 1459 882 1503 scribendo.
926 1460 1036 1503 Nam
1067 1461 1290 1517 ingentem
1321 1461 1488 1517 copiam
1515 1459 1723 1502 librorum

131 1533 185 1576 et'
200 1529 511 1588 &stipularum
536 1534 581 1574 et
606 1544 684 1573 sua
708 1531 846 1588 ipsius
873 1545 998 1574 causa
1024 1530 1282 1574 Plutarchus
1307 1532 1569 1588 composuit:
1599 1543 1724 1573 omne

130 1606 440 1661 mpectuum
478 1601 863 1659 collectionumque
903 1616 1053 1660 genus,
1089 1604 1241 1659 somnia
1275 1602 1454 1659 denique
1487 1615 1594 1658 quae
1625 1615 1724 1658 prae

131 1674 455 1719 mantuanense
486 1673 640 1717 debent
670 1673 920 1717 docentibus
950 1674 1308 1731 discentibusque.
1340 1673 1476 1727 Quare
1508 1673 1622 1716 haud
1646 1674 1725 1715 im-

131 1747 289 1797 metito
325 1744 427 1804 pluo
465 1744 632 1789 duobus
673 1750 771 1802 post
812 1745 1034 1789 Plutarchi
1067 1746 1233 1788 obitum
1264 1745 1444 1789 saeculis
1476 1745 1724 1788 Himerium

130 1817 203 1863 hi·
241 1816 384 1862 ‘turbis
423 1831 552 1861 usum
592 1830 706 1861 esse:
752 1817 1039 1869 „Plutarchus
1079 1817 1155 1860 ille
1186 1831 1262 1874 per
1294 1831 1420 1874 quem
1451 1831 1543 1868 vos,
1576 1817 1724 1867 Attici,

132 1891 285 1941 totum
303 1900 443 1947 genus
466 1889 694 1932 hominum
720 1888 924 1932 docetis''.
956 1888 1072 1942 Quae
1098 1889 1227 1931 verba
1252 1887 1484 1931 admodum
1511 1886 1725 1930 difficilem

131 1960 253 2004 nobis
280 1959 466 2004 reddunt
495 1959 755 2002 diiudicandi
786 1960 994 2002 rationem
1027 1959 1130 2016 quid
1161 1962 1205 2002 in
1239 1959 1448 2002 eiusmodi
1480 1958 1602 2001 libris
1628 1971 1725 2014 spu-

129 2033 246 2076 rium
271 2030 458 2088 sit-quid
482 2032 734 2088 genuinum.
767 2030 887 2074 Licet
913 2033 1030 2074 enim
1056 2032 1101 2073 in
1129 2035 1356 2088 utramque
1380 2035 1546 2087 partem
1573 2031 1628 2072 iis
1659 2029 1726 2072 uti

132 2102 266 2148 etsie
289 2101 530 2160 disputare:
558 2101 784 2154 „Himerio
810 2101 876 2144 illi
902 2101 1004 2144 libri
1031 2104 1161 2145 etiam
1189 2103 1370 2158 genuini
1386 2102 1471 2144 visi
1491 2105 1605 2153 sunt,
1623 2113 1724 2156 ergo

132 2177 186 2219 et*
205 2173 285 2218 hos
305 2187 384 2218 -eos
409 2173 549 2218 eidem
571 2174 839 2217 vindicemus
866 2173 1073 2225 auctori’',
1102 2177 1177 2216 aut
1205 2198 1263 2205 —
1287 2172 1400 2229 quod
1427 2172 1538 2215 mihi
1555 2171 1726 2214 videtur

130 2246 291 2291 ”notius
311 2270 374 2279 .....
401 2247 486 2289 sio:
518 2259 648 2297 „mox
684 2245 940 2288 Plutarchus
971 2245 1095 2288 heros
1122 2244 1295 2301 quidam
1324 2257 1562 2301 eponymus
1588 2243 1725 2286 factus

132 2316 438 2362 e'st'einsmodi
469 2330 662 2374 operum,
694 2330 760 2359 res
792 2330 894 2373 ergo
926 2317 1018 2373 ipsa
1049 2315 1242 2372 loquitur
1273 2314 1412 2358 multa
1444 2327 1593 2357 eorum
1619 2311 1724 2356 falso

132 2388 233 2432 eins⁴
254 2401 413 2432 nomen
440 2389 487 2430 in
516 2387 654 2431 fronte
685 2387 879 2444 gerere''.

133 2458 289 2503 Ποῦ
329 2472 468 2502 unum
509 2463 674 2502 constat
715 2458 931 2515 plerisque
972 2459 1065 2502 veri
1106 2457 1326 2500 Plutarchi
1369 2457 1540 2500 subesse
1571 2454 1722 2507 multa,

131 2531 343 2588 nobisque
381 2544 434 2574 ea
472 2533 643 2573 tantum
671 2531 845 2572 reiicere
876 2529 1003 2572 licere
1035 2543 1141 2585 quae
1173 2543 1198 2572 a
1231 2528 1452 2571 Plutarchi
1483 2526 1624 2570 indole
1655 2527 1724 2569 ab·

132 2601 257 2646 horre
287 2602 462 2659 penitus
493 2603 743 2644 sentiamus.

132 2700 133 2704 =
179 2672 280 2717 *Sus
316 2687 401 2716 non
440 2671 582 2716 solum
624 2672 774 2715 doctus
815 2672 898 2714 fuit
942 2673 1148 2729 magister
1188 2675 1316 2727 atque
1355 2673 1612 2727 praeceptor,
1652 2668 1724 2711 sed

133 2745 266 2789 suam
295 2743 574 2802 *philosophia
613 2743 691 2786 illa
730 2757 856 2800 quam
901 2757 1000 2785 cum
1038 2742 1286 2798 aequalibus
1318 2741 1388 2784 vel
1419 2740 1724 2783 maturioribus

131 2817 222 2860 inm
244 2814 484 2873 discipulis
523 2819 707 2858 tractare
738 2813 899 2857 solebat
931 2812 1188 2856 solidissimo
1221 2813 1438 2856 nitebatur
1470 2810 1724 2868 multiplicis

132 2886 347 2931 doctrinae
387 2886 679 2930 fundamento.
723 2884 807 2927 Hic
849 2898 1015 2941 quoque
1059 2883 1223 2927 nullam
1266 2887 1417 2935 artem,
1459 2884 1582 2925 cuius
1620 2886 1724 2925 tunc

131 2959 298 3018 peritus
326 2971 417 3002 esse
445 2956 728 3014 philosophus
759 2956 950 3008 debebat,
983 2954 1189 3012 neglexit.
1231 2954 1449 3008 Quantum
1481 2955 1525 2996 in
1558 2966 1724 3010 quaque

133 3030 361 3089 profecerit
402 3029 584 3087 quaeris.
626 3026 895 3072 Confidenter
935 3026 1262 3082 respondemus:
1305 3030 1514 3082 quantum
1544 3027 1618 3081 qui
1647 3023 1723 3067 illo
