<?xml version="1.0" encoding="UTF-8"?>
<!DOCTYPE html PUBLIC "-//W3C//DTD XHTML 1.0 Transitional//EN"
    "http://www.w3.org/TR/xhtml1/DTD/xhtml1-transitional.dtd">
<html xmlns="http://www.w3.org/1999/xhtml" xml:lang="en" lang="en">
 <head>
  <title>
</title>
<meta http-equiv="Content-Type" content="text/html;charset=utf-8" />
  <meta name='ocr-system' content='tesseract 3.04.00' />
  <meta name='ocr-capabilities' content='ocr_page ocr_carea ocr_par ocr_line ocrx_word'/>
</head>
<body>
  <div class='ocr_page' id='page_1' title='image "./deplutarchoscrip00hartuoft_0364.png"; bbox 0 0 2002 3372; ppageno 0'>
   <div class='ocr_carea' id='block_1_1' title="bbox 1084 267 1170 311">
    <p class='ocr_par' dir='ltr' id='par_1_1' title="bbox 1084 267 1170 311">
     <span class='ocr_line' id='line_1_1' title="bbox 1084 267 1170 311; baseline 0.012 -1"><span class='ocrx_word' id='word_1_1' title='bbox 1084 267 1170 311; x_wconf 84' lang='lat'><strong>348</strong></span> 
     </span>
    </p>
   </div>
   <div class='ocr_carea' id='block_1_2' title="bbox 337 389 1917 3060">
    <p class='ocr_par' dir='ltr' id='par_1_2' title="bbox 337 389 1917 2283">
     <span class='ocr_line' id='line_1_2' title="bbox 340 389 1910 446; baseline 0 -11"><span class='ocrx_word' id='word_1_2' title='bbox 340 392 524 435; x_wconf 85' lang='lat' dir='ltr'><strong>detinere</strong></span> <span class='ocrx_word' id='word_1_3' title='bbox 550 391 705 441; x_wconf 87' lang='lat' dir='ltr'><strong>studet,</strong></span> <span class='ocrx_word' id='word_1_4' title='bbox 735 394 875 431; x_wconf 87' lang='lat' dir='ltr'><strong>tamen</strong></span> <span class='ocrx_word' id='word_1_5' title='bbox 902 403 983 431; x_wconf 86' lang='lat' dir='ltr'><strong>non</strong></span> <span class='ocrx_word' id='word_1_6' title='bbox 1009 390 1218 432; x_wconf 81' lang='lat' dir='ltr'><strong>recusabit</strong></span> <span class='ocrx_word' id='word_1_7' title='bbox 1244 392 1471 446; x_wconf 76' lang='lat' dir='ltr'>quominus</span> <span class='ocrx_word' id='word_1_8' title='bbox 1498 389 1628 433; x_wconf 89' lang='lat' dir='ltr'><strong>simul</strong></span> <span class='ocrx_word' id='word_1_9' title='bbox 1644 393 1747 435; x_wconf 82' lang='lat' dir='ltr'><strong>satis</strong></span> <span class='ocrx_word' id='word_1_10' title='bbox 1760 390 1910 435; x_wconf 83' lang='lat' dir='ltr'><strong>doctus</strong></span> 
     </span>
     <span class='ocr_line' id='line_1_3' title="bbox 340 459 1912 517; baseline 0 -12"><span class='ocrx_word' id='word_1_11' title='bbox 340 465 393 505; x_wconf 89' lang='lat' dir='ltr'><strong>iis</strong></span> <span class='ocrx_word' id='word_1_12' title='bbox 415 462 627 512; x_wconf 83' lang='lat' dir='ltr'><strong>videatur3</strong></span> <span class='ocrx_word' id='word_1_13' title='bbox 652 474 785 515; x_wconf 88' lang='lat' dir='ltr'><strong>neque</strong></span> <span class='ocrx_word' id='word_1_14' title='bbox 802 461 1027 515; x_wconf 89' lang='lat' dir='ltr'><strong>quisquam</strong></span> <span class='ocrx_word' id='word_1_15' title='bbox 1044 459 1319 516; x_wconf 83' lang='lat' dir='ltr'><strong>philosophus</strong></span> <span class='ocrx_word' id='word_1_16' title='bbox 1337 464 1425 503; x_wconf 86' lang='lat' dir='ltr'><strong>tam</strong></span> <span class='ocrx_word' id='word_1_17' title='bbox 1443 460 1630 504; x_wconf 87' lang='lat' dir='ltr'><strong>difficiles</strong></span> <span class='ocrx_word' id='word_1_18' title='bbox 1645 462 1912 517; x_wconf 72' lang='lat' dir='ltr'><strong>quaestiones</strong></span> 
     </span>
     <span class='ocr_line' id='line_1_4' title="bbox 341 530 1912 588; baseline 0 -13"><span class='ocrx_word' id='word_1_19' title='bbox 341 538 455 575; x_wconf 87' lang='lat' dir='ltr'><strong>tanta</strong></span> <span class='ocrx_word' id='word_1_20' title='bbox 496 546 595 575; x_wconf 88' lang='lat' dir='ltr'><strong>cura</strong></span> <span class='ocrx_word' id='word_1_21' title='bbox 627 534 777 573; x_wconf 81' lang='lat' dir='ltr'><strong>tractat</strong></span> <span class='ocrx_word' id='word_1_22' title='bbox 809 531 912 585; x_wconf 89' lang='lat' dir='ltr'><strong>quin</strong></span> <span class='ocrx_word' id='word_1_23' title='bbox 942 533 985 572; x_wconf 90' lang='lat' dir='ltr'><strong>et</strong></span> <span class='ocrx_word' id='word_1_24' title='bbox 1015 535 1189 587; x_wconf 89' lang='lat' dir='ltr'><strong>propter</strong></span> <span class='ocrx_word' id='word_1_25' title='bbox 1220 533 1427 574; x_wconf 90' lang='lat' dir='ltr'><strong>sermonis</strong></span> <span class='ocrx_word' id='word_1_26' title='bbox 1460 530 1717 588; x_wconf 76' lang='lat' dir='ltr'><strong>elegantiam</strong></span> <span class='ocrx_word' id='word_1_27' title='bbox 1747 531 1912 575; x_wconf 76' lang='lat' dir='ltr'><strong>laudari</strong></span> 
     </span>
     <span class='ocr_line' id='line_1_5' title="bbox 340 600 1916 660; baseline -0.001 -14"><span class='ocrx_word' id='word_1_28' title='bbox 340 606 494 659; x_wconf 88' lang='lat' dir='ltr'><strong>cupiat.</strong></span> <span class='ocrx_word' id='word_1_29' title='bbox 541 602 646 645; x_wconf 82' lang='lat' dir='ltr'><strong>&#39;Poto</strong></span> <span class='ocrx_word' id='word_1_30' title='bbox 692 600 817 652; x_wconf 89' lang='lat' dir='ltr'><strong>caelo,</strong></span> <span class='ocrx_word' id='word_1_31' title='bbox 860 605 910 643; x_wconf 91' lang='lat' dir='ltr'><strong>ut</strong></span> <span class='ocrx_word' id='word_1_32' title='bbox 952 602 1087 652; x_wconf 89' lang='lat' dir='ltr'><strong>aiunt,</strong></span> <span class='ocrx_word' id='word_1_33' title='bbox 1128 603 1240 645; x_wconf 87' lang='lat' dir='ltr'><strong>inter</strong></span> <span class='ocrx_word' id='word_1_34' title='bbox 1280 616 1323 644; x_wconf 90' lang='lat' dir='ltr'><strong>se</strong></span> <span class='ocrx_word' id='word_1_35' title='bbox 1365 602 1521 644; x_wconf 84' lang='lat' dir='ltr'><strong>distant</strong></span> <span class='ocrx_word' id='word_1_36' title='bbox 1561 602 1841 660; x_wconf 70' lang='lat' dir='ltr'><strong>philosophus</strong></span> <span class='ocrx_word' id='word_1_37' title='bbox 1873 605 1916 646; x_wconf 90' lang='lat' dir='ltr'><strong>et</strong></span> 
     </span>
     <span class='ocr_line' id='line_1_6' title="bbox 339 671 1914 730; baseline -0.001 -14"><span class='ocrx_word' id='word_1_38' title='bbox 339 675 536 730; x_wconf 77' lang='lat' dir='ltr'>sophista,</span> <span class='ocrx_word' id='word_1_39' title='bbox 573 675 645 729; x_wconf 89' lang='lat' dir='ltr'><strong>qui</strong></span> <span class='ocrx_word' id='word_1_40' title='bbox 678 671 902 714; x_wconf 78' lang='lat' dir='ltr'>Plutarchi</span> <span class='ocrx_word' id='word_1_41' title='bbox 933 674 1068 714; x_wconf 88' lang='lat' dir='ltr'><strong>aetate</strong></span> <span class='ocrx_word' id='word_1_42' title='bbox 1099 673 1161 715; x_wconf 85' lang='lat' dir='ltr'><strong>ita</strong></span> <span class='ocrx_word' id='word_1_43' title='bbox 1191 673 1519 730; x_wconf 85' lang='lat' dir='ltr'><strong>nominabantur</strong></span> <span class='ocrx_word' id='word_1_44' title='bbox 1551 697 1608 706; x_wconf 91' lang='lat'><strong>—-</strong></span> <span class='ocrx_word' id='word_1_45' title='bbox 1638 674 1712 718; x_wconf 77' lang='lat' dir='ltr'><strong>vix</strong></span> <span class='ocrx_word' id='word_1_46' title='bbox 1743 676 1914 718; x_wconf 76' lang='lat' dir='ltr'><strong>tentum</strong></span> 
     </span>
     <span class='ocr_line' id='line_1_7' title="bbox 338 741 1914 799; baseline 0 -13"><span class='ocrx_word' id='word_1_47' title='bbox 338 745 447 786; x_wconf 90' lang='lat' dir='ltr'><strong>inter</strong></span> <span class='ocrx_word' id='word_1_48' title='bbox 473 743 687 785; x_wconf 81' lang='lat' dir='ltr'><strong>Socratem</strong></span> <span class='ocrx_word' id='word_1_49' title='bbox 714 741 1004 799; x_wconf 76' lang='lat' dir='ltr'><strong>Gorg-iamque</strong></span> <span class='ocrx_word' id='word_1_50' title='bbox 1027 743 1224 785; x_wconf 84' lang='lat' dir='ltr'><strong>interfuit</strong></span> <span class='ocrx_word' id='word_1_51' title='bbox 1252 767 1308 774; x_wconf 88' lang='lat'>—</span> <span class='ocrx_word' id='word_1_52' title='bbox 1332 746 1375 785; x_wconf 90' lang='lat' dir='ltr'><strong>et</strong></span> <span class='ocrx_word' id='word_1_53' title='bbox 1402 747 1544 786; x_wconf 87' lang='lat' dir='ltr'><strong>tamen</strong></span> <span class='ocrx_word' id='word_1_54' title='bbox 1569 745 1680 788; x_wconf 86' lang='lat' dir='ltr'><strong>inter</strong></span> <span class='ocrx_word' id='word_1_55' title='bbox 1695 743 1914 790; x_wconf 72' lang='lat' dir='ltr'><strong>Plutarchi</strong></span> 
     </span>
     <span class='ocr_line' id='line_1_8' title="bbox 339 812 1914 871; baseline 0.003 -16"><span class='ocrx_word' id='word_1_56' title='bbox 339 814 466 856; x_wconf 90' lang='lat' dir='ltr'><strong>libros</strong></span> <span class='ocrx_word' id='word_1_57' title='bbox 508 827 618 855; x_wconf 91' lang='lat' dir='ltr'><strong>unus</strong></span> <span class='ocrx_word' id='word_1_58' title='bbox 659 818 701 855; x_wconf 88' lang='lat' dir='ltr'><strong>et</strong></span> <span class='ocrx_word' id='word_1_59' title='bbox 739 812 847 855; x_wconf 87' lang='lat' dir='ltr'><strong>alter</strong></span> <span class='ocrx_word' id='word_1_60' title='bbox 886 817 950 855; x_wconf 90' lang='lat' dir='ltr'><strong>est</strong></span> <span class='ocrx_word' id='word_1_61' title='bbox 991 814 1064 869; x_wconf 88' lang='lat' dir='ltr'><strong>qui</strong></span> <span class='ocrx_word' id='word_1_62' title='bbox 1105 816 1148 856; x_wconf 88' lang='lat' dir='ltr'><strong>et</strong></span> <span class='ocrx_word' id='word_1_63' title='bbox 1189 827 1213 856; x_wconf 85' lang='lat' dir='ltr'><strong>a</strong></span> <span class='ocrx_word' id='word_1_64' title='bbox 1244 813 1432 856; x_wconf 87' lang='lat' dir='ltr'><strong>Luciano</strong></span> <span class='ocrx_word' id='word_1_65' title='bbox 1466 815 1591 858; x_wconf 79' lang='lat' dir='ltr'><strong>scribi</strong></span> <span class='ocrx_word' id='word_1_66' title='bbox 1621 816 1823 871; x_wconf 51' lang='lat' dir='ltr'><strong>potuerit·</strong></span> <span class='ocrx_word' id='word_1_67' title='bbox 1854 814 1914 858; x_wconf 87' lang='lat' dir='ltr'><strong>Ut</strong></span> 
     </span>
     <span class='ocr_line' id='line_1_9' title="bbox 338 883 1914 944; baseline 0.002 -18"><span class='ocrx_word' id='word_1_68' title='bbox 338 899 421 926; x_wconf 91' lang='lat' dir='ltr'><strong>uno</strong></span> <span class='ocrx_word' id='word_1_69' title='bbox 447 885 640 940; x_wconf 84' lang='lat' dir='ltr'><strong>exemplo</strong></span> <span class='ocrx_word' id='word_1_70' title='bbox 666 888 888 926; x_wconf 89' lang='lat' dir='ltr'><strong>contentus</strong></span> <span class='ocrx_word' id='word_1_71' title='bbox 911 885 1016 926; x_wconf 84' lang='lat' dir='ltr'><strong>sim:</strong></span> <span class='ocrx_word' id='word_1_72' title='bbox 1041 883 1302 940; x_wconf 87' lang='lat' dir='ltr'><strong>colloquium</strong></span> <span class='ocrx_word' id='word_1_73' title='bbox 1319 884 1430 927; x_wconf 91' lang='lat' dir='ltr'><strong>illud</strong></span> <span class='ocrx_word' id='word_1_74' title='bbox 1447 885 1614 942; x_wconf 85' lang='lat' dir='ltr'><strong>Ulyssis</strong></span> <span class='ocrx_word' id='word_1_75' title='bbox 1629 883 1914 944; x_wconf 51' lang='lat' dir='ltr'><strong>cum‘Gtryllm</strong></span> 
     </span>
     <span class='ocr_line' id='line_1_10' title="bbox 339 954 1914 1013; baseline 0.002 -17"><span class='ocrx_word' id='word_1_76' title='bbox 339 955 451 1010; x_wconf 90' lang='lat' dir='ltr'><strong>quod</strong></span> <span class='ocrx_word' id='word_1_77' title='bbox 485 955 732 996; x_wconf 81' lang='lat' dir='ltr'><strong>inscribitur</strong></span> <span class='ocrx_word' id='word_1_78' title='bbox 771 955 884 996; x_wconf 81' lang='lat' dir='ltr'><strong>bruta</strong></span> <span class='ocrx_word' id='word_1_79' title='bbox 925 954 1078 996; x_wconf 75' lang='lat' dir='ltr'><strong>ratione</strong></span> <span class='ocrx_word' id='word_1_80' title='bbox 1118 955 1192 1005; x_wconf 71' lang='lat' dir='ltr'><strong>uti,</strong></span> <span class='ocrx_word' id='word_1_81' title='bbox 1227 956 1262 997; x_wconf 89' lang='lat' dir='ltr'><strong>si</strong></span> <span class='ocrx_word' id='word_1_82' title='bbox 1294 956 1383 997; x_wconf 89' lang='lat' dir='ltr'><strong>sine</strong></span> <span class='ocrx_word' id='word_1_83' title='bbox 1415 957 1633 1013; x_wconf 84' lang='lat' dir='ltr'><strong>scriptoris</strong></span> <span class='ocrx_word' id='word_1_84' title='bbox 1663 957 1832 1000; x_wconf 78' lang='lat' dir='ltr'><strong>nomine</strong></span> <span class='ocrx_word' id='word_1_85' title='bbox 1863 955 1914 999; x_wconf 84' lang='lat' dir='ltr'><strong>ad</strong></span> 
     </span>
     <span class='ocr_line' id='line_1_11' title="bbox 337 1024 1915 1084; baseline 0.002 -17"><span class='ocrx_word' id='word_1_86' title='bbox 337 1039 412 1068; x_wconf 87' lang='lat' dir='ltr'><strong>nos</strong></span> <span class='ocrx_word' id='word_1_87' title='bbox 453 1026 727 1081; x_wconf 86' lang='lat' dir='ltr'><strong>pervenisset,</strong></span> <span class='ocrx_word' id='word_1_88' title='bbox 770 1027 879 1081; x_wconf 86' lang='lat' dir='ltr'><strong>quis</strong></span> <span class='ocrx_word' id='word_1_89' title='bbox 906 1039 930 1067; x_wconf 88' lang='lat' dir='ltr'><strong>a</strong></span> <span class='ocrx_word' id='word_1_90' title='bbox 970 1024 1254 1068; x_wconf 85' lang='lat' dir='ltr'><strong>Samosatensi</strong></span> <span class='ocrx_word' id='word_1_91' title='bbox 1296 1025 1383 1077; x_wconf 89' lang='lat' dir='ltr'><strong>illo,</strong></span> <span class='ocrx_word' id='word_1_92' title='bbox 1428 1027 1502 1082; x_wconf 90' lang='lat' dir='ltr'><strong>qui</strong></span> <span class='ocrx_word' id='word_1_93' title='bbox 1531 1026 1654 1069; x_wconf 92' lang='lat' dir='ltr'><strong>nobis</strong></span> <span class='ocrx_word' id='word_1_94' title='bbox 1682 1026 1915 1084; x_wconf 51' lang='lat' dir='ltr'><strong>¹perfectam</strong></span> 
     </span>
     <span class='ocr_line' id='line_1_12' title="bbox 338 1094 1916 1154; baseline 0.001 -16"><span class='ocrx_word' id='word_1_95' title='bbox 338 1096 551 1152; x_wconf 80' lang='lat' dir='ltr'><strong>sophistae</strong></span> <span class='ocrx_word' id='word_1_96' title='bbox 602 1096 773 1152; x_wconf 86' lang='lat' dir='ltr'><strong>praebet</strong></span> <span class='ocrx_word' id='word_1_97' title='bbox 817 1097 1074 1152; x_wconf 86' lang='lat' dir='ltr'><strong>imaginem,</strong></span> <span class='ocrx_word' id='word_1_98' title='bbox 1128 1097 1330 1151; x_wconf 79' lang='lat' dir='ltr'><strong>scriptam</strong></span> <span class='ocrx_word' id='word_1_99' title='bbox 1376 1110 1465 1139; x_wconf 88' lang='lat' dir='ltr'><strong>esse</strong></span> <span class='ocrx_word' id='word_1_100' title='bbox 1510 1110 1667 1154; x_wconf 79' lang='lat' dir='ltr'><strong>negare</strong></span> <span class='ocrx_word' id='word_1_101' title='bbox 1711 1094 1916 1141; x_wconf 75' lang='lat' dir='ltr'><strong>auderet?</strong></span> 
     </span>
     <span class='ocr_line' id='line_1_13' title="bbox 337 1166 1916 1223; baseline 0.001 -14"><span class='ocrx_word' id='word_1_102' title='bbox 337 1167 516 1209; x_wconf 91' lang='lat' dir='ltr'><strong>Possum</strong></span> <span class='ocrx_word' id='word_1_103' title='bbox 546 1181 638 1210; x_wconf 88' lang='lat' dir='ltr'><strong>rem</strong></span> <span class='ocrx_word' id='word_1_104' title='bbox 668 1166 884 1210; x_wconf 87' lang='lat' dir='ltr'><strong>illustrare</strong></span> <span class='ocrx_word' id='word_1_105' title='bbox 916 1166 1136 1223; x_wconf 87' lang='lat' dir='ltr'><strong>exemplis,</strong></span> <span class='ocrx_word' id='word_1_106' title='bbox 1175 1180 1281 1222; x_wconf 85' lang='lat' dir='ltr'><strong>quae</strong></span> <span class='ocrx_word' id='word_1_107' title='bbox 1312 1171 1455 1210; x_wconf 88' lang='lat' dir='ltr'><strong>nostra</strong></span> <span class='ocrx_word' id='word_1_108' title='bbox 1485 1167 1587 1210; x_wconf 89' lang='lat' dir='ltr'><strong>tulit</strong></span> <span class='ocrx_word' id='word_1_109' title='bbox 1618 1171 1746 1212; x_wconf 76' lang='lat' dir='ltr'><strong>aetas.</strong></span> <span class='ocrx_word' id='word_1_110' title='bbox 1783 1166 1916 1211; x_wconf 82' lang='lat' dir='ltr'><strong>Haud</strong></span> 
     </span>
     <span class='ocr_line' id='line_1_14' title="bbox 338 1238 1916 1296; baseline 0.001 -16"><span class='ocrx_word' id='word_1_111' title='bbox 338 1252 473 1280; x_wconf 91' lang='lat' dir='ltr'><strong>unum</strong></span> <span class='ocrx_word' id='word_1_112' title='bbox 519 1238 708 1281; x_wconf 86' lang='lat' dir='ltr'><strong>vidimus</strong></span> <span class='ocrx_word' id='word_1_113' title='bbox 763 1239 987 1295; x_wconf 80' lang='lat' dir='ltr'><strong>egregium</strong></span> <span class='ocrx_word' id='word_1_114' title='bbox 1039 1239 1251 1280; x_wconf 89' lang='lat' dir='ltr'><strong>mentium</strong></span> <span class='ocrx_word' id='word_1_115' title='bbox 1305 1238 1521 1281; x_wconf 91' lang='lat' dir='ltr'><strong>medicum</strong></span> <span class='ocrx_word' id='word_1_116' title='bbox 1572 1239 1719 1295; x_wconf 83' lang='lat' dir='ltr'><strong>piique</strong></span> <span class='ocrx_word' id='word_1_117' title='bbox 1763 1239 1916 1296; x_wconf 74' lang='lat' dir='ltr'><strong>gregis</strong></span> 
     </span>
     <span class='ocr_line' id='line_1_15' title="bbox 338 1308 1917 1364; baseline 0.001 -14"><span class='ocrx_word' id='word_1_118' title='bbox 338 1313 564 1364; x_wconf 85' lang='lat' dir='ltr'><strong>pastorem,</strong></span> <span class='ocrx_word' id='word_1_119' title='bbox 608 1310 681 1364; x_wconf 92' lang='lat' dir='ltr'><strong>qui</strong></span> <span class='ocrx_word' id='word_1_120' title='bbox 721 1310 983 1351; x_wconf 88' lang='lat' dir='ltr'><strong>sanctissimo</strong></span> <span class='ocrx_word' id='word_1_121' title='bbox 1027 1322 1102 1350; x_wconf 88' lang='lat' dir='ltr'><strong>suo</strong></span> <span class='ocrx_word' id='word_1_122' title='bbox 1143 1322 1317 1351; x_wconf 88' lang='lat' dir='ltr'><strong>munere</strong></span> <span class='ocrx_word' id='word_1_123' title='bbox 1357 1310 1512 1351; x_wconf 89' lang='lat' dir='ltr'><strong>omisso</strong></span> <span class='ocrx_word' id='word_1_124' title='bbox 1553 1308 1605 1351; x_wconf 83' lang='lat' dir='ltr'><strong>ad</strong></span> <span class='ocrx_word' id='word_1_125' title='bbox 1643 1313 1737 1352; x_wconf 80' lang='lat' dir='ltr'><strong>acta</strong></span> <span class='ocrx_word' id='word_1_126' title='bbox 1760 1309 1917 1352; x_wconf 29' lang='lat' dir='ltr'><strong>*dimna</strong></span> 
     </span>
     <span class='ocr_line' id='line_1_16' title="bbox 337 1377 1916 1435; baseline 0 -14"><span class='ocrx_word' id='word_1_127' title='bbox 337 1379 623 1435; x_wconf 85' lang='lat' dir='ltr'><strong>componenda</strong></span> <span class='ocrx_word' id='word_1_128' title='bbox 665 1379 975 1435; x_wconf 82' lang='lat' dir='ltr'><strong>redigendaque</strong></span> <span class='ocrx_word' id='word_1_129' title='bbox 1018 1380 1227 1421; x_wconf 84' lang='lat' dir='ltr'><strong>transiret.</strong></span> <span class='ocrx_word' id='word_1_130' title='bbox 1259 1378 1688 1423; x_wconf 81' lang='lat' dir='ltr'><strong>Narratiuncularum</strong></span> <span class='ocrx_word' id='word_1_131' title='bbox 1721 1377 1916 1423; x_wconf 80' lang='lat' dir='ltr'><strong>fictarum</strong></span> 
     </span>
     <span class='ocr_line' id='line_1_17' title="bbox 337 1448 1917 1506; baseline 0 -14"><span class='ocrx_word' id='word_1_132' title='bbox 337 1464 472 1506; x_wconf 88' lang='lat' dir='ltr'><strong>genus</strong></span> <span class='ocrx_word' id='word_1_133' title='bbox 503 1449 626 1501; x_wconf 89' lang='lat' dir='ltr'><strong>illud,</strong></span> <span class='ocrx_word' id='word_1_134' title='bbox 661 1464 742 1506; x_wconf 93' lang='lat' dir='ltr'><strong>quo</strong></span> <span class='ocrx_word' id='word_1_135' title='bbox 773 1464 871 1506; x_wconf 88' lang='lat' dir='ltr'><strong>prae</strong></span> <span class='ocrx_word' id='word_1_136' title='bbox 903 1451 1053 1493; x_wconf 84' lang='lat' dir='ltr'><strong>ceteris</strong></span> <span class='ocrx_word' id='word_1_137' title='bbox 1084 1449 1282 1492; x_wconf 85' lang='lat' dir='ltr'><strong>inclaruit</strong></span> <span class='ocrx_word' id='word_1_138' title='bbox 1314 1449 1569 1493; x_wconf 84' lang='lat' dir='ltr'><strong>immortalis</strong></span> <span class='ocrx_word' id='word_1_139' title='bbox 1597 1449 1674 1493; x_wconf 80' lang='lat' dir='ltr'><strong>ille</strong></span> <span class='ocrx_word' id='word_1_140' title='bbox 1700 1448 1917 1494; x_wconf 81' lang='lat' dir='ltr'><strong>Mecklen-</strong></span> 
     </span>
     <span class='ocr_line' id='line_1_18' title="bbox 337 1520 1915 1577; baseline 0.001 -14"><span class='ocrx_word' id='word_1_141' title='bbox 337 1521 574 1577; x_wconf 86' lang='lat' dir='ltr'><strong>burgensis,</strong></span> <span class='ocrx_word' id='word_1_142' title='bbox 609 1534 632 1562; x_wconf 89' lang='lat' dir='ltr'><strong>a</strong></span> <span class='ocrx_word' id='word_1_143' title='bbox 664 1521 925 1563; x_wconf 88' lang='lat' dir='ltr'><strong>nostratibus</strong></span> <span class='ocrx_word' id='word_1_144' title='bbox 958 1534 1124 1576; x_wconf 90' lang='lat' dir='ltr'><strong>quoque</strong></span> <span class='ocrx_word' id='word_1_145' title='bbox 1156 1522 1335 1563; x_wconf 91' lang='lat' dir='ltr'><strong>minime</strong></span> <span class='ocrx_word' id='word_1_146' title='bbox 1367 1520 1545 1563; x_wconf 88' lang='lat' dir='ltr'><strong>absurde</strong></span> <span class='ocrx_word' id='word_1_147' title='bbox 1576 1523 1641 1564; x_wconf 85' lang='lat' dir='ltr'><strong>est</strong></span> <span class='ocrx_word' id='word_1_148' title='bbox 1671 1523 1915 1571; x_wconf 71' lang='lat' dir='ltr'><strong>tractatum,</strong></span> 
     </span>
     <span class='ocr_line' id='line_1_19' title="bbox 340 1590 1914 1648; baseline 0.001 -14"><span class='ocrx_word' id='word_1_149' title='bbox 340 1591 413 1634; x_wconf 88' lang='lat' dir='ltr'><strong>sed</strong></span> <span class='ocrx_word' id='word_1_150' title='bbox 453 1605 477 1634; x_wconf 89' lang='lat' dir='ltr'><strong>a</strong></span> <span class='ocrx_word' id='word_1_151' title='bbox 518 1590 649 1634; x_wconf 91' lang='lat' dir='ltr'><strong>nullis</strong></span> <span class='ocrx_word' id='word_1_152' title='bbox 690 1591 854 1634; x_wconf 89' lang='lat' dir='ltr'><strong>felicius</strong></span> <span class='ocrx_word' id='word_1_153' title='bbox 895 1605 1023 1648; x_wconf 88' lang='lat' dir='ltr'><strong>quam</strong></span> <span class='ocrx_word' id='word_1_154' title='bbox 1067 1593 1140 1647; x_wconf 92' lang='lat' dir='ltr'><strong>qui</strong></span> <span class='ocrx_word' id='word_1_155' title='bbox 1182 1594 1224 1634; x_wconf 90' lang='lat' dir='ltr'><strong>et</strong></span> <span class='ocrx_word' id='word_1_156' title='bbox 1256 1592 1521 1634; x_wconf 88' lang='lat' dir='ltr'><strong>contionibus</strong></span> <span class='ocrx_word' id='word_1_157' title='bbox 1551 1593 1682 1635; x_wconf 87' lang='lat' dir='ltr'><strong>sacris</strong></span> <span class='ocrx_word' id='word_1_158' title='bbox 1711 1590 1914 1635; x_wconf 79' lang='lat' dir='ltr'><strong>habendis</strong></span> 
     </span>
     <span class='ocr_line' id='line_1_20' title="bbox 339 1662 1914 1718; baseline -0.001 -13"><span class='ocrx_word' id='word_1_159' title='bbox 339 1663 611 1718; x_wconf 87' lang='lat' dir='ltr'><strong>moribusque</strong></span> <span class='ocrx_word' id='word_1_160' title='bbox 654 1662 924 1705; x_wconf 90' lang='lat' dir='ltr'><strong>emendandis</strong></span> <span class='ocrx_word' id='word_1_161' title='bbox 969 1664 1130 1718; x_wconf 90' lang='lat' dir='ltr'><strong>optime</strong></span> <span class='ocrx_word' id='word_1_162' title='bbox 1172 1662 1222 1705; x_wconf 90' lang='lat' dir='ltr'><strong>de</strong></span> <span class='ocrx_word' id='word_1_163' title='bbox 1252 1676 1406 1718; x_wconf 82' lang='lat' dir='ltr'><strong>genere</strong></span> <span class='ocrx_word' id='word_1_164' title='bbox 1437 1662 1624 1705; x_wconf 88' lang='lat' dir='ltr'><strong>humano</strong></span> <span class='ocrx_word' id='word_1_165' title='bbox 1655 1665 1914 1705; x_wconf 83' lang='lat' dir='ltr'><strong>meruerunt.</strong></span> 
     </span>
     <span class='ocr_line' id='line_1_21' title="bbox 340 1732 1916 1789; baseline -0.001 -13"><span class='ocrx_word' id='word_1_166' title='bbox 340 1733 452 1786; x_wconf 82' lang='lat' dir='ltr'><strong>Quin</strong></span> <span class='ocrx_word' id='word_1_167' title='bbox 493 1737 535 1776; x_wconf 91' lang='lat' dir='ltr'><strong>et</strong></span> <span class='ocrx_word' id='word_1_168' title='bbox 576 1735 704 1776; x_wconf 86' lang='lat' dir='ltr'><strong>ceteri</strong></span> <span class='ocrx_word' id='word_1_169' title='bbox 747 1747 892 1776; x_wconf 90' lang='lat' dir='ltr'><strong>omnes</strong></span> <span class='ocrx_word' id='word_1_170' title='bbox 923 1732 1138 1775; x_wconf 86' lang='lat' dir='ltr'><strong>interdum</strong></span> <span class='ocrx_word' id='word_1_171' title='bbox 1170 1735 1231 1775; x_wconf 89' lang='lat' dir='ltr'><strong>ita</strong></span> <span class='ocrx_word' id='word_1_172' title='bbox 1262 1734 1452 1775; x_wconf 89' lang='lat' dir='ltr'><strong>scribunt</strong></span> <span class='ocrx_word' id='word_1_173' title='bbox 1483 1736 1736 1789; x_wconf 85' lang='lat' dir='ltr'><strong>narrantque</strong></span> <span class='ocrx_word' id='word_1_174' title='bbox 1765 1735 1816 1776; x_wconf 90' lang='lat' dir='ltr'><strong>ut</strong></span> <span class='ocrx_word' id='word_1_175' title='bbox 1845 1746 1916 1775; x_wconf 82' lang='lat' dir='ltr'><strong>eos</strong></span> 
     </span>
     <span class='ocr_line' id='line_1_22' title="bbox 339 1802 1914 1860; baseline 0 -14"><span class='ocrx_word' id='word_1_176' title='bbox 339 1818 437 1860; x_wconf 89' lang='lat' dir='ltr'><strong>prae</strong></span> <span class='ocrx_word' id='word_1_177' title='bbox 469 1804 667 1846; x_wconf 88' lang='lat' dir='ltr'><strong>monendi</strong></span> <span class='ocrx_word' id='word_1_178' title='bbox 693 1803 834 1846; x_wconf 88' lang='lat' dir='ltr'><strong>studio</strong></span> <span class='ocrx_word' id='word_1_179' title='bbox 861 1802 970 1846; x_wconf 89' lang='lat' dir='ltr'><strong>illud</strong></span> <span class='ocrx_word' id='word_1_180' title='bbox 996 1802 1230 1846; x_wconf 88' lang='lat' dir='ltr'><strong>delectandi</strong></span> <span class='ocrx_word' id='word_1_181' title='bbox 1256 1817 1409 1859; x_wconf 88' lang='lat' dir='ltr'><strong>parum</strong></span> <span class='ocrx_word' id='word_1_182' title='bbox 1435 1817 1611 1846; x_wconf 84' lang='lat' dir='ltr'><strong>curasse</strong></span> <span class='ocrx_word' id='word_1_183' title='bbox 1626 1803 1798 1854; x_wconf 61' lang='lat' dir='ltr'><strong>dixerss,</strong></span> <span class='ocrx_word' id='word_1_184' title='bbox 1825 1807 1914 1855; x_wconf 83' lang='lat' dir='ltr'><strong>aut,</strong></span> 
     </span>
     <span class='ocr_line' id='line_1_23' title="bbox 338 1873 1914 1930; baseline -0.001 -13"><span class='ocrx_word' id='word_1_185' title='bbox 338 1888 438 1917; x_wconf 87' lang='lat' dir='ltr'><strong>nam</strong></span> <span class='ocrx_word' id='word_1_186' title='bbox 478 1875 555 1917; x_wconf 93' lang='lat' dir='ltr'><strong>hoc</strong></span> <span class='ocrx_word' id='word_1_187' title='bbox 597 1888 764 1930; x_wconf 88' lang='lat' dir='ltr'><strong>quoque</strong></span> <span class='ocrx_word' id='word_1_188' title='bbox 806 1888 928 1930; x_wconf 88' lang='lat' dir='ltr'><strong>saepe</strong></span> <span class='ocrx_word' id='word_1_189' title='bbox 970 1873 1061 1916; x_wconf 90' lang='lat' dir='ltr'><strong>fieri</strong></span> <span class='ocrx_word' id='word_1_190' title='bbox 1101 1874 1312 1924; x_wconf 84' lang='lat' dir='ltr'><strong>videmus,</strong></span> <span class='ocrx_word' id='word_1_191' title='bbox 1350 1877 1581 1930; x_wconf 88' lang='lat' dir='ltr'><strong>utrumque</strong></span> <span class='ocrx_word' id='word_1_192' title='bbox 1612 1878 1703 1917; x_wconf 88' lang='lat' dir='ltr'><strong>tam</strong></span> <span class='ocrx_word' id='word_1_193' title='bbox 1733 1876 1914 1917; x_wconf 75' lang='lat' dir='ltr'><strong>venusto</strong></span> 
     </span>
     <span class='ocr_line' id='line_1_24' title="bbox 337 1942 1914 2000; baseline -0.001 -13"><span class='ocrx_word' id='word_1_194' title='bbox 337 1947 448 1987; x_wconf 89' lang='lat' dir='ltr'><strong>inter</strong></span> <span class='ocrx_word' id='word_1_195' title='bbox 480 1959 522 1987; x_wconf 85' lang='lat' dir='ltr'><strong>se</strong></span> <span class='ocrx_word' id='word_1_196' title='bbox 554 1947 758 1987; x_wconf 87' lang='lat' dir='ltr'><strong>misceant</strong></span> <span class='ocrx_word' id='word_1_197' title='bbox 788 1948 1125 1999; x_wconf 87' lang='lat' dir='ltr'><strong>temperamento</strong></span> <span class='ocrx_word' id='word_1_198' title='bbox 1157 1949 1207 1987; x_wconf 93' lang='lat' dir='ltr'><strong>ut</strong></span> <span class='ocrx_word' id='word_1_199' title='bbox 1233 1958 1330 1987; x_wconf 89' lang='lat' dir='ltr'><strong>vere</strong></span> <span class='ocrx_word' id='word_1_200' title='bbox 1357 1944 1493 1988; x_wconf 87' lang='lat' dir='ltr'><strong>divini</strong></span> <span class='ocrx_word' id='word_1_201' title='bbox 1518 1949 1716 1987; x_wconf 84' lang='lat' dir='ltr'><strong>nascatur</strong></span> <span class='ocrx_word' id='word_1_202' title='bbox 1739 1942 1914 2000; x_wconf 85' lang='lat' dir='ltr'><strong>aliquid.</strong></span> 
     </span>
     <span class='ocr_line' id='line_1_25' title="bbox 339 2013 1916 2072; baseline -0.001 -14"><span class='ocrx_word' id='word_1_203' title='bbox 339 2015 442 2068; x_wconf 78' lang='lat' dir='ltr'><strong>Quis</strong></span> <span class='ocrx_word' id='word_1_204' title='bbox 474 2029 659 2071; x_wconf 89' lang='lat' dir='ltr'><strong>unquam</strong></span> <span class='ocrx_word' id='word_1_205' title='bbox 691 2016 922 2072; x_wconf 86' lang='lat' dir='ltr'><strong>quidquam</strong></span> <span class='ocrx_word' id='word_1_206' title='bbox 953 2015 1061 2058; x_wconf 87' lang='lat' dir='ltr'><strong>vidit</strong></span> <span class='ocrx_word' id='word_1_207' title='bbox 1094 2015 1207 2071; x_wconf 91' lang='lat' dir='ltr'><strong>quod</strong></span> <span class='ocrx_word' id='word_1_208' title='bbox 1235 2018 1420 2058; x_wconf 86' lang='lat' dir='ltr'><strong>mentem</strong></span> <span class='ocrx_word' id='word_1_209' title='bbox 1447 2015 1632 2072; x_wconf 86' lang='lat' dir='ltr'><strong>legentis</strong></span> <span class='ocrx_word' id='word_1_210' title='bbox 1657 2013 1795 2058; x_wconf 58' lang='lat' dir='ltr'><strong>simul</strong></span> <span class='ocrx_word' id='word_1_211' title='bbox 1813 2013 1916 2057; x_wconf 87' lang='lat' dir='ltr'><strong>deti-</strong></span> 
     </span>
     <span class='ocr_line' id='line_1_26' title="bbox 338 2084 1916 2142; baseline -0.001 -13"><span class='ocrx_word' id='word_1_212' title='bbox 338 2090 458 2129; x_wconf 89' lang='lat' dir='ltr'><strong>neret</strong></span> <span class='ocrx_word' id='word_1_213' title='bbox 499 2089 674 2129; x_wconf 88' lang='lat' dir='ltr'><strong>suavius</strong></span> <span class='ocrx_word' id='word_1_214' title='bbox 716 2092 758 2129; x_wconf 88' lang='lat' dir='ltr'><strong>et</strong></span> <span class='ocrx_word' id='word_1_215' title='bbox 789 2085 918 2128; x_wconf 88' lang='lat' dir='ltr'><strong>altius</strong></span> <span class='ocrx_word' id='word_1_216' title='bbox 950 2085 1147 2128; x_wconf 88' lang='lat' dir='ltr'><strong>attoleret</strong></span> <span class='ocrx_word' id='word_1_217' title='bbox 1179 2100 1307 2142; x_wconf 86' lang='lat' dir='ltr'><strong>quam</strong></span> <span class='ocrx_word' id='word_1_218' title='bbox 1337 2086 1514 2128; x_wconf 85' lang='lat' dir='ltr'><strong>Reuteri</strong></span> <span class='ocrx_word' id='word_1_219' title='bbox 1545 2087 1728 2129; x_wconf 85' lang='lat' dir='ltr'><strong>narratio</strong></span> <span class='ocrx_word' id='word_1_220' title='bbox 1759 2085 1811 2128; x_wconf 86' lang='lat' dir='ltr'><strong>de</strong></span> <span class='ocrx_word' id='word_1_221' title='bbox 1841 2084 1916 2128; x_wconf 88' lang='lat' dir='ltr'><strong>fidi</strong></span> 
     </span>
     <span class='ocr_line' id='line_1_27' title="bbox 338 2155 1916 2213; baseline -0.001 -14"><span class='ocrx_word' id='word_1_222' title='bbox 338 2158 519 2213; x_wconf 87' lang='lat' dir='ltr'><strong>pastoris</strong></span> <span class='ocrx_word' id='word_1_223' title='bbox 549 2158 684 2208; x_wconf 87' lang='lat' dir='ltr'><strong>obitu,</strong></span> <span class='ocrx_word' id='word_1_224' title='bbox 718 2171 843 2213; x_wconf 89' lang='lat' dir='ltr'><strong>quem</strong></span> <span class='ocrx_word' id='word_1_225' title='bbox 875 2171 957 2199; x_wconf 93' lang='lat' dir='ltr'><strong>non</strong></span> <span class='ocrx_word' id='word_1_226' title='bbox 989 2170 1013 2198; x_wconf 92' lang='lat' dir='ltr'><strong>a</strong></span> <span class='ocrx_word' id='word_1_227' title='bbox 1044 2171 1087 2199; x_wconf 90' lang='lat' dir='ltr'><strong>se</strong></span> <span class='ocrx_word' id='word_1_228' title='bbox 1120 2156 1293 2199; x_wconf 86' lang='lat' dir='ltr'><strong>demisit</strong></span> <span class='ocrx_word' id='word_1_229' title='bbox 1325 2155 1548 2200; x_wconf 82' lang='lat' dir='ltr'><strong>Cremerus</strong></span> <span class='ocrx_word' id='word_1_230' title='bbox 1577 2160 1742 2200; x_wconf 80' lang='lat' dir='ltr'><strong>nostras</strong></span> <span class='ocrx_word' id='word_1_231' title='bbox 1772 2155 1916 2200; x_wconf 88' lang='lat' dir='ltr'><strong>confir-</strong></span> 
     </span>
     <span class='ocr_line' id='line_1_28' title="bbox 338 2226 1403 2283; baseline -0.001 -13"><span class='ocrx_word' id='word_1_232' title='bbox 338 2231 505 2270; x_wconf 90' lang='lat' dir='ltr'><strong>matum</strong></span> <span class='ocrx_word' id='word_1_233' title='bbox 537 2229 677 2270; x_wconf 89' lang='lat' dir='ltr'><strong>animo</strong></span> <span class='ocrx_word' id='word_1_234' title='bbox 708 2227 1048 2283; x_wconf 89' lang='lat' dir='ltr'><strong>laetissimaeque</strong></span> <span class='ocrx_word' id='word_1_235' title='bbox 1080 2229 1170 2283; x_wconf 88' lang='lat' dir='ltr'><strong>spei</strong></span> <span class='ocrx_word' id='word_1_236' title='bbox 1201 2226 1403 2283; x_wconf 77' lang='lat' dir='ltr'><strong>plenum?</strong></span> 
     </span>
    </p>

    <p class='ocr_par' dir='ltr' id='par_1_3' title="bbox 338 2297 1915 2919">
     <span class='ocr_line' id='line_1_29' title="bbox 397 2297 1915 2353; baseline 0 -13"><span class='ocrx_word' id='word_1_237' title='bbox 397 2298 519 2340; x_wconf 91' lang='lat' dir='ltr'><strong>Nunc</strong></span> <span class='ocrx_word' id='word_1_238' title='bbox 552 2298 604 2340; x_wconf 86' lang='lat' dir='ltr'><strong>ad</strong></span> <span class='ocrx_word' id='word_1_239' title='bbox 635 2301 829 2340; x_wconf 85' lang='lat' dir='ltr'><strong>nostrum</strong></span> <span class='ocrx_word' id='word_1_240' title='bbox 860 2299 1084 2342; x_wconf 87' lang='lat' dir='ltr'><strong>veniamus</strong></span> <span class='ocrx_word' id='word_1_241' title='bbox 1112 2297 1285 2340; x_wconf 87' lang='lat' dir='ltr'><strong>librum.</strong></span> <span class='ocrx_word' id='word_1_242' title='bbox 1319 2297 1382 2340; x_wconf 92' lang='lat' dir='ltr'><strong>De</strong></span> <span class='ocrx_word' id='word_1_243' title='bbox 1413 2299 1504 2340; x_wconf 88' lang='lat' dir='ltr'><strong>eius</strong></span> <span class='ocrx_word' id='word_1_244' title='bbox 1530 2298 1831 2353; x_wconf 83' lang='lat' dir='ltr'><strong>compositione</strong></span> <span class='ocrx_word' id='word_1_245' title='bbox 1855 2298 1915 2340; x_wconf 88' lang='lat' dir='ltr'><strong>sic</strong></span> 
     </span>
     <span class='ocr_line' id='line_1_30' title="bbox 339 2367 1915 2425; baseline -0.001 -14"><span class='ocrx_word' id='word_1_246' title='bbox 339 2369 528 2425; x_wconf 87' lang='lat' dir='ltr'><strong>disputat</strong></span> <span class='ocrx_word' id='word_1_247' title='bbox 556 2370 607 2419; x_wconf 88' lang='lat' dir='ltr'><strong>is,</strong></span> <span class='ocrx_word' id='word_1_248' title='bbox 641 2383 722 2425; x_wconf 91' lang='lat' dir='ltr'><strong>quo</strong></span> <span class='ocrx_word' id='word_1_249' title='bbox 754 2383 878 2411; x_wconf 91' lang='lat' dir='ltr'><strong>nemo</strong></span> <span class='ocrx_word' id='word_1_250' title='bbox 912 2368 1066 2410; x_wconf 89' lang='lat' dir='ltr'><strong>melius</strong></span> <span class='ocrx_word' id='word_1_251' title='bbox 1098 2368 1148 2411; x_wconf 90' lang='lat' dir='ltr'><strong>de</strong></span> <span class='ocrx_word' id='word_1_252' title='bbox 1181 2368 1411 2411; x_wconf 88' lang='lat' dir='ltr'><strong>Plutarcho</strong></span> <span class='ocrx_word' id='word_1_253' title='bbox 1439 2369 1618 2411; x_wconf 86' lang='lat' dir='ltr'><strong>meritus</strong></span> <span class='ocrx_word' id='word_1_254' title='bbox 1644 2371 1719 2418; x_wconf 84' lang='lat' dir='ltr'><strong>est,</strong></span> <span class='ocrx_word' id='word_1_255' title='bbox 1747 2367 1915 2410; x_wconf 88' lang='lat' dir='ltr'><strong>Richar-</strong></span> 
     </span>
     <span class='ocr_line' id='line_1_31' title="bbox 338 2438 1914 2495; baseline -0.001 -13"><span class='ocrx_word' id='word_1_256' title='bbox 338 2441 442 2482; x_wconf 90' lang='lat' dir='ltr'><strong>dum</strong></span> <span class='ocrx_word' id='word_1_257' title='bbox 473 2439 790 2482; x_wconf 87' lang='lat' dir='ltr'><strong>Volkmannum</strong></span> <span class='ocrx_word' id='word_1_258' title='bbox 822 2440 926 2491; x_wconf 91' lang='lat' dir='ltr'><strong>dico,</strong></span> <span class='ocrx_word' id='word_1_259' title='bbox 953 2441 1098 2483; x_wconf 85' lang='lat' dir='ltr'><strong>virum</strong></span> <span class='ocrx_word' id='word_1_260' title='bbox 1127 2439 1510 2495; x_wconf 86' lang='lat' dir='ltr'><strong>prudentissimum</strong></span> <span class='ocrx_word' id='word_1_261' title='bbox 1538 2438 1914 2494; x_wconf 87' lang='lat' dir='ltr'><strong>doctissimumque</strong></span> 
     </span>
     <span class='ocr_line' id='line_1_32' title="bbox 338 2509 1914 2566; baseline -0.001 -14"><span class='ocrx_word' id='word_1_262' title='bbox 338 2515 380 2553; x_wconf 88' lang='lat' dir='ltr'><strong>et</strong></span> <span class='ocrx_word' id='word_1_263' title='bbox 420 2525 590 2553; x_wconf 90' lang='lat' dir='ltr'><strong>morum</strong></span> <span class='ocrx_word' id='word_1_264' title='bbox 623 2513 832 2553; x_wconf 87' lang='lat' dir='ltr'><strong>suavitate</strong></span> <span class='ocrx_word' id='word_1_265' title='bbox 862 2512 945 2566; x_wconf 92' lang='lat' dir='ltr'><strong>ipsi</strong></span> <span class='ocrx_word' id='word_1_266' title='bbox 975 2524 1057 2553; x_wconf 93' lang='lat' dir='ltr'><strong>non</strong></span> <span class='ocrx_word' id='word_1_267' title='bbox 1091 2510 1300 2566; x_wconf 85' lang='lat' dir='ltr'><strong>disparem</strong></span> <span class='ocrx_word' id='word_1_268' title='bbox 1332 2509 1562 2552; x_wconf 89' lang='lat' dir='ltr'><strong>Plutarcho</strong></span> <span class='ocrx_word' id='word_1_269' title='bbox 1593 2510 1702 2565; x_wconf 89' lang='lat' dir='ltr'><strong>(ipsa</strong></span> <span class='ocrx_word' id='word_1_270' title='bbox 1733 2510 1824 2552; x_wconf 87' lang='lat' dir='ltr'><strong>eius</strong></span> <span class='ocrx_word' id='word_1_271' title='bbox 1855 2509 1914 2551; x_wconf 88' lang='lat' dir='ltr'><strong>af—</strong></span> 
     </span>
     <span class='ocr_line' id='line_1_33' title="bbox 338 2579 1915 2636; baseline -0.001 -13"><span class='ocrx_word' id='word_1_272' title='bbox 338 2582 469 2623; x_wconf 88' lang='lat' dir='ltr'><strong>feram</strong></span> <span class='ocrx_word' id='word_1_273' title='bbox 500 2582 668 2634; x_wconf 87' lang='lat' dir='ltr'><strong>verba):</strong></span> <span class='ocrx_word' id='word_1_274' title='bbox 713 2581 969 2632; x_wconf 89' lang='lat' dir='ltr'><strong>„immerhin</strong></span> <span class='ocrx_word' id='word_1_275' title='bbox 1002 2595 1086 2623; x_wconf 87' lang='lat' dir='ltr'><strong>was</strong></span> <span class='ocrx_word' id='word_1_276' title='bbox 1117 2595 1160 2622; x_wconf 88' lang='lat' dir='ltr'><strong>es</strong></span> <span class='ocrx_word' id='word_1_277' title='bbox 1192 2582 1261 2622; x_wconf 92' lang='lat' dir='ltr'><strong>ein</strong></span> <span class='ocrx_word' id='word_1_278' title='bbox 1293 2579 1631 2636; x_wconf 80' lang='lat' dir='ltr'><strong>merkwiirdiger</strong></span> <span class='ocrx_word' id='word_1_279' title='bbox 1662 2579 1748 2622; x_wconf 89' lang='lat' dir='ltr'><strong>und</strong></span> <span class='ocrx_word' id='word_1_280' title='bbox 1779 2580 1915 2621; x_wconf 71' lang='lat' dir='ltr'><strong>hb&#39;chst</strong></span> 
     </span>
     <span class='ocr_line' id='line_1_34' title="bbox 342 2643 1912 2706; baseline 0 -14"><span class='ocrx_word' id='word_1_281' title='bbox 342 2652 569 2704; x_wconf 69' lang='lat' dir='ltr'><strong>oriqineller</strong></span> <span class='ocrx_word' id='word_1_282' title='bbox 601 2651 759 2694; x_wconf 84' lang='lat' dir='ltr'><strong>Einfall</strong></span> <span class='ocrx_word' id='word_1_283' title='bbox 789 2643 1014 2693; x_wconf 89' lang='lat' dir='ltr'><strong>Plutarchs</strong></span> <span class='ocrx_word' id='word_1_284' title='bbox 1046 2651 1112 2693; x_wconf 92' lang='lat' dir='ltr'><strong>die</strong></span> <span class='ocrx_word' id='word_1_285' title='bbox 1143 2650 1271 2693; x_wconf 82' lang='lat' dir='ltr'><strong>Form</strong></span> <span class='ocrx_word' id='word_1_286' title='bbox 1305 2650 1375 2693; x_wconf 91' lang='lat' dir='ltr'><strong>des</strong></span> <span class='ocrx_word' id='word_1_287' title='bbox 1406 2650 1704 2693; x_wconf 85' lang='lat' dir='ltr'><strong>Platonischen</strong></span> <span class='ocrx_word' id='word_1_288' title='bbox 1736 2648 1912 2706; x_wconf 80' lang='lat' dir='ltr'><strong>Dialogs</strong></span> 
     </span>
     <span class='ocr_line' id='line_1_35' title="bbox 339 2720 1912 2777; baseline 0 -14"><span class='ocrx_word' id='word_1_289' title='bbox 339 2722 417 2764; x_wconf 86' lang='lat' dir='ltr'><strong>auf</strong></span> <span class='ocrx_word' id='word_1_290' title='bbox 450 2724 543 2765; x_wconf 88' lang='lat' dir='ltr'><strong>eine</strong></span> <span class='ocrx_word' id='word_1_291' title='bbox 585 2724 665 2765; x_wconf 90' lang='lat' dir='ltr'><strong>Art</strong></span> <span class='ocrx_word' id='word_1_292' title='bbox 707 2737 789 2765; x_wconf 88' lang='lat' dir='ltr'><strong>von</strong></span> <span class='ocrx_word' id='word_1_293' title='bbox 831 2722 1102 2765; x_wconf 89' lang='lat' dir='ltr'><strong>historischer</strong></span> <span class='ocrx_word' id='word_1_294' title='bbox 1142 2720 1320 2764; x_wconf 80' lang='lat' dir='ltr'><strong>Novello</strong></span> <span class='ocrx_word' id='word_1_295' title='bbox 1361 2735 1414 2764; x_wconf 87' lang='lat' dir='ltr'><strong>zu</strong></span> <span class='ocrx_word' id='word_1_296' title='bbox 1448 2721 1719 2777; x_wconf 80' lang='lat' dir='ltr'><strong>iibertrag-en,</strong></span> <span class='ocrx_word' id='word_1_297' title='bbox 1749 2720 1839 2763; x_wconf 89' lang='lat' dir='ltr'><strong>und</strong></span> <span class='ocrx_word' id='word_1_298' title='bbox 1868 2734 1912 2763; x_wconf 90' lang='lat' dir='ltr'><strong>es</strong></span> 
     </span>
     <span class='ocr_line' id='line_1_36' title="bbox 339 2790 1912 2848; baseline -0.001 -14"><span class='ocrx_word' id='word_1_299' title='bbox 339 2795 524 2835; x_wconf 87' lang='lat' dir='ltr'><strong>erinnert</strong></span> <span class='ocrx_word' id='word_1_300' title='bbox 571 2808 649 2835; x_wconf 90' lang='lat' dir='ltr'><strong>uns</strong></span> <span class='ocrx_word' id='word_1_301' title='bbox 697 2793 786 2835; x_wconf 91' lang='lat' dir='ltr'><strong>dies</strong></span> <span class='ocrx_word' id='word_1_302' title='bbox 829 2793 1057 2835; x_wconf 89' lang='lat' dir='ltr'><strong>wiederum</strong></span> <span class='ocrx_word' id='word_1_303' title='bbox 1101 2806 1152 2834; x_wconf 85' lang='lat' dir='ltr'><strong>an</strong></span> <span class='ocrx_word' id='word_1_304' title='bbox 1195 2792 1261 2834; x_wconf 85' lang='lat' dir='ltr'><strong>die</strong></span> <span class='ocrx_word' id='word_1_305' title='bbox 1304 2805 1487 2848; x_wconf 81' lang='lat' dir='ltr'><strong>engeren</strong></span> <span class='ocrx_word' id='word_1_306' title='bbox 1526 2790 1824 2847; x_wconf 78' lang='lat' dir='ltr'><strong>Beziehungen</strong></span> <span class='ocrx_word' id='word_1_307' title='bbox 1866 2792 1912 2833; x_wconf 87' lang='lat' dir='ltr'><strong>in</strong></span> 
     </span>
     <span class='ocr_line' id='line_1_37' title="bbox 341 2860 1909 2919; baseline -0.001 -15"><span class='ocrx_word' id='word_1_308' title='bbox 341 2863 472 2905; x_wconf 90' lang='lat' dir='ltr'><strong>denen</strong></span> <span class='ocrx_word' id='word_1_309' title='bbox 505 2863 707 2906; x_wconf 88' lang='lat' dir='ltr'><strong>Plutarch</strong></span> <span class='ocrx_word' id='word_1_310' title='bbox 739 2878 792 2906; x_wconf 91' lang='lat' dir='ltr'><strong>zu</strong></span> <span class='ocrx_word' id='word_1_311' title='bbox 823 2863 1038 2907; x_wconf 87' lang='lat' dir='ltr'><strong>allerhand</strong></span> <span class='ocrx_word' id='word_1_312' title='bbox 1065 2863 1383 2919; x_wconf 86' lang='lat' dir='ltr'><strong>Bestrebungen</strong></span> <span class='ocrx_word' id='word_1_313' title='bbox 1411 2862 1484 2904; x_wconf 90' lang='lat' dir='ltr'><strong>der</strong></span> <span class='ocrx_word' id='word_1_314' title='bbox 1508 2860 1732 2918; x_wconf 79' lang='lat' dir='ltr'><strong>Sophistik</strong></span> <span class='ocrx_word' id='word_1_315' title='bbox 1753 2861 1909 2904; x_wconf 64' lang='lat' dir='ltr'><strong>stehtss’</strong></span> 
     </span>
    </p>

    <p class='ocr_par' dir='ltr' id='par_1_4' title="bbox 339 2930 1912 3060">
     <span class='ocr_line' id='line_1_38' title="bbox 400 2930 1912 2989; baseline -0.002 -13"><span class='ocrx_word' id='word_1_316' title='bbox 400 2934 534 2985; x_wconf 81' lang='lat' dir='ltr'><strong>Quam</strong></span> <span class='ocrx_word' id='word_1_317' title='bbox 575 2933 732 2976; x_wconf 89' lang='lat' dir='ltr'><strong>vellem</strong></span> <span class='ocrx_word' id='word_1_318' title='bbox 775 2933 928 2976; x_wconf 90' lang='lat' dir='ltr'><strong>ultima</strong></span> <span class='ocrx_word' id='word_1_319' title='bbox 971 2934 1021 2976; x_wconf 92' lang='lat' dir='ltr'><strong>de</strong></span> <span class='ocrx_word' id='word_1_320' title='bbox 1062 2935 1156 2976; x_wconf 90' lang='lat' dir='ltr'><strong>istis</strong></span> <span class='ocrx_word' id='word_1_321' title='bbox 1195 2947 1405 2989; x_wconf 85' lang='lat' dir='ltr'><strong>„engeren</strong></span> <span class='ocrx_word' id='word_1_322' title='bbox 1444 2932 1740 2988; x_wconf 80' lang='lat' dir='ltr'><strong>Beziehungen</strong></span> <span class='ocrx_word' id='word_1_323' title='bbox 1772 2945 1824 2974; x_wconf 82' lang='lat' dir='ltr'><strong>zu</strong></span> <span class='ocrx_word' id='word_1_324' title='bbox 1855 2930 1912 2974; x_wconf 82' lang='lat' dir='ltr'><strong>al-</strong></span> 
     </span>
     <span class='ocr_line' id='line_1_39' title="bbox 339 3003 1911 3060; baseline -0.001 -14"><span class='ocrx_word' id='word_1_325' title='bbox 339 3003 517 3047; x_wconf 87' lang='lat' dir='ltr'><strong>lerhand</strong></span> <span class='ocrx_word' id='word_1_326' title='bbox 562 3004 878 3060; x_wconf 85' lang='lat' dir='ltr'><strong>Bestrebungen</strong></span> <span class='ocrx_word' id='word_1_327' title='bbox 926 3005 997 3047; x_wconf 88' lang='lat' dir='ltr'><strong>der</strong></span> <span class='ocrx_word' id='word_1_328' title='bbox 1044 3004 1292 3059; x_wconf 81' lang='lat' dir='ltr'><strong>Sophistik&#39;&#39;</strong></span> <span class='ocrx_word' id='word_1_329' title='bbox 1346 3004 1558 3046; x_wconf 90' lang='lat' dir='ltr'><strong>omisisset</strong></span> <span class='ocrx_word' id='word_1_330' title='bbox 1607 3003 1911 3058; x_wconf 67' lang='lat' dir='ltr'><strong>praestantissi÷</strong></span> 
     </span>
    </p>
   </div>
  </div>
 </body>
</html>
