<?xml version="1.0" encoding="UTF-8"?>
<!DOCTYPE html PUBLIC "-//W3C//DTD XHTML 1.0 Transitional//EN"
    "http://www.w3.org/TR/xhtml1/DTD/xhtml1-transitional.dtd">
<html xmlns="http://www.w3.org/1999/xhtml" xml:lang="en" lang="en">
 <head>
  <title>
</title>
<meta http-equiv="Content-Type" content="text/html;charset=utf-8" />
  <meta name='ocr-system' content='tesseract 3.04.00' />
  <meta name='ocr-capabilities' content='ocr_page ocr_carea ocr_par ocr_line ocrx_word'/>
</head>
<body>
  <div class='ocr_page' id='page_1' title='image "./deplutarchoscrip00hartuoft_0267.png"; bbox 0 0 2002 3372; ppageno 0'>
   <div class='ocr_carea' id='block_1_1' title="bbox 0 0 105 3372">
    <p class='ocr_par' dir='ltr' id='par_1_1' title="bbox 0 0 105 3372">
     <span class='ocr_line' id='line_1_1' title="bbox 0 0 105 3372; baseline 0 0"><span class='ocrx_word' id='word_1_1' title='bbox 0 0 105 3372; x_wconf 95' lang='lat' dir='ltr'><strong> </strong></span> 
     </span>
    </p>
   </div>
   <div class='ocr_carea' id='block_1_2' title="bbox 895 258 980 300">
    <p class='ocr_par' dir='ltr' id='par_1_2' title="bbox 895 258 980 300">
     <span class='ocr_line' id='line_1_2' title="bbox 895 258 980 300; baseline 0 0"><span class='ocrx_word' id='word_1_2' title='bbox 895 258 980 300; x_wconf 78' lang='lat'><strong>251</strong></span> 
     </span>
    </p>
   </div>
   <div class='ocr_carea' id='block_1_3' title="bbox 136 379 1742 1294">
    <p class='ocr_par' dir='ltr' id='par_1_3' title="bbox 136 379 1742 1294">
     <span class='ocr_line' id='line_1_3' title="bbox 137 379 1741 438; baseline -0.001 -14"><span class='ocrx_word' id='word_1_3' title='bbox 137 379 284 425; x_wconf 86' lang='lat' dir='ltr'><strong>oeulos</strong></span> <span class='ocrx_word' id='word_1_4' title='bbox 324 381 439 424; x_wconf 90' lang='lat' dir='ltr'><strong>enim</strong></span> <span class='ocrx_word' id='word_1_5' title='bbox 483 395 596 425; x_wconf 89' lang='lat' dir='ltr'><strong>nunc</strong></span> <span class='ocrx_word' id='word_1_6' title='bbox 633 384 779 438; x_wconf 88' lang='lat' dir='ltr'><strong>pastor</strong></span> <span class='ocrx_word' id='word_1_7' title='bbox 819 385 961 425; x_wconf 89' lang='lat' dir='ltr'><strong>noster</strong></span> <span class='ocrx_word' id='word_1_8' title='bbox 1001 382 1155 425; x_wconf 87' lang='lat' dir='ltr'><strong>ovibus</strong></span> <span class='ocrx_word' id='word_1_9' title='bbox 1194 383 1282 424; x_wconf 90' lang='lat' dir='ltr'><strong>suis</strong></span> <span class='ocrx_word' id='word_1_10' title='bbox 1314 382 1435 438; x_wconf 89' lang='lat' dir='ltr'><strong>ponit</strong></span> <span class='ocrx_word' id='word_1_11' title='bbox 1467 379 1656 437; x_wconf 83' lang='lat' dir='ltr'><strong>pericula</strong></span> <span class='ocrx_word' id='word_1_12' title='bbox 1687 381 1741 423; x_wconf 90' lang='lat' dir='ltr'><strong>iis</strong></span> 
     </span>
     <span class='ocr_line' id='line_1_4' title="bbox 136 451 1741 509; baseline -0.001 -14"><span class='ocrx_word' id='word_1_13' title='bbox 136 451 430 509; x_wconf 70' lang='lat' dir='ltr'><strong>impendentia</strong></span> <span class='ocrx_word' id='word_1_14' title='bbox 469 453 554 495; x_wconf 87' lang='lat' dir='ltr'><strong>nisi</strong></span> <span class='ocrx_word' id='word_1_15' title='bbox 589 453 800 496; x_wconf 88' lang='lat' dir='ltr'><strong>cavebunt</strong></span> <span class='ocrx_word' id='word_1_16' title='bbox 833 454 1080 509; x_wconf 80' lang='lat' dir='ltr'>sumptibus</span> <span class='ocrx_word' id='word_1_17' title='bbox 1110 454 1199 496; x_wconf 91' lang='lat' dir='ltr'><strong>suis</strong></span> <span class='ocrx_word' id='word_1_18' title='bbox 1231 451 1431 496; x_wconf 80' lang='lat' dir='ltr'><strong>excedere</strong></span> <span class='ocrx_word' id='word_1_19' title='bbox 1464 451 1628 495; x_wconf 89' lang='lat' dir='ltr'><strong>reditus</strong></span> <span class='ocrx_word' id='word_1_20' title='bbox 1662 456 1741 494; x_wconf 88' lang='lat' dir='ltr'><strong>ter-</strong></span> 
     </span>
     <span class='ocr_line' id='line_1_5' title="bbox 139 523 1740 580; baseline -0.001 -13"><span class='ocrx_word' id='word_1_21' title='bbox 139 525 303 567; x_wconf 84' lang='lat' dir='ltr'><strong>minos:</strong></span> <span class='ocrx_word' id='word_1_22' title='bbox 344 530 441 567; x_wconf 89' lang='lat' dir='ltr'><strong>tum</strong></span> <span class='ocrx_word' id='word_1_23' title='bbox 483 525 599 567; x_wconf 89' lang='lat' dir='ltr'><strong>enim</strong></span> <span class='ocrx_word' id='word_1_24' title='bbox 642 538 713 567; x_wconf 87' lang='lat' dir='ltr'><strong>aes</strong></span> <span class='ocrx_word' id='word_1_25' title='bbox 754 523 943 567; x_wconf 85' lang='lat' dir='ltr'><strong>alienum</strong></span> <span class='ocrx_word' id='word_1_26' title='bbox 985 525 1233 568; x_wconf 81' lang='lat' dir='ltr'><strong>contrahere</strong></span> <span class='ocrx_word' id='word_1_27' title='bbox 1271 523 1498 574; x_wconf 89' lang='lat' dir='ltr'><strong>debebunt,</strong></span> <span class='ocrx_word' id='word_1_28' title='bbox 1532 537 1643 580; x_wconf 88' lang='lat' dir='ltr'><strong>quae</strong></span> <span class='ocrx_word' id='word_1_29' title='bbox 1674 537 1740 566; x_wconf 86' lang='lat' dir='ltr'><strong>res</strong></span> 
     </span>
     <span class='ocr_line' id='line_1_6' title="bbox 137 594 1739 652; baseline -0.001 -14"><span class='ocrx_word' id='word_1_30' title='bbox 137 597 350 651; x_wconf 78' lang='lat' dir='ltr'><strong>quantum</strong></span> <span class='ocrx_word' id='word_1_31' title='bbox 381 594 537 638; x_wconf 86' lang='lat' dir='ltr'><strong>babeat</strong></span> <span class='ocrx_word' id='word_1_32' title='bbox 567 594 672 638; x_wconf 84' lang='lat' dir='ltr'><strong>mali</strong></span> <span class='ocrx_word' id='word_1_33' title='bbox 700 598 815 638; x_wconf 89' lang='lat' dir='ltr'><strong>certo</strong></span> <span class='ocrx_word' id='word_1_34' title='bbox 839 597 1114 652; x_wconf 81' lang='lat' dir='ltr'><strong>experientur</strong></span> <span class='ocrx_word' id='word_1_35' title='bbox 1141 600 1348 652; x_wconf 90' lang='lat' dir='ltr'><strong>tempore,</strong></span> <span class='ocrx_word' id='word_1_36' title='bbox 1377 609 1597 652; x_wconf 86' lang='lat' dir='ltr'><strong>nunquam</strong></span> <span class='ocrx_word' id='word_1_37' title='bbox 1624 596 1739 637; x_wconf 89' lang='lat' dir='ltr'><strong>enim</strong></span> 
     </span>
     <span class='ocr_line' id='line_1_7' title="bbox 137 664 1739 723; baseline 0.001 -15"><span class='ocrx_word' id='word_1_38' title='bbox 137 664 274 709; x_wconf 85' lang='lat' dir='ltr'><strong>deerit</strong></span> <span class='ocrx_word' id='word_1_39' title='bbox 314 666 384 711; x_wconf 79' lang='lat' dir='ltr'><strong>vir</strong></span> <span class='ocrx_word' id='word_1_40' title='bbox 421 665 496 709; x_wconf 91' lang='lat' dir='ltr'><strong>ille</strong></span> <span class='ocrx_word' id='word_1_41' title='bbox 539 666 796 709; x_wconf 86' lang='lat' dir='ltr'><strong>metuendus</strong></span> <span class='ocrx_word' id='word_1_42' title='bbox 839 668 913 723; x_wconf 90' lang='lat' dir='ltr'><strong>qui</strong></span> <span class='ocrx_word' id='word_1_43' title='bbox 945 681 1015 710; x_wconf 87' lang='lat' dir='ltr'><strong>eos</strong></span> <span class='ocrx_word' id='word_1_44' title='bbox 1046 667 1324 709; x_wconf 79' lang='lat' dir='ltr'><em>Kalendarum</em></span> <span class='ocrx_word' id='word_1_45' title='bbox 1355 666 1604 718; x_wconf 88' lang='lat' dir='ltr'><strong>admoneat;</strong></span> <span class='ocrx_word' id='word_1_46' title='bbox 1639 680 1739 709; x_wconf 88' lang='lat' dir='ltr'><strong>nam</strong></span> 
     </span>
     <span class='ocr_line' id='line_1_8' title="bbox 136 737 1742 795; baseline 0.001 -15"><span class='ocrx_word' id='word_1_47' title='bbox 136 738 184 780; x_wconf 88' lang='lat' dir='ltr'><strong>in</strong></span> <span class='ocrx_word' id='word_1_48' title='bbox 222 738 454 794; x_wconf 86' lang='lat' dir='ltr'><strong>provinciis</strong></span> <span class='ocrx_word' id='word_1_49' title='bbox 497 737 780 781; x_wconf 86' lang='lat' dir='ltr'><strong>foeneratores</strong></span> <span class='ocrx_word' id='word_1_50' title='bbox 822 737 1078 795; x_wconf 88' lang='lat' dir='ltr'><strong>plerumque</strong></span> <span class='ocrx_word' id='word_1_51' title='bbox 1119 743 1239 781; x_wconf 87' lang='lat' dir='ltr'><strong>erant</strong></span> <span class='ocrx_word' id='word_1_52' title='bbox 1280 739 1444 795; x_wconf 82' lang='lat' dir='ltr'><strong>equites</strong></span> <span class='ocrx_word' id='word_1_53' title='bbox 1476 738 1665 790; x_wconf 80' lang='lat' dir='ltr'><strong>Romani,</strong></span> <span class='ocrx_word' id='word_1_54' title='bbox 1699 742 1742 781; x_wconf 94' lang='lat' dir='ltr'><strong>et</strong></span> 
     </span>
     <span class='ocr_line' id='line_1_9' title="bbox 137 807 1742 867; baseline 0 -16"><span class='ocrx_word' id='word_1_55' title='bbox 137 807 332 852; x_wconf 60' lang='lat' dir='ltr'><strong>&amp;manis</strong></span> <span class='ocrx_word' id='word_1_56' title='bbox 367 811 460 852; x_wconf 84' lang='lat' dir='ltr'><strong>tota</strong></span> <span class='ocrx_word' id='word_1_57' title='bbox 499 822 567 852; x_wconf 87' lang='lat' dir='ltr'><strong>res</strong></span> <span class='ocrx_word' id='word_1_58' title='bbox 597 810 884 866; x_wconf 80' lang='lat' dir='ltr'><strong>peragebatur</strong></span> <span class='ocrx_word' id='word_1_59' title='bbox 915 809 1099 866; x_wconf 86' lang='lat' dir='ltr'><strong>legibus,</strong></span> <span class='ocrx_word' id='word_1_60' title='bbox 1133 824 1236 867; x_wconf 86' lang='lat' dir='ltr'><strong>ergo</strong></span> <span class='ocrx_word' id='word_1_61' title='bbox 1269 813 1370 853; x_wconf 89' lang='lat' dir='ltr'><strong>tunc</strong></span> <span class='ocrx_word' id='word_1_62' title='bbox 1402 808 1625 853; x_wconf 77' lang='lat' dir='ltr'><strong>Graeculis</strong></span> <span class='ocrx_word' id='word_1_63' title='bbox 1658 810 1742 851; x_wconf 83' lang='lat' dir='ltr'><strong>Ka-</strong></span> 
     </span>
     <span class='ocr_line' id='line_1_10' title="bbox 138 879 1742 937; baseline 0.001 -14"><span class='ocrx_word' id='word_1_64' title='bbox 138 879 283 923; x_wconf 73' lang='lat' dir='ltr'><strong>lendae</strong></span> <span class='ocrx_word' id='word_1_65' title='bbox 321 893 455 937; x_wconf 84' lang='lat' dir='ltr'><strong>aeque</strong></span> <span class='ocrx_word' id='word_1_66' title='bbox 496 884 618 923; x_wconf 89' lang='lat' dir='ltr'><strong>erant</strong></span> <span class='ocrx_word' id='word_1_67' title='bbox 658 885 785 924; x_wconf 88' lang='lat' dir='ltr'><strong>notae</strong></span> <span class='ocrx_word' id='word_1_68' title='bbox 826 885 956 937; x_wconf 87' lang='lat' dir='ltr'><strong>atque</strong></span> <span class='ocrx_word' id='word_1_69' title='bbox 997 881 1104 924; x_wconf 92' lang='lat' dir='ltr'><strong>olim</strong></span> <span class='ocrx_word' id='word_1_70' title='bbox 1147 882 1170 930; x_wconf 78' lang='grc' dir='ltr'><em>ἦ</em></span> <span class='ocrx_word' id='word_1_71' title='bbox 1216 882 1280 930; x_wconf 74' lang='grc' dir='ltr'><strong>ἒνή</strong></span> <span class='ocrx_word' id='word_1_72' title='bbox 1318 898 1365 924; x_wconf 82' lang='grc' dir='ltr'><strong>τε</strong></span> <span class='ocrx_word' id='word_1_73' title='bbox 1407 882 1475 923; x_wconf 72' lang='grc' dir='ltr'><strong>καὶ</strong></span> <span class='ocrx_word' id='word_1_74' title='bbox 1508 881 1594 924; x_wconf 75' lang='grc' dir='ltr'><strong><em>νέα.</em></strong></span> <span class='ocrx_word' id='word_1_75' title='bbox 1628 880 1742 924; x_wconf 81' lang='lat' dir='ltr'><strong>Tum</strong></span> 
     </span>
     <span class='ocr_line' id='line_1_11' title="bbox 137 949 1742 1009; baseline 0 -15"><span class='ocrx_word' id='word_1_76' title='bbox 137 949 286 994; x_wconf 70' lang='lat' dir='ltr'><strong>latinis</strong></span> <span class='ocrx_word' id='word_1_77' title='bbox 327 952 470 994; x_wconf 82' lang='lat' dir='ltr'><strong>utitur</strong></span> <span class='ocrx_word' id='word_1_78' title='bbox 499 951 718 994; x_wconf 84' lang='lat' dir='ltr'><strong>vocabulis</strong></span> <span class='ocrx_word' id='word_1_79' title='bbox 747 951 1008 995; x_wconf 84' lang='lat' dir='ltr'><strong>Plutarchus</strong></span> <span class='ocrx_word' id='word_1_80' title='bbox 1039 966 1137 995; x_wconf 90' lang='lat' dir='ltr'><strong>cum</strong></span> <span class='ocrx_word' id='word_1_81' title='bbox 1173 952 1223 995; x_wconf 87' lang='lat' dir='ltr'><strong>de</strong></span> <span class='ocrx_word' id='word_1_82' title='bbox 1255 953 1381 995; x_wconf 91' lang='lat' dir='ltr'><strong>rebus</strong></span> <span class='ocrx_word' id='word_1_83' title='bbox 1414 954 1507 1009; x_wconf 87' lang='lat' dir='ltr'><strong>agit</strong></span> <span class='ocrx_word' id='word_1_84' title='bbox 1538 951 1742 995; x_wconf 88' lang='lat' dir='ltr'><strong>Romanis</strong></span> 
     </span>
     <span class='ocr_line' id='line_1_12' title="bbox 139 1021 1742 1079; baseline 0.001 -15"><span class='ocrx_word' id='word_1_85' title='bbox 139 1025 215 1065; x_wconf 86' lang='lat' dir='ltr'><strong>aut</strong></span> <span class='ocrx_word' id='word_1_86' title='bbox 246 1025 359 1065; x_wconf 88' lang='lat' dir='ltr'><strong>certe</strong></span> <span class='ocrx_word' id='word_1_87' title='bbox 391 1021 596 1065; x_wconf 87' lang='lat' dir='ltr'><strong>Romanis</strong></span> <span class='ocrx_word' id='word_1_88' title='bbox 627 1024 770 1079; x_wconf 86' lang='lat' dir='ltr'><strong>magis</strong></span> <span class='ocrx_word' id='word_1_89' title='bbox 802 1037 931 1079; x_wconf 88' lang='lat' dir='ltr'><strong>quam</strong></span> <span class='ocrx_word' id='word_1_90' title='bbox 964 1022 1161 1067; x_wconf 84' lang='lat' dir='ltr'><strong>Graecis:</strong></span> <span class='ocrx_word' id='word_1_91' title='bbox 1195 1028 1291 1066; x_wconf 89' lang='lat' dir='ltr'><strong>tum</strong></span> <span class='ocrx_word' id='word_1_92' title='bbox 1318 1025 1433 1066; x_wconf 91' lang='lat' dir='ltr'><strong>enim</strong></span> <span class='ocrx_word' id='word_1_93' title='bbox 1461 1038 1509 1066; x_wconf 88' lang='lat' dir='ltr'><strong>ea</strong></span> <span class='ocrx_word' id='word_1_94' title='bbox 1537 1023 1742 1067; x_wconf 87' lang='lat' dir='ltr'><strong>vocabula</strong></span> 
     </span>
     <span class='ocr_line' id='line_1_13' title="bbox 138 1094 1742 1152; baseline 0.001 -16"><span class='ocrx_word' id='word_1_95' title='bbox 138 1106 344 1151; x_wconf 79' lang='lat' dir='ltr'><strong>magnam</strong></span> <span class='ocrx_word' id='word_1_96' title='bbox 385 1094 543 1137; x_wconf 87' lang='lat' dir='ltr'><strong>habent</strong></span> <span class='ocrx_word' id='word_1_97' title='bbox 584 1094 866 1150; x_wconf 89' lang='lat' dir='ltr'><strong>persuadendi</strong></span> <span class='ocrx_word' id='word_1_98' title='bbox 899 1096 1006 1138; x_wconf 85' lang='lat' dir='ltr'><strong>vim.</strong></span> <span class='ocrx_word' id='word_1_99' title='bbox 1045 1094 1130 1138; x_wconf 90' lang='lat' dir='ltr'><strong>Hic</strong></span> <span class='ocrx_word' id='word_1_100' title='bbox 1162 1109 1264 1138; x_wconf 84' lang='lat' dir='ltr'><strong>vero</strong></span> <span class='ocrx_word' id='word_1_101' title='bbox 1296 1109 1373 1138; x_wconf 90' lang='lat' dir='ltr'><strong>cur</strong></span> <span class='ocrx_word' id='word_1_102' title='bbox 1395 1096 1565 1149; x_wconf 76' lang='lat' dir='ltr'><strong>privata</strong></span> <span class='ocrx_word' id='word_1_103' title='bbox 1597 1097 1742 1152; x_wconf 89' lang='lat' dir='ltr'><strong>potius</strong></span> 
     </span>
     <span class='ocr_line' id='line_1_14' title="bbox 139 1162 1742 1222; baseline 0.001 -15"><span class='ocrx_word' id='word_1_104' title='bbox 139 1177 269 1221; x_wconf 88' lang='lat' dir='ltr'><strong>quam</strong></span> <span class='ocrx_word' id='word_1_105' title='bbox 295 1162 382 1207; x_wconf 73' lang='grc' dir='ltr'><strong>ἴδια</strong></span> <span class='ocrx_word' id='word_1_106' title='bbox 410 1168 533 1208; x_wconf 86' lang='lat' dir='ltr'><strong>vocet</strong></span> <span class='ocrx_word' id='word_1_107' title='bbox 560 1164 800 1215; x_wconf 62' lang='grc' dir='ltr'><strong><em>βαλανεῒαῖ</em></strong></span> <span class='ocrx_word' id='word_1_108' title='bbox 827 1165 885 1207; x_wconf 84' lang='lat' dir='ltr'><strong>Et</strong></span> <span class='ocrx_word' id='word_1_109' title='bbox 902 1167 998 1222; x_wconf 90' lang='lat' dir='ltr'><strong>quis</strong></span> <span class='ocrx_word' id='word_1_110' title='bbox 1015 1167 1239 1209; x_wconf 91' lang='lat' dir='ltr'><strong>mendicus</strong></span> <span class='ocrx_word' id='word_1_111' title='bbox 1255 1171 1344 1209; x_wconf 85' lang='lat' dir='ltr'><strong>tam</strong></span> <span class='ocrx_word' id='word_1_112' title='bbox 1362 1170 1426 1208; x_wconf 89' lang='lat' dir='ltr'><strong>est</strong></span> <span class='ocrx_word' id='word_1_113' title='bbox 1442 1171 1742 1222; x_wconf 90' lang='lat' dir='ltr'><strong>praeposterus</strong></span> 
     </span>
     <span class='ocr_line' id='line_1_15' title="bbox 139 1236 1741 1294; baseline 0.001 -15"><span class='ocrx_word' id='word_1_114' title='bbox 139 1239 184 1280; x_wconf 88' lang='lat' dir='ltr'><strong>et</strong></span> <span class='ocrx_word' id='word_1_115' title='bbox 223 1250 450 1294; x_wconf 84' lang='lat' dir='ltr'><strong>perversus</strong></span> <span class='ocrx_word' id='word_1_116' title='bbox 492 1240 542 1279; x_wconf 90' lang='lat' dir='ltr'><strong>ut</strong></span> <span class='ocrx_word' id='word_1_117' title='bbox 586 1236 724 1280; x_wconf 91' lang='lat' dir='ltr'><strong>multo</strong></span> <span class='ocrx_word' id='word_1_118' title='bbox 756 1236 899 1280; x_wconf 89' lang='lat' dir='ltr'><strong>labore</strong></span> <span class='ocrx_word' id='word_1_119' title='bbox 931 1239 1098 1294; x_wconf 84' lang='lat' dir='ltr'><strong>privata</strong></span> <span class='ocrx_word' id='word_1_120' title='bbox 1130 1237 1329 1294; x_wconf 84' lang='lat' dir='ltr'><strong>effringat</strong></span> <span class='ocrx_word' id='word_1_121' title='bbox 1360 1237 1524 1288; x_wconf 82' lang='lat' dir='ltr'><strong>balnea,</strong></span> <span class='ocrx_word' id='word_1_122' title='bbox 1557 1237 1741 1294; x_wconf 88' lang='lat' dir='ltr'><strong>publica,</strong></span> 
     </span>
    </p>
   </div>
   <div class='ocr_carea' id='block_1_4' title="bbox 138 1306 1810 1365">
    <p class='ocr_par' dir='ltr' id='par_1_4' title="bbox 138 1306 1810 1365">
     <span class='ocr_line' id='line_1_16' title="bbox 138 1306 1810 1365; baseline 0.001 -15"><span class='ocrx_word' id='word_1_123' title='bbox 138 1309 271 1351; x_wconf 85' lang='lat' dir='ltr'><strong>etiam</strong></span> <span class='ocrx_word' id='word_1_124' title='bbox 311 1309 514 1365; x_wconf 82' lang='lat' dir='ltr'><strong>patentia,</strong></span> <span class='ocrx_word' id='word_1_125' title='bbox 556 1306 824 1364; x_wconf 80' lang='lat' dir='ltr'><strong>praetereat?</strong></span> <span class='ocrx_word' id='word_1_126' title='bbox 857 1307 1038 1351; x_wconf 83' lang='lat' dir='ltr'><strong>Stabula</strong></span> <span class='ocrx_word' id='word_1_127' title='bbox 1069 1312 1214 1351; x_wconf 84' lang='lat' dir='ltr'><strong>autem</strong></span> <span class='ocrx_word' id='word_1_128' title='bbox 1248 1310 1399 1351; x_wconf 85' lang='lat' dir='ltr'><strong>ovium</strong></span> <span class='ocrx_word' id='word_1_129' title='bbox 1432 1308 1574 1351; x_wconf 89' lang='lat' dir='ltr'><strong>hieme</strong></span> <span class='ocrx_word' id='word_1_130' title='bbox 1606 1314 1648 1351; x_wconf 88' lang='lat' dir='ltr'><strong>et</strong></span> <span class='ocrx_word' id='word_1_131' title='bbox 1680 1323 1743 1351; x_wconf 88' lang='lat' dir='ltr'><strong>ca·</strong></span> <span class='ocrx_word' id='word_1_132' title='bbox 1807 1311 1810 1315; x_wconf 81' lang='grc'><em>’</em></span> 
     </span>
    </p>
   </div>
   <div class='ocr_carea' id='block_1_5' title="bbox 137 1378 1747 3076">
    <p class='ocr_par' dir='ltr' id='par_1_5' title="bbox 137 1378 1745 1935">
     <span class='ocr_line' id='line_1_17' title="bbox 137 1378 1742 1438; baseline -0.001 -15"><span class='ocrx_word' id='word_1_133' title='bbox 137 1378 272 1423; x_wconf 86' lang='lat' dir='ltr'><strong>lorem</strong></span> <span class='ocrx_word' id='word_1_134' title='bbox 305 1379 511 1437; x_wconf 79' lang='lat' dir='ltr'><strong>praebent</strong></span> <span class='ocrx_word' id='word_1_135' title='bbox 541 1383 584 1422; x_wconf 86' lang='lat' dir='ltr'><strong>et</strong></span> <span class='ocrx_word' id='word_1_136' title='bbox 615 1379 730 1423; x_wconf 89' lang='lat' dir='ltr'><strong>haud</strong></span> <span class='ocrx_word' id='word_1_137' title='bbox 762 1393 921 1437; x_wconf 83' lang='lat' dir='ltr'><strong>magno</strong></span> <span class='ocrx_word' id='word_1_138' title='bbox 954 1381 1208 1438; x_wconf 88' lang='lat' dir='ltr'><strong>aperiuntur</strong></span> <span class='ocrx_word' id='word_1_139' title='bbox 1238 1380 1405 1432; x_wconf 91' lang='lat' dir='ltr'><strong>labore;</strong></span> <span class='ocrx_word' id='word_1_140' title='bbox 1438 1383 1613 1432; x_wconf 84' lang='lat' dir='ltr'><strong>aestate,</strong></span> <span class='ocrx_word' id='word_1_141' title='bbox 1641 1394 1742 1422; x_wconf 89' lang='lat' dir='ltr'><strong>cum</strong></span> 
     </span>
     <span class='ocr_line' id='line_1_18' title="bbox 139 1450 1743 1508; baseline 0 -15"><span class='ocrx_word' id='word_1_142' title='bbox 139 1463 269 1508; x_wconf 86' lang='lat' dir='ltr'><strong>pecus</strong></span> <span class='ocrx_word' id='word_1_143' title='bbox 309 1451 355 1493; x_wconf 90' lang='lat' dir='ltr'><strong>in</strong></span> <span class='ocrx_word' id='word_1_144' title='bbox 399 1454 567 1493; x_wconf 87' lang='lat' dir='ltr'><strong>montes</strong></span> <span class='ocrx_word' id='word_1_145' title='bbox 608 1455 701 1493; x_wconf 89' lang='lat' dir='ltr'><strong>acta</strong></span> <span class='ocrx_word' id='word_1_146' title='bbox 742 1454 820 1501; x_wconf 89' lang='lat' dir='ltr'><strong>est,</strong></span> <span class='ocrx_word' id='word_1_147' title='bbox 865 1454 941 1494; x_wconf 86' lang='lat' dir='ltr'><strong>aut</strong></span> <span class='ocrx_word' id='word_1_148' title='bbox 983 1452 1157 1494; x_wconf 89' lang='lat' dir='ltr'><strong>omnino</strong></span> <span class='ocrx_word' id='word_1_149' title='bbox 1199 1450 1319 1494; x_wconf 89' lang='lat' dir='ltr'><strong>nulla</strong></span> <span class='ocrx_word' id='word_1_150' title='bbox 1361 1454 1462 1493; x_wconf 90' lang='lat' dir='ltr'><strong>sunt</strong></span> <span class='ocrx_word' id='word_1_151' title='bbox 1497 1476 1551 1483; x_wconf 89' lang='lat'>—</span> <span class='ocrx_word' id='word_1_152' title='bbox 1585 1464 1743 1508; x_wconf 85' lang='lat' dir='ltr'><strong>magna</strong></span> 
     </span>
     <span class='ocr_line' id='line_1_19' title="bbox 139 1521 1743 1579; baseline 0 -14"><span class='ocrx_word' id='word_1_153' title='bbox 139 1522 255 1565; x_wconf 90' lang='lat' dir='ltr'><strong>enim</strong></span> <span class='ocrx_word' id='word_1_154' title='bbox 297 1535 446 1565; x_wconf 89' lang='lat' dir='ltr'><strong>eorum</strong></span> <span class='ocrx_word' id='word_1_155' title='bbox 489 1535 587 1578; x_wconf 85' lang='lat' dir='ltr'><strong>pars</strong></span> <span class='ocrx_word' id='word_1_156' title='bbox 630 1523 675 1564; x_wconf 92' lang='lat' dir='ltr'><strong>in</strong></span> <span class='ocrx_word' id='word_1_157' title='bbox 719 1526 893 1578; x_wconf 88' lang='lat' dir='ltr'><strong>tempus</strong></span> <span class='ocrx_word' id='word_1_158' title='bbox 934 1536 956 1565; x_wconf 93' lang='lat' dir='ltr'><strong>e</strong></span> <span class='ocrx_word' id='word_1_159' title='bbox 996 1521 1130 1579; x_wconf 84' lang='lat' dir='ltr'><strong>lignis</strong></span> <span class='ocrx_word' id='word_1_160' title='bbox 1171 1524 1447 1579; x_wconf 85' lang='lat' dir='ltr'><strong>componitur</strong></span> <span class='ocrx_word' id='word_1_161' title='bbox 1479 1547 1534 1555; x_wconf 93' lang='lat'>—</span> <span class='ocrx_word' id='word_1_162' title='bbox 1568 1527 1644 1565; x_wconf 88' lang='lat' dir='ltr'><strong>aut</strong></span> <span class='ocrx_word' id='word_1_163' title='bbox 1682 1524 1743 1565; x_wconf 88' lang='lat' dir='ltr'><strong>ita</strong></span> 
     </span>
     <span class='ocr_line' id='line_1_20' title="bbox 137 1591 1745 1651; baseline -0.001 -14"><span class='ocrx_word' id='word_1_164' title='bbox 137 1593 279 1637; x_wconf 74' lang='lat' dir='ltr'><strong>iacent</strong></span> <span class='ocrx_word' id='word_1_165' title='bbox 304 1592 501 1651; x_wconf 84' lang='lat' dir='ltr'><strong>neglecta</strong></span> <span class='ocrx_word' id='word_1_166' title='bbox 527 1597 579 1636; x_wconf 87' lang='lat' dir='ltr'><strong>ut</strong></span> <span class='ocrx_word' id='word_1_167' title='bbox 603 1591 841 1649; x_wconf 85' lang='lat' dir='ltr'><strong>pluvialem</strong></span> <span class='ocrx_word' id='word_1_168' title='bbox 867 1607 1024 1650; x_wconf 88' lang='lat' dir='ltr'><strong>aquam</strong></span> <span class='ocrx_word' id='word_1_169' title='bbox 1041 1608 1125 1637; x_wconf 89' lang='lat' dir='ltr'><strong>non</strong></span> <span class='ocrx_word' id='word_1_170' title='bbox 1143 1599 1326 1637; x_wconf 85' lang='lat' dir='ltr'><strong>arceant.</strong></span> <span class='ocrx_word' id='word_1_171' title='bbox 1351 1593 1465 1636; x_wconf 80' lang='lat' dir='ltr'><strong>Tum</strong></span> <span class='ocrx_word' id='word_1_172' title='bbox 1482 1593 1745 1650; x_wconf 88' lang='lat' dir='ltr'><strong>templorum</strong></span> 
     </span>
     <span class='ocr_line' id='line_1_21' title="bbox 144 1662 1745 1723; baseline -0.001 -15"><span class='ocrx_word' id='word_1_173' title='bbox 144 1662 356 1708; x_wconf 80' lang='lat' dir='ltr'><strong>vestibula</strong></span> <span class='ocrx_word' id='word_1_174' title='bbox 396 1663 648 1721; x_wconf 79' lang='lat' dir='ltr'><strong>perfugium</strong></span> <span class='ocrx_word' id='word_1_175' title='bbox 689 1664 892 1720; x_wconf 85' lang='lat' dir='ltr'><strong>praebent</strong></span> <span class='ocrx_word' id='word_1_176' title='bbox 932 1668 1195 1722; x_wconf 86' lang='lat' dir='ltr'><strong>gratumque</strong></span> <span class='ocrx_word' id='word_1_177' title='bbox 1226 1665 1378 1723; x_wconf 87' lang='lat' dir='ltr'><strong>frigus.</strong></span> <span class='ocrx_word' id='word_1_178' title='bbox 1421 1664 1516 1708; x_wconf 92' lang='lat' dir='ltr'><strong>Non</strong></span> <span class='ocrx_word' id='word_1_179' title='bbox 1548 1665 1633 1708; x_wconf 88' lang='lat' dir='ltr'><strong>fnit</strong></span> <span class='ocrx_word' id='word_1_180' title='bbox 1662 1666 1745 1708; x_wconf 85' lang='lat' dir='ltr'><strong>iste</strong></span> 
     </span>
     <span class='ocr_line' id='line_1_22' title="bbox 139 1734 1744 1780; baseline 0.001 -2"><span class='ocrx_word' id='word_1_181' title='bbox 139 1734 364 1779; x_wconf 81' lang='lat' dir='ltr'><strong>Plutarchi</strong></span> <span class='ocrx_word' id='word_1_182' title='bbox 407 1736 604 1779; x_wconf 83' lang='lat' dir='ltr'><strong>imitator</strong></span> <span class='ocrx_word' id='word_1_183' title='bbox 635 1761 693 1767; x_wconf 97' lang='lat'><strong>—</strong></span> <span class='ocrx_word' id='word_1_184' title='bbox 725 1749 826 1779; x_wconf 87' lang='lat' dir='ltr'><strong>nam</strong></span> <span class='ocrx_word' id='word_1_185' title='bbox 867 1750 967 1779; x_wconf 90' lang='lat' dir='ltr'><strong>cum</strong></span> <span class='ocrx_word' id='word_1_186' title='bbox 1010 1737 1228 1779; x_wconf 86' lang='lat' dir='ltr'><strong>imitatore</strong></span> <span class='ocrx_word' id='word_1_187' title='bbox 1269 1735 1492 1779; x_wconf 87' lang='lat' dir='ltr'><strong>Plutarchi</strong></span> <span class='ocrx_word' id='word_1_188' title='bbox 1524 1737 1594 1780; x_wconf 91' lang='lat' dir='ltr'><strong>hic</strong></span> <span class='ocrx_word' id='word_1_189' title='bbox 1623 1737 1744 1779; x_wconf 92' lang='lat' dir='ltr'><strong>nobis</strong></span> 
     </span>
     <span class='ocr_line' id='line_1_23' title="bbox 139 1805 1745 1864; baseline 0 -14"><span class='ocrx_word' id='word_1_190' title='bbox 139 1820 208 1850; x_wconf 89' lang='lat' dir='ltr'><strong>res</strong></span> <span class='ocrx_word' id='word_1_191' title='bbox 232 1811 298 1850; x_wconf 86' lang='lat' dir='ltr'><strong>est</strong></span> <span class='ocrx_word' id='word_1_192' title='bbox 314 1832 372 1840; x_wconf 90' lang='lat'><em>-</em></span> <span class='ocrx_word' id='word_1_193' title='bbox 390 1806 494 1850; x_wconf 80' lang='lat' dir='ltr'><strong>adeo</strong></span> <span class='ocrx_word' id='word_1_194' title='bbox 523 1805 566 1850; x_wconf 77' lang='lat' dir='ltr'><strong>et</strong></span> <span class='ocrx_word' id='word_1_195' title='bbox 591 1807 637 1849; x_wconf 89' lang='lat' dir='ltr'><strong>in</strong></span> <span class='ocrx_word' id='word_1_196' title='bbox 663 1806 894 1850; x_wconf 88' lang='lat' dir='ltr'><strong>Plutarcho</strong></span> <span class='ocrx_word' id='word_1_197' title='bbox 921 1807 964 1850; x_wconf 67' lang='lat' dir='ltr'><strong>ct</strong></span> <span class='ocrx_word' id='word_1_198' title='bbox 991 1809 1034 1849; x_wconf 90' lang='lat' dir='ltr'><strong>in</strong></span> <span class='ocrx_word' id='word_1_199' title='bbox 1062 1809 1130 1850; x_wconf 85' lang='lat' dir='ltr'><strong>sui</strong></span> <span class='ocrx_word' id='word_1_200' title='bbox 1151 1809 1359 1864; x_wconf 83' lang='lat' dir='ltr'><strong>temporis</strong></span> <span class='ocrx_word' id='word_1_201' title='bbox 1378 1809 1467 1851; x_wconf 85' lang='lat' dir='ltr'><strong>vita</strong></span> <span class='ocrx_word' id='word_1_202' title='bbox 1483 1810 1577 1864; x_wconf 89' lang='lat' dir='ltr'><strong>ipsa</strong></span> <span class='ocrx_word' id='word_1_203' title='bbox 1593 1808 1745 1864; x_wconf 87' lang='lat' dir='ltr'><strong>hospes</strong></span> 
     </span>
     <span class='ocr_line' id='line_1_24' title="bbox 142 1879 743 1935; baseline 0 -14"><span class='ocrx_word' id='word_1_204' title='bbox 142 1883 192 1921; x_wconf 84' lang='lat' dir='ltr'><strong>ut</strong></span> <span class='ocrx_word' id='word_1_205' title='bbox 220 1879 306 1922; x_wconf 82' lang='lat' dir='ltr'><strong>ista</strong></span> <span class='ocrx_word' id='word_1_206' title='bbox 335 1879 480 1921; x_wconf 86' lang='lat' dir='ltr'><strong>omnia</strong></span> <span class='ocrx_word' id='word_1_207' title='bbox 510 1879 743 1935; x_wconf 83' lang='lat' dir='ltr'><strong>ignoraret.</strong></span> 
     </span>
    </p>

    <p class='ocr_par' dir='ltr' id='par_1_6' title="bbox 201 1949 1453 2008">
     <span class='ocr_line' id='line_1_25' title="bbox 201 1949 1453 2008; baseline 0 -15"><span class='ocrx_word' id='word_1_208' title='bbox 201 1949 454 2008; x_wconf 77' lang='lat' dir='ltr'><strong>Pergamus,</strong></span> <span class='ocrx_word' id='word_1_209' title='bbox 487 1962 587 1992; x_wconf 88' lang='lat' dir='ltr'><strong>nam</strong></span> <span class='ocrx_word' id='word_1_210' title='bbox 619 1950 765 2007; x_wconf 86' lang='lat' dir='ltr'><strong>pergit</strong></span> <span class='ocrx_word' id='word_1_211' title='bbox 798 1949 1020 1993; x_wconf 89' lang='lat' dir='ltr'><strong>Vitiositas</strong></span> <span class='ocrx_word' id='word_1_212' title='bbox 1051 1954 1095 1993; x_wconf 86' lang='lat' dir='ltr'><strong>et</strong></span> <span class='ocrx_word' id='word_1_213' title='bbox 1127 1951 1186 1993; x_wconf 88' lang='lat' dir='ltr'><strong>sic</strong></span> <span class='ocrx_word' id='word_1_214' title='bbox 1220 1949 1453 1993; x_wconf 89' lang='lat' dir='ltr'><strong>declamat:</strong></span> 
     </span>
    </p>

    <p class='ocr_par' dir='ltr' id='par_1_7' title="bbox 141 2020 1746 2221">
     <span class='ocr_line' id='line_1_26' title="bbox 206 2020 1746 2073; baseline 0.001 -9"><span class='ocrx_word' id='word_1_215' title='bbox 206 2021 299 2072; x_wconf 87' lang='lat' dir='ltr'><strong>„An</strong></span> <span class='ocrx_word' id='word_1_216' title='bbox 341 2021 601 2065; x_wconf 84' lang='lat' dir='ltr'><strong>servitutem</strong></span> <span class='ocrx_word' id='word_1_217' title='bbox 645 2021 779 2072; x_wconf 85' lang='lat' dir='ltr'><strong>affers,</strong></span> <span class='ocrx_word' id='word_1_218' title='bbox 813 2021 1003 2073; x_wconf 87' lang='lat' dir='ltr'><strong>vincula,</strong></span> <span class='ocrx_word' id='word_1_219' title='bbox 1037 2022 1180 2065; x_wconf 89' lang='lat' dir='ltr'><strong>forum</strong></span> <span class='ocrx_word' id='word_1_220' title='bbox 1211 2020 1388 2065; x_wconf 82' lang='lat' dir='ltr'><strong>venale?</strong></span> <span class='ocrx_word' id='word_1_221' title='bbox 1421 2021 1670 2066; x_wconf 84' lang='lat' dir='ltr'><strong>Gontemnit</strong></span> <span class='ocrx_word' id='word_1_222' title='bbox 1705 2026 1746 2065; x_wconf 89' lang='lat' dir='ltr'><strong>te</strong></span> 
     </span>
     <span class='ocr_line' id='line_1_27' title="bbox 141 2091 1744 2150; baseline 0.001 -14"><span class='ocrx_word' id='word_1_223' title='bbox 141 2091 358 2150; x_wconf 77' lang='lat' dir='ltr'><strong>Diogenes</strong></span> <span class='ocrx_word' id='word_1_224' title='bbox 382 2091 458 2136; x_wconf 92' lang='lat' dir='ltr'><strong>ille</strong></span> <span class='ocrx_word' id='word_1_225' title='bbox 485 2093 574 2149; x_wconf 89' lang='lat' dir='ltr'><strong>qui,</strong></span> <span class='ocrx_word' id='word_1_226' title='bbox 601 2106 702 2136; x_wconf 91' lang='lat' dir='ltr'><strong>cum</strong></span> <span class='ocrx_word' id='word_1_227' title='bbox 731 2107 755 2135; x_wconf 93' lang='lat' dir='ltr'><strong>a</strong></span> <span class='ocrx_word' id='word_1_228' title='bbox 782 2093 1065 2149; x_wconf 86' lang='lat' dir='ltr'><strong>praedonibus</strong></span> <span class='ocrx_word' id='word_1_229' title='bbox 1081 2093 1440 2144; x_wconf 82' lang='lat' dir='ltr'><strong>venumdabatur,</strong></span> <span class='ocrx_word' id='word_1_230' title='bbox 1458 2093 1744 2137; x_wconf 86' lang='lat' dir='ltr'><strong>exclamabat:</strong></span> 
     </span>
     <span class='ocr_line' id='line_1_28' title="bbox 141 2162 1418 2221; baseline 0.001 -14"><span class='ocrx_word' id='word_1_231' title='bbox 141 2163 239 2221; x_wconf 88' lang='lat' dir='ltr'><strong>quis</strong></span> <span class='ocrx_word' id='word_1_232' title='bbox 269 2162 495 2206; x_wconf 88' lang='lat' dir='ltr'><strong>dominum</strong></span> <span class='ocrx_word' id='word_1_233' title='bbox 527 2162 626 2207; x_wconf 82' lang='lat' dir='ltr'><strong>vult</strong></span> <span class='ocrx_word' id='word_1_234' title='bbox 659 2162 829 2207; x_wconf 83' lang='lat' dir='ltr'><strong>emere?</strong></span> <span class='ocrx_word' id='word_1_235' title='bbox 862 2165 928 2207; x_wconf 92' lang='lat' dir='ltr'><strong>An</strong></span> <span class='ocrx_word' id='word_1_236' title='bbox 962 2179 1175 2208; x_wconf 83' lang='lat' dir='ltr'><strong>venenum</strong></span> <span class='ocrx_word' id='word_1_237' title='bbox 1207 2163 1418 2208; x_wconf 83' lang='lat' dir='ltr'><strong>misces?&#39;&#39;</strong></span> 
     </span>
    </p>

    <p class='ocr_par' dir='ltr' id='par_1_8' title="bbox 141 2233 1745 2358">
     <span class='ocr_line' id='line_1_29' title="bbox 202 2233 1745 2293; baseline 0.001 -16"><span class='ocrx_word' id='word_1_238' title='bbox 202 2233 348 2278; x_wconf 81' lang='lat' dir='ltr'><strong>Etiam</strong></span> <span class='ocrx_word' id='word_1_239' title='bbox 378 2235 424 2277; x_wconf 90' lang='lat' dir='ltr'><strong>in</strong></span> <span class='ocrx_word' id='word_1_240' title='bbox 456 2247 650 2278; x_wconf 90' lang='lat' dir='ltr'><strong>sermone</strong></span> <span class='ocrx_word' id='word_1_241' title='bbox 684 2233 846 2278; x_wconf 84' lang='lat' dir='ltr'><strong>Graeco</strong></span> <span class='ocrx_word' id='word_1_242' title='bbox 879 2237 1040 2278; x_wconf 89' lang='lat' dir='ltr'><strong>mirum</strong></span> <span class='ocrx_word' id='word_1_243' title='bbox 1077 2241 1288 2292; x_wconf 87' lang='lat' dir='ltr'><strong>quantum</strong></span> <span class='ocrx_word' id='word_1_244' title='bbox 1322 2238 1531 2293; x_wconf 85' lang='lat' dir='ltr'><strong>impostor</strong></span> <span class='ocrx_word' id='word_1_245' title='bbox 1563 2237 1632 2279; x_wconf 88' lang='lat' dir='ltr'><strong>hic</strong></span> <span class='ocrx_word' id='word_1_246' title='bbox 1659 2240 1745 2279; x_wconf 86' lang='lat' dir='ltr'><strong>tur-</strong></span> 
     </span>
     <span class='ocr_line' id='line_1_30' title="bbox 141 2305 1155 2358; baseline 0 -8"><span class='ocrx_word' id='word_1_247' title='bbox 141 2305 237 2350; x_wconf 78' lang='lat' dir='ltr'><strong>bot:</strong></span> <span class='ocrx_word' id='word_1_248' title='bbox 270 2306 448 2353; x_wconf 72' lang='grc' dir='ltr'><strong><em>κύλικας</em></strong></span> <span class='ocrx_word' id='word_1_249' title='bbox 481 2305 710 2358; x_wconf 72' lang='grc' dir='ltr'><strong>φαρμάκου</strong></span> <span class='ocrx_word' id='word_1_250' title='bbox 746 2306 1049 2358; x_wconf 71' lang='grc' dir='ltr'><strong><em>ταράττεις</em></strong></span> <span class='ocrx_word' id='word_1_251' title='bbox 1081 2309 1155 2350; x_wconf 82' lang='lat' dir='ltr'><strong>ait.</strong></span> 
     </span>
    </p>

    <p class='ocr_par' dir='ltr' id='par_1_9' title="bbox 141 2375 1747 2934">
     <span class='ocr_line' id='line_1_31' title="bbox 205 2375 1746 2435; baseline 0.001 -16"><span class='ocrx_word' id='word_1_252' title='bbox 205 2377 303 2428; x_wconf 80' lang='lat' dir='ltr'><strong>‚An</strong></span> <span class='ocrx_word' id='word_1_253' title='bbox 327 2389 543 2420; x_wconf 85' lang='lat' dir='ltr'><strong>venenum</strong></span> <span class='ocrx_word' id='word_1_254' title='bbox 569 2375 746 2420; x_wconf 83' lang='lat' dir='ltr'><strong>misces?</strong></span> <span class='ocrx_word' id='word_1_255' title='bbox 773 2376 922 2420; x_wconf 90' lang='lat' dir='ltr'><strong>Nonne</strong></span> <span class='ocrx_word' id='word_1_256' title='bbox 949 2382 992 2420; x_wconf 89' lang='lat' dir='ltr'><strong>et</strong></span> <span class='ocrx_word' id='word_1_257' title='bbox 1018 2376 1182 2421; x_wconf 83' lang='lat' dir='ltr'><strong>Socrati</strong></span> <span class='ocrx_word' id='word_1_258' title='bbox 1208 2377 1318 2420; x_wconf 88' lang='lat' dir='ltr'><strong>illud</strong></span> <span class='ocrx_word' id='word_1_259' title='bbox 1342 2380 1591 2435; x_wconf 85' lang='lat' dir='ltr'><strong>propinasti,</strong></span> <span class='ocrx_word' id='word_1_260' title='bbox 1610 2393 1746 2422; x_wconf 91' lang='lat' dir='ltr'><strong>nonne</strong></span> 
     </span>
     <span class='ocr_line' id='line_1_32' title="bbox 141 2447 1744 2506; baseline 0.001 -14"><span class='ocrx_word' id='word_1_261' title='bbox 141 2447 217 2492; x_wconf 87' lang='lat' dir='ltr'><strong>ille</strong></span> <span class='ocrx_word' id='word_1_262' title='bbox 246 2447 383 2491; x_wconf 88' lang='lat' dir='ltr'><strong>ebibit</strong></span> <span class='ocrx_word' id='word_1_263' title='bbox 413 2448 678 2504; x_wconf 84' lang='lat' dir='ltr'><strong>impavidus,</strong></span> <span class='ocrx_word' id='word_1_264' title='bbox 710 2447 832 2499; x_wconf 86' lang='lat' dir='ltr'><strong>lenis,</strong></span> <span class='ocrx_word' id='word_1_265' title='bbox 864 2447 1072 2505; x_wconf 88' lang='lat' dir='ltr'><strong>placidus,</strong></span> <span class='ocrx_word' id='word_1_266' title='bbox 1101 2464 1238 2506; x_wconf 86' lang='lat' dir='ltr'><strong>neque</strong></span> <span class='ocrx_word' id='word_1_267' title='bbox 1265 2449 1402 2492; x_wconf 89' lang='lat' dir='ltr'><strong>colore</strong></span> <span class='ocrx_word' id='word_1_268' title='bbox 1429 2464 1565 2506; x_wconf 89' lang='lat' dir='ltr'><strong>neque</strong></span> <span class='ocrx_word' id='word_1_269' title='bbox 1592 2450 1744 2493; x_wconf 86' lang='lat' dir='ltr'><strong>habitu</strong></span> 
     </span>
     <span class='ocr_line' id='line_1_33' title="bbox 142 2517 1745 2578; baseline 0.001 -15"><span class='ocrx_word' id='word_1_270' title='bbox 142 2517 337 2563; x_wconf 78' lang='lat' dir='ltr'><strong>mutato?</strong></span> <span class='ocrx_word' id='word_1_271' title='bbox 366 2519 468 2562; x_wconf 89' lang='lat' dir='ltr'><strong>Post</strong></span> <span class='ocrx_word' id='word_1_272' title='bbox 493 2523 675 2562; x_wconf 89' lang='lat' dir='ltr'><strong>mortem</strong></span> <span class='ocrx_word' id='word_1_273' title='bbox 708 2533 805 2562; x_wconf 89' lang='lat' dir='ltr'><strong>vero</strong></span> <span class='ocrx_word' id='word_1_274' title='bbox 833 2521 926 2562; x_wconf 90' lang='lat' dir='ltr'><strong>eius</strong></span> <span class='ocrx_word' id='word_1_275' title='bbox 952 2520 1034 2562; x_wconf 79' lang='lat' dir='ltr'><strong>vivi</strong></span> <span class='ocrx_word' id='word_1_276' title='bbox 1056 2521 1264 2576; x_wconf 88' lang='lat' dir='ltr'><strong>(profecto</strong></span> <span class='ocrx_word' id='word_1_277' title='bbox 1293 2522 1353 2563; x_wconf 90' lang='lat' dir='ltr'><strong>sic</strong></span> <span class='ocrx_word' id='word_1_278' title='bbox 1379 2519 1539 2564; x_wconf 84' lang='lat' dir='ltr'><strong>Graece</strong></span> <span class='ocrx_word' id='word_1_279' title='bbox 1562 2520 1745 2578; x_wconf 85' lang='lat' dir='ltr'><strong>legitur:</strong></span> 
     </span>
     <span class='ocr_line' id='line_1_34' title="bbox 142 2590 1746 2647; baseline 0 -12"><span class='ocrx_word' id='word_1_280' title='bbox 142 2591 178 2635; x_wconf 78' lang='grc' dir='ltr'><strong>οἱ</strong></span> <span class='ocrx_word' id='word_1_281' title='bbox 204 2591 371 2646; x_wconf 80' lang='grc' dir='ltr'>ζῶντες)</span> <span class='ocrx_word' id='word_1_282' title='bbox 398 2590 574 2634; x_wconf 87' lang='lat' dir='ltr'><strong>beatum</strong></span> <span class='ocrx_word' id='word_1_283' title='bbox 598 2605 697 2633; x_wconf 90' lang='lat' dir='ltr'><strong>eum</strong></span> <span class='ocrx_word' id='word_1_284' title='bbox 727 2590 1027 2647; x_wconf 86' lang='lat' dir='ltr'><strong>praedicabant</strong></span> <span class='ocrx_word' id='word_1_285' title='bbox 1049 2594 1228 2645; x_wconf 88' lang='lat' dir='ltr'><strong>(mirum</strong></span> <span class='ocrx_word' id='word_1_286' title='bbox 1246 2594 1290 2634; x_wconf 92' lang='lat' dir='ltr'><strong>ni</strong></span> <span class='ocrx_word' id='word_1_287' title='bbox 1309 2592 1455 2634; x_wconf 77' lang='lat' dir='ltr'><strong>mortui</strong></span> <span class='ocrx_word' id='word_1_288' title='bbox 1471 2592 1514 2634; x_wconf 92' lang='lat' dir='ltr'><strong>id</strong></span> <span class='ocrx_word' id='word_1_289' title='bbox 1531 2591 1746 2647; x_wconf 81' lang='lat' dir='ltr'><strong>fecerintl)</strong></span> 
     </span>
     <span class='ocr_line' id='line_1_35' title="bbox 143 2661 1745 2720; baseline 0.001 -14"><span class='ocrx_word' id='word_1_290' title='bbox 143 2661 260 2720; x_wconf 88' lang='lat' dir='ltr'><strong>quod</strong></span> <span class='ocrx_word' id='word_1_291' title='bbox 285 2676 338 2706; x_wconf 88' lang='lat' dir='ltr'><strong>ne</strong></span> <span class='ocrx_word' id='word_1_292' title='bbox 363 2662 476 2718; x_wconf 86' lang='lat' dir='ltr'><strong>apud</strong></span> <span class='ocrx_word' id='word_1_293' title='bbox 502 2662 662 2705; x_wconf 86' lang='lat' dir='ltr'><strong>inferos</strong></span> <span class='ocrx_word' id='word_1_294' title='bbox 687 2662 861 2718; x_wconf 91' lang='lat' dir='ltr'><strong>quidem</strong></span> <span class='ocrx_word' id='word_1_295' title='bbox 890 2666 1003 2706; x_wconf 85' lang='lat' dir='ltr'><strong>sorte</strong></span> <span class='ocrx_word' id='word_1_296' title='bbox 1030 2664 1244 2706; x_wconf 86' lang='lat' dir='ltr'><strong>cariturus</strong></span> <span class='ocrx_word' id='word_1_297' title='bbox 1272 2667 1382 2706; x_wconf 89' lang='lat' dir='ltr'><strong>esset</strong></span> <span class='ocrx_word' id='word_1_298' title='bbox 1399 2662 1566 2706; x_wconf 74' lang='lat' dir='ltr'><strong>divina?</strong></span> <span class='ocrx_word' id='word_1_299' title='bbox 1594 2663 1745 2720; x_wconf 84' lang='lat' dir='ltr'><strong>Ignem</strong></span> 
     </span>
     <span class='ocr_line' id='line_1_36' title="bbox 144 2732 1746 2790; baseline 0.001 -13"><span class='ocrx_word' id='word_1_300' title='bbox 144 2734 226 2778; x_wconf 91' lang='lat' dir='ltr'><strong>tibi</strong></span> <span class='ocrx_word' id='word_1_301' title='bbox 256 2734 494 2790; x_wconf 87' lang='lat' dir='ltr'><strong>praeripuit</strong></span> <span class='ocrx_word' id='word_1_302' title='bbox 527 2732 680 2776; x_wconf 88' lang='lat' dir='ltr'><strong>Decius</strong></span> <span class='ocrx_word' id='word_1_303' title='bbox 712 2732 1003 2776; x_wconf 87' lang='lat' dir='ltr'><strong>Romanorum</strong></span> <span class='ocrx_word' id='word_1_304' title='bbox 1031 2733 1131 2783; x_wconf 87' lang='lat' dir='ltr'><strong>dux,</strong></span> <span class='ocrx_word' id='word_1_305' title='bbox 1161 2735 1236 2790; x_wconf 90' lang='lat' dir='ltr'><strong>qui</strong></span> <span class='ocrx_word' id='word_1_306' title='bbox 1263 2735 1375 2776; x_wconf 86' lang='lat' dir='ltr'><strong>inter</strong></span> <span class='ocrx_word' id='word_1_307' title='bbox 1402 2733 1508 2776; x_wconf 90' lang='lat' dir='ltr'><strong>duos</strong></span> <span class='ocrx_word' id='word_1_308' title='bbox 1534 2736 1746 2778; x_wconf 87' lang='lat' dir='ltr'><strong>exercitus</strong></span> 
     </span>
     <span class='ocr_line' id='line_1_37' title="bbox 144 2804 1747 2862; baseline 0.001 -14"><span class='ocrx_word' id='word_1_309' title='bbox 144 2809 364 2849; x_wconf 78' lang='lat' dir='ltr'><strong>exstructo</strong></span> <span class='ocrx_word' id='word_1_310' title='bbox 403 2818 508 2862; x_wconf 91' lang='lat' dir='ltr'><strong>rogo</strong></span> <span class='ocrx_word' id='word_1_311' title='bbox 553 2819 601 2846; x_wconf 66' lang='lat' dir='ltr'><strong>eac</strong></span> <span class='ocrx_word' id='word_1_312' title='bbox 635 2809 721 2846; x_wconf 75' lang='lat' dir='ltr'><strong>voco</strong></span> <span class='ocrx_word' id='word_1_313' title='bbox 755 2818 799 2847; x_wconf 92' lang='lat' dir='ltr'><strong>se</strong></span> <span class='ocrx_word' id='word_1_314' title='bbox 829 2804 1077 2849; x_wconf 81' lang='lat' dir='ltr'><strong>immolavit</strong></span> <span class='ocrx_word' id='word_1_315' title='bbox 1110 2805 1297 2848; x_wconf 83' lang='lat' dir='ltr'><strong>Saturno</strong></span> <span class='ocrx_word' id='word_1_316' title='bbox 1331 2819 1406 2862; x_wconf 84' lang='lat' dir='ltr'><strong>pro</strong></span> <span class='ocrx_word' id='word_1_317' title='bbox 1438 2807 1601 2861; x_wconf 90' lang='lat' dir='ltr'><strong>patriae</strong></span> <span class='ocrx_word' id='word_1_318' title='bbox 1632 2808 1747 2862; x_wconf 89' lang='lat' dir='ltr'><strong>prin-</strong></span> 
     </span>
     <span class='ocr_line' id='line_1_38' title="bbox 146 2876 338 2934; baseline -0.005 -14"><span class='ocrx_word' id='word_1_319' title='bbox 146 2876 338 2934; x_wconf 76' lang='lat' dir='ltr'><strong>cipetu&#39;&#39;.</strong></span> 
     </span>
    </p>

    <p class='ocr_par' dir='ltr' id='par_1_10' title="bbox 147 2946 1747 3076">
     <span class='ocr_line' id='line_1_39' title="bbox 209 2946 1747 3003; baseline 0.002 -15"><span class='ocrx_word' id='word_1_320' title='bbox 209 2946 308 3000; x_wconf 73' lang='grc' dir='ltr'><strong>ὑπὲρ</strong></span> <span class='ocrx_word' id='word_1_321' title='bbox 350 2952 424 2995; x_wconf 78' lang='grc' dir='ltr'><strong>τῆς</strong></span> <span class='ocrx_word' id='word_1_322' title='bbox 468 2947 694 2996; x_wconf 69' lang='grc' dir='ltr'><strong><em>ἡγεμονίας</em></strong></span> <span class='ocrx_word' id='word_1_323' title='bbox 727 2947 800 2988; x_wconf 88' lang='lat' dir='ltr'><strong>ait.</strong></span> <span class='ocrx_word' id='word_1_324' title='bbox 846 2946 993 2989; x_wconf 87' lang='lat' dir='ltr'><strong>Nonne</strong></span> <span class='ocrx_word' id='word_1_325' title='bbox 1026 2948 1086 2989; x_wconf 91' lang='lat' dir='ltr'><strong>sic</strong></span> <span class='ocrx_word' id='word_1_326' title='bbox 1117 2960 1166 3003; x_wconf 84' lang='lat' dir='ltr'><strong>ea</strong></span> <span class='ocrx_word' id='word_1_327' title='bbox 1197 2950 1299 2990; x_wconf 89' lang='lat' dir='ltr'><strong>sunt</strong></span> <span class='ocrx_word' id='word_1_328' title='bbox 1331 2948 1458 2990; x_wconf 88' lang='lat' dir='ltr'><strong>verba</strong></span> <span class='ocrx_word' id='word_1_329' title='bbox 1488 2947 1622 2991; x_wconf 89' lang='lat' dir='ltr'><strong>latine</strong></span> <span class='ocrx_word' id='word_1_330' title='bbox 1656 2962 1747 2992; x_wconf 87' lang='lat' dir='ltr'><strong>ver-</strong></span> 
     </span>
     <span class='ocr_line' id='line_1_40' title="bbox 147 3015 1747 3076; baseline 0.001 -15"><span class='ocrx_word' id='word_1_331' title='bbox 147 3017 273 3062; x_wconf 87' lang='lat' dir='ltr'><strong>tenda</strong></span> <span class='ocrx_word' id='word_1_332' title='bbox 317 3022 366 3061; x_wconf 88' lang='lat' dir='ltr'><strong>ut</strong></span> <span class='ocrx_word' id='word_1_333' title='bbox 407 3031 487 3074; x_wconf 85' lang='lat' dir='ltr'><strong>ego</strong></span> <span class='ocrx_word' id='word_1_334' title='bbox 532 3015 670 3061; x_wconf 81' lang='lat' dir='ltr'><strong>verti?</strong></span> <span class='ocrx_word' id='word_1_335' title='bbox 713 3019 780 3059; x_wconf 89' lang='lat' dir='ltr'><strong>An</strong></span> <span class='ocrx_word' id='word_1_336' title='bbox 822 3031 996 3074; x_wconf 90' lang='lat' dir='ltr'><strong>prorsus</strong></span> <span class='ocrx_word' id='word_1_337' title='bbox 1039 3031 1164 3060; x_wconf 88' lang='lat' dir='ltr'><strong>sensu</strong></span> <span class='ocrx_word' id='word_1_338' title='bbox 1205 3032 1320 3062; x_wconf 88' lang='lat' dir='ltr'><strong>cassa</strong></span> <span class='ocrx_word' id='word_1_339' title='bbox 1363 3017 1491 3062; x_wconf 82' lang='lat' dir='ltr'><strong>sunt?</strong></span> <span class='ocrx_word' id='word_1_340' title='bbox 1523 3018 1605 3063; x_wconf 86' lang='lat' dir='ltr'><strong>Sed</strong></span> <span class='ocrx_word' id='word_1_341' title='bbox 1639 3034 1747 3076; x_wconf 90' lang='lat' dir='ltr'><strong>quae</strong></span> 
     </span>
    </p>
   </div>
  </div>
 </body>
</html>
