2002 3372
1112 213 1167 259 72

352 338 418 379 καὶ
462 338 599 390 ὀργαῖς
636 337 703 378 καὶ
739 337 960 386 σκώμμασι
995 336 1061 378 καὶ
1095 336 1298 388 λοιδορίαις
1335 337 1459 378 ἐθίσαι
1494 336 1559 378 τὸν
1594 337 1713 386 θυμὸν
1746 336 1921 390 ἡσυχίαν

351 409 470 459 άγειν
502 408 595 458 μηδ’
630 409 864 460 άσχάλλειν
898 408 946 449 ἐν
979 409 1043 458 τῷ
1077 408 1451 459 λοιδορεῖσθαι.

411 479 574 521 Ultima
620 477 822 521 vocabula
868 492 918 520 ex
965 477 1076 520 male
1121 478 1318 534 suppleta
1359 477 1508 520 lacuna
1548 480 1648 520 nata
1687 490 1776 520 esse
1813 476 1924 520 mihi

351 554 525 592 constat.
570 548 682 600 Quae
726 553 789 590 est
831 549 945 590 enim
986 549 1068 590 ista
1109 549 1392 591 ratiocinatio:
1438 547 1656 599 „Socrates
1687 561 1764 590 sua
1793 560 1924 590 uxore

350 620 547 661 utebatur
574 620 693 661 cuius
718 620 888 660 iniuriis
913 618 1147 661 alienorum
1174 619 1355 674 perferre
1381 619 1558 661 iniurias
1585 617 1784 671 disceretJ
1810 617 1925 660 haud

350 689 472 739 male,
500 688 571 730 sed
597 688 735 730 multo
763 692 944 744 praestat
971 688 1207 732 alienorum
1232 690 1409 731 iniurias
1435 689 1618 744 perferre
1645 692 1694 731 ut
1713 701 1925 732 assuescas

349 773 479 814 aequo
518 761 657 801 animo
681 759 804 816 serre
833 758 1140 802 contumelias’'?
1168 759 1275 813 *Quis
1306 774 1387 802 non
1419 759 1534 802 videt
1563 759 1632 802 hic
1663 759 1823 816 requiri
1849 763 1925 802 aut

352 831 388 871 ἕν
423 835 502 876 τοῖς
536 831 669 880 Φίλοις
703 834 777 872 aut
811 831 849 871 ἐν
881 835 972 877 ταῖς
1008 833 1138 882 φίλων
1170 828 1407 882 λοιδορίαιςῗ
1441 829 1567 872 Haud
1597 829 1711 873 mala
1740 828 1925 873 Socratis

351 903 439 941 erat
470 901 590 950 ratio,
623 899 694 942 sed
726 902 933 943 contraria
965 900 1102 943 multo
1134 904 1332 957 praestat.

408 970 466 1011 ib.
522 969 651 1012 Initio
698 972 848 1026 capitis
896 971 957 1012 IX
999 986 1111 1014 nunc
1152 973 1211 1014 sic
1253 971 1516 1027 disputatur:
1563 969 1926 1022 „mansuetudinis

350 1039 515 1082 facilius
548 1040 644 1083 dare
676 1041 927 1084 documenta
958 1046 1077 1098 potes
1108 1041 1152 1083 in
1182 1041 1408 1083 inimicitiis
1433 1045 1543 1094 (ταῖς
1573 1041 1768 1094 ἔχθραις),
1794 1042 1927 1084 animi

351 1125 449 1153 vero
492 1111 801 1167 magnitudinis
841 1113 883 1154 in
925 1113 1111 1155 amicitiis
1143 1119 1253 1164 (ταῖς
1289 1112 1483 1165 φιλίαις).
1517 1111 1627 1155 Nam
1657 1111 1761 1155 bene
1792 1110 1926 1155 facere

350 1183 485 1224 amico
527 1197 608 1225 non
649 1187 736 1225 tam
778 1183 1004 1239 pulchrum
1046 1188 1110 1226 est
1141 1197 1268 1239 quam
1300 1187 1424 1239 turpe
1456 1186 1521 1225 est
1549 1197 1633 1225 non
1662 1181 1797 1225 facere
1827 1195 1925 1225 cum
1984 1204 1987 1205 ⁷

336 1255 389 1294 .ei
430 1267 534 1309 opus
574 1253 650 1295 illa
681 1268 724 1296 re
756 1259 832 1297 est.
865 1253 947 1297 Sed
980 1254 1030 1297 de
1061 1255 1233 1297 inimico
1268 1254 1333 1296 vel
1365 1268 1543 1310 poenam
1576 1253 1772 1296 sumendi
1801 1252 1939 1296 facul-.

350 1327 481 1365 tatem
511 1325 707 1367 omittere
734 1323 851 1367 laudi
878 1325 1072 1376 habetur,
1098 1327 1134 1366 si
1161 1339 1260 1368 vero
1288 1326 1415 1367 etiam
1444 1324 1652 1367 beneficiis
1669 1337 1769 1367 eum
1785 1322 1928 1375 afficis,

349 1396 507 1436 iustam
551 1397 745 1437 omnium
785 1396 1009 1438 hominum
1052 1410 1199 1439 moves
1239 1394 1610 1438 admirationem''.
1635 1395 1717 1438 Res
1747 1407 1927 1451 ergo-eo

350 1465 459 1507 redit
491 1469 539 1507 ut
570 1465 690 1507 facile
721 1467 761 1507 in
794 1468 968 1509 inimico
999 1467 1217 1509 ostendere
1252 1468 1386 1522 possis
1420 1467 1553 1509 animi
1589 1465 1928 1522 magnitudinem

355 1535 563 1591 siquidem
605 1550 698 1578 eam
740 1538 826 1578 iam
869 1537 1052 1579 ostendis
1085 1551 1166 1579 non
1197 1536 1400 1579 sumenda
1430 1550 1577 1592 poena,
1610 1538 1655 1579 in
1687 1537 1822 1579 amico
1853 1536 1929 1579 vix

351 1605 439 1648 ullo
481 1605 606 1648 modo
648 1608 795 1661 possis,
839 1607 1061 1662 siquidem,
1089 1621 1186 1649 cum
1219 1609 1515 1663 turpissimum
1549 1608 1818 1650 existimetur
1845 1619 1930 1648 non

351 1677 453 1719 bene
485 1676 617 1718 facere
649 1679 796 1727 amico,
830 1679 899 1719 cui
931 1677 1091 1720 auxilio
1125 1692 1229 1734 opus
1261 1682 1336 1729 est,
1369 1691 1494 1720 nemo
1526 1682 1568 1719 te
1598 1676 1788 1727 laudabit
1815 1674 1928 1732 quod

351 1748 390 1789 ei
422 1747 523 1788 bene
554 1746 712 1796 feceris,
745 1749 837 1802 ipsa
870 1749 982 1789 enim
1015 1762 1081 1790 res
1109 1752 1150 1790 te
1177 1748 1309 1790 facere
1334 1747 1539 1803 loquitur.
1570 1746 1627 1789 Et
1651 1747 1928 1790 verissimum

348 1816 459 1859 illud
470 1831 480 1868 ;
524 1821 573 1858 ut
614 1818 757 1872 paucis
801 1818 937 1860 verbis
971 1819 1133 1861 dicam:
1168 1817 1285 1860 nulla
1317 1821 1380 1860 est
1409 1819 1541 1860 animi
1573 1816 1824 1874 magnitudo
1856 1818 1925 1860 ad-

349 1902 481 1929 versus
507 1888 681 1938 amicum,
711 1888 781 1930 sed
809 1892 871 1930 est
890 1888 1184 1932 tantummodo
1200 1890 1389 1930 adversus
1405 1887 1618 1931 inimicum.
1645 1887 1740 1944 Ipse
1754 1887 1930 1931 illorum

350 1958 652 2001 vocabulorum
686 1973 792 2014 quae
825 1964 925 2001 sunt
955 1961 1080 2001 animi
1110 1960 1337 2013 maqnitudo
1370 1973 1470 2001 usus
1503 1963 1641 2002 certus
1667 1961 1709 2001 et
1736 1962 1930 2002 constans

348 2029 458 2071 illud
486 2029 617 2071 docet.
651 2029 799 2072 Nonne
832 2045 933 2087 ergo
965 2030 1059 2074 luce
1092 2036 1154 2073 est
1186 2030 1340 2073 clarius
1371 2029 1572 2073 vocabula
1604 2029 1764 2081 ἔχθραις
1794 2033 1840 2072 et
1863 2035 1930 2080 Φι-

349 2100 455 2145 λίαις
498 2099 638 2141 locum
681 2101 792 2142 inter
835 2115 877 2142 se
918 2105 1083 2143 mutare
1125 2099 1299 2143 debere?
1341 2099 1388 2142 In
1428 2101 1668 2142 inimicitiis
1707 2099 1825 2143 locus
1866 2104 1930 2143 est

349 2170 638 2227 magnitudini
671 2172 815 2221 animi,
849 2173 890 2213 in
924 2173 1125 2214 amicitiis
1157 2171 1455 2214 tantummodo
1487 2170 1816 2213 mansuetudini.

410 2240 490 2283 Sed
520 2243 611 2283 iure
643 2241 894 2283 admirantur
925 2256 1070 2284 omnes
1097 2246 1139 2284 et
1164 2241 1267 2284 alios
1294 2243 1367 2297 qui
1393 2241 1592 2284 beneficia
1618 2245 1831 2297 praestant
1854 2242 1930 2283 ini-

350 2313 470 2354 micis
512 2316 552 2354 et
594 2312 658 2353 τὸν
694 2344 702 2353 .
723 2344 731 2354 .
754 2344 762 2353 .
797 2314 936 2354 παισὶν
977 2314 1117 2366 ἐχθροῦ
1154 2313 1220 2354 καὶ
1254 2314 1406 2359 οἷκείοις
1442 2313 1703 2364 πραγμάτων
1735 2312 1774 2354 ἐν
1805 2312 1926 2366 χρείᾳ

349 2383 574 2434 γενομένοις
607 2383 779 2430 σπουδήν
814 2400 902 2424 τινα
936 2384 1003 2425 καὶ
1037 2385 1256 2435 προθυμίαν
1290 2383 1573 2434 ἐνδειξάμενον.

410 2452 629 2509 Trygaeus
671 2452 745 2495 ille
787 2454 1118 2510 Aristophaneus
1159 2455 1242 2497 fuit
1273 2456 1315 2497 οὐ
1349 2453 1606 2507 συκοφάντης
1641 2453 1719 2495 οὐδ’
1754 2453 1922 2505 ἐραστὴς

351 2523 623 2574 πραγμάτων.
656 2523 743 2565 Alii
775 2528 917 2566 amant
947 2526 1118 2581 negotia
1149 2526 1195 2577 (i.
1213 2539 1247 2567 e.
1281 2524 1378 2567 lites
1410 2528 1452 2567 et
1478 2519 1666 2576 iudicia),
1693 2523 1765 2566 sed
1791 2523 1929 2566 homi-

348 2608 445 2635 nem
487 2595 554 2635 cui
597 2609 693 2647 opus
734 2596 786 2636 iis
817 2595 960 2649 fuerit
1001 2610 1125 2638 nemo
1168 2595 1276 2638 vidit
1310 2609 1512 2651 unquam.
1547 2595 1716 2651 Repone
1746 2594 1804 2647 id,
1840 2609 1924 2651 quo

350 2666 590 2720 saepissime
618 2678 722 2720 opus
750 2668 813 2707 est
839 2666 1105 2718 mortalibus,
1134 2670 1176 2709 et
1199 2668 1243 2708 in
1271 2681 1353 2722 quo
1378 2668 1521 2722 ipsum
1545 2665 1655 2708 illud
1681 2679 1790 2719 opem
1806 2666 1928 2721 ferre

350 2749 476 2776 suum
502 2736 583 2777 sibi
610 2736 736 2778 habet
760 2735 902 2778 locum
926 2741 1090 2779 certum
1115 2737 1465 2794 legitimumque:
1493 2737 1717 2790 χρημάτων
1744 2735 1922 2790 (Mnem.

355 2804 482 2854 1908,
517 2805 636 2857 210).

412 2874 463 2915 91
486 2875 520 2915 Α
563 2875 804 2931 Praecepti:
849 2877 929 2918 οὐδ’
972 2878 1134 2919 ἐπαίνου
1174 2880 1362 2928 Φειστέον
1395 2877 1480 2919 οὐδὲ
1510 2881 1629 2925 τιμῆς
1663 2876 1749 2928 περ)
1784 2876 1920 2928 άνδρὸς

351 2943 490 2996 ἐχθροῦ
524 2943 683 2991 δικαίως
719 2947 1052 2995 εὐδοκιμήσαντος
1085 2947 1164 2990 hoc
1196 2947 1314 2990 affert
1346 2950 1672 3004 argumentum:
