2002 3372
1083 237 1168 281 306

341 377 414 406 nos
456 362 619 405 tradere
651 361 898 418 rogantibus
930 361 1023 416 (qui
1052 374 1175 416 saepe
1207 363 1308 403 sunt
1339 360 1627 417 impudentes)
1658 374 1814 418 eosque
1843 359 1913 404 ad-

343 436 489 478 iuvare
515 436 560 475 in
586 433 706 476 nobis
733 430 977 474 deiiciendis
1002 431 1413 484 (συνεκτοιπεινοῦν).”
1442 430 1513 474 Sic
1529 433 1643 474 enim
1658 435 1770 476 recte
1781 432 1914 476 homo

340 507 469 547 nimis
510 503 770 548 verecundus
811 505 1078 558 comparatur
1117 516 1216 545 cum
1258 501 1593 559 Bellerophontis
1634 516 1756 559 equo,
1787 514 1938 559 quem'

341 575 512 618 domino
546 588 620 616 suo
650 575 763 616 iusto
795 573 934 629 magis
966 571 1200 615 obedivisse
1231 576 1354 628 poeta
1384 572 1504 615 dixit.

401 718 533 762 529F
574 717 684 762 Cum
717 717 872 775 aspide,
906 730 1034 773 quam
1065 716 1144 760 Isis
1176 717 1442 760 Bocchoridis
1474 718 1559 760 viri
1589 716 1686 760 duri
1709 718 1916 775 imposuit

340 791 482 846 capiti,
510 791 778 844 comparatur
804 790 826 838 ἡ
857 787 1040 830 δυσωπίοι
1066 793 1147 834 τοῖς
1175 788 1328 835 ἀτόνοις
1357 789 1425 830 καὶ
1454 787 1656 840 ἀνάνδροις
1682 788 1913 839 ἐπικειμένη

340 861 409 903 καὶ
443 860 537 912 πρὸς
570 860 693 910 μηδὲν
719 860 939 901 οὶνοινεῦσαι
972 859 1067 909 μηδ’
1101 859 1307 901 ἀντειπεῖν
1337 858 1556 911 ἰσχύουσα.

399 931 462 974 Ne
494 933 608 974 iusto
639 932 779 987 magis
804 929 1010 973 claudicet
1036 931 1308 986 comparatio,
1333 929 1429 986 lege
1456 933 1531 972 aut
1557 929 1799 982 παρέχουσα
1825 932 1914 981 aut,

340 1002 451 1058 quod
483 1005 694 1059 praestare
727 1001 912 1052 videtur,
945 1000 1106 1044 διδοῦσα
1137 1000 1308 1044 aliudve
1339 999 1595 1044 vocabulum
1625 1002 1669 1043 in
1701 1013 1795 1043 eam
1825 1013 1915 1043 seu-

339 1074 532 1117 tentiam.

401 1208 534 1252 530ss
568 1210 589 1258 ἦ
618 1207 802 1251 δυσωπία
836 1206 1373 1259 προσδιαφθείρουσοι
1405 1206 1460 1248 τὸ
1484 1205 1792 1249 ἀκόλαστον
1819 1205 1916 1249 duo-

340 1297 449 1334 χυρα
485 1281 625 1322 πάντα
659 1312 668 1322 .
689 1312 698 1322 .
718 1311 727 1321 .
747 1311 757 1322 .
790 1278 996 1331 προδίδωσι
1029 1283 1109 1324 τοῖς
1143 1276 1445 1327 ἐπιτιθεμένοις.

399 1351 534 1394 Sensu
565 1364 680 1394 cassa
711 1350 812 1393 haec
844 1353 1130 1405 (corrumpere
1163 1350 1276 1391 enim
1309 1347 1421 1404 quod
1451 1351 1698 1404 corruptum
1722 1347 1812 1391 iam
1836 1350 1915 1399 est,

339 1422 724 1478 intemperantiam,
757 1419 866 1462 nihil
896 1419 979 1462 dici
1009 1423 1165 1475 potest)
1194 1421 1238 1462 in
1270 1420 1491 1476 integrum
1521 1417 1770 1475 Madvigius
1799 1417 1916 1461 resti-

341 1495 426 1535 tuit
465 1492 646 1549 legendo
688 1490 1036 1543 προδιαφθείρασοι
1080 1493 1149 1532 τοῦ
1191 1490 1437 1541 ἀκολάστου,
1470 1503 1546 1546 pro
1579 1502 1662 1545 quo
1692 1502 1767 1532 cur
1792 1486 1916 1532 malit

340 1564 389 1606 Β.
423 1563 783 1615 προδιαφθείρουσα
815 1564 885 1603 τοῦ
919 1559 1151 1603 ἀκολάστου
1183 1575 1266 1603 11011
1298 1560 1444 1603 video:
1475 1561 1664 1616 primum
1691 1560 1806 1603 enim
1832 1573 1916 1603 cor-

340 1635 518 1690 rumpit,
544 1633 693 1676 deinde
719 1635 966 1688 corruptum
994 1631 1123 1674 tradit
1147 1631 1370 1686 proditque
1397 1630 1602 1674 hostibus.
1632 1629 1724 1673 Hoc
1751 1643 1916 1687 quoque

340 1709 452 1748 recte
493 1704 554 1746 M.
599 1703 711 1759 quod
753 1703 896 1745 hiatus
937 1702 1005 1744 hic
1035 1700 1198 1744 nullam
1231 1701 1383 1744 habuit
1413 1702 1634 1743 rationem.
1668 1700 1773 1753 Quis
1801 1701 1915 1744 enim

341 1777 462 1818 anxie
493 1775 636 1817 hiatus
669 1775 824 1817 vitasse
856 1772 1138 1815 Plutarchum
1165 1771 1305 1815 credat
1329 1773 1374 1814 in
1397 1785 1444 1814 eo
1469 1771 1578 1814 libro
1602 1772 1646 1813 in
1673 1785 1757 1827 quo
1783 1772 1916 1820 nimia

340 1846 416 1888 illa
456 1845 678 1902 diligentia
719 1846 820 1887 satis
862 1844 1006 1886 acerbe
1048 1844 1359 1899 perstringatur
1399 1842 1513 1885 hisce
1543 1841 1651 1895 (534
1667 1841 1743 1895 F):
1791 1841 1914 1888 ἐνίους

341 1919 440 1968 γοῦν
480 1916 628 1968 ὁρῶμεν
667 1915 753 1958 οὐδὲ
798 1915 996 1967 φωνήεντι
1030 1917 1275 1967 συγκροῦσαι
1308 1918 1466 1966 Φωνῆεν
1498 1913 1538 1954 ἐν
1568 1913 1622 1965 τῷ
1654 1911 1792 1964 λέγειν
1825 1912 1916 1955 ὑπο·

341 1985 564 2038 μένονταςῖ

403 2132 538 2175 5311)
585 2132 663 2185 Qui
698 2133 827 2175 etiam
857 2133 901 2174 in
933 2133 1075 2188 parvis
1105 2130 1344 2174 adsueverit
1374 2128 1483 2172 nihil
1515 2128 1651 2172 dicere
1681 2126 1752 2173 vel
1781 2129 1915 2172 facere

341 2206 485 2246 contra
516 2216 637 2245 suam
670 2203 911 2258 opinionem
943 2203 1012 2244 οὐκ
1045 2201 1156 2244 ἐάσει
1188 2199 1311 2252 μέχρι
1343 2199 1486 2242 τούτου
1517 2199 1722 2250 προελθεῖν
1751 2198 1832 2242 οὐδ’
1864 2199 1915 2241 εἶ-

341 2279 431 2316 πεῖν
469 2274 563 2325 πρὸς
606 2273 671 2315 τὸν
706 2274 744 2315 ἐν
778 2272 935 2319 ἐκείνοις
968 2273 1253 2320 ἀδυσώπητον·
1289 2269 1462 2322 „moeror
1495 2270 1590 2321 ὑπὲρ
1622 2270 1722 2320 ἐμοῦ
1753 2269 1822 2312 καὶ
1858 2269 1913 2312 τὰ

340 2344 474 2398 ψευδῆ
505 2345 758 2396 μαρτύρησον
792 2343 859 2385 καὶ
893 2343 1106 2394 ἀπόφηναι
1139 2358 1253 2394 παροι
1285 2340 1330 2383 τὸ
1361 2339 1555 2384 sinam?

401 2415 583 2458 Minime
623 2415 692 2457 hic
734 2414 931 2471 equidem
972 2428 1069 2457 eum
1111 2413 1275 2456 Nabero
1318 2410 1413 2463 πρός
1457 2410 1596 2454 delere
1628 2409 1781 2454 velim.
1815 2370 1915 2453 talia

341 2485 554 2543 postulare
593 2485 771 2542 fingitur
811 2484 1085 2538 αναίσχυντός
1127 2499 1190 2531 τις
1232 2486 1274 2526 et
1315 2481 1530 2539 postulare
1571 2481 1743 2538 quidem
1783 2481 1835 2524 ab
1858 2494 1914 2524 eo

342 2559 414 2613 qui
446 2558 531 2599 iam
563 2558 608 2599 in
639 2557 763 2599 rebus
794 2556 1030 2599 minoribus
1063 2569 1106 2597 se
1140 2554 1402 2601 ἀδύσωπητον
1430 2554 1475 2606 (i.
1495 2566 1530 2595 e.
1560 2566 1657 2595 eum
1685 2552 1758 2608 qui
1783 2551 1915 2593 nimia
1976 2588 1979 2592 .

341 2627 593 2671 verecundia
622 2641 705 2670 non
735 2626 913 2680 laboret)
943 2626 1215 2683 praestiterit.
1250 2623 1472 2667 Obiectum
1502 2623 1623 2666 verbi
1655 2621 1766 2664 ἐάσει
1792 2619 1914 2664 facile

341 2698 563 2755 suppletur
594 2713 616 2741 e
647 2699 816 2742 vicinia.

403 2840 538 2882 531ss
587 2838 697 2883 Cum
741 2838 986 2883 Gasaubono
1026 2837 1319 2894 impudentem
1362 2835 1488 2878 illum
1529 2833 1799 2885 mendicum,
1841 2832 1915 2888 qui

342 2913 555 2967 Antigono
594 2912 767 2966 negotia
808 2910 1061 2959 exhibuerit,
1102 2922 1183 2950 non
1225 2907 1419 2949 Biantem
1461 2906 1598 2948 nescio
1629 2917 1755 2960 quem
1784 2902 1914 2947 fuisse

342 2983 500 3036 opinor,
530 2981 601 3023 sed
628 2981 803 3023 Bionem
831 2980 958 3022 illum
984 2979 1357 3036 Borysthenitam„
1367 2978 1440 3032 qui
1457 2990 1538 3018 non
1553 2974 1726 3018 acerbus
1742 2972 1912 3029 quidem
