1930 3354
1053 290 1138 334 612

375 409 536 455 11300
568 411 678 454 Tum
702 411 777 453 ἀπ’
793 408 926 459 ἄλλης
955 411 1086 464 ἀρχῆς
1113 413 1489 469 (quemadmodum
1513 415 1603 471 ipse
1628 413 1883 507 Plutarchus

311 481 427 538 loqui
460 481 582 535 solet)
614 483 673 524 sic
703 482 866 538 pergit:
1786 514 1789 518 ,

369 553 497 594 καίτοι
529 558 600 601 τῆς
634 569 685 603 γε
719 551 833 603 δόξης
867 551 934 595 κω)
969 556 1039 595 τοῦ
1071 550 1174 597 εἶναι
1208 556 1332 606 Φύσιν
1366 555 1545 606 εὐσεβῶν
1576 560 1704 610 χῶρον

310 624 520 678 (sequitur
558 622 673 665 locus
714 627 861 679 poetae
903 637 985 680 quo
1027 614 1247 668 beatorum
1285 625 1535 670 describitur
1563 619 1720 680 sedes'j
1723 628 1780 671 in
1791 640 1882 684 quo

309 707 407 735 cum
449 692 702 736 Ruhnkenio
743 693 1019 746 εὖκοέρπων
1050 695 1124 745 μὲν
1155 696 1326 749 ἀνθηρῶν
1357 696 1426 739 καὶ
1459 697 1707 779 συσκίων·
1717 689 1883 752 Ἦνδρων

306 767 370 806 est
401 762 630 820 legendum
662 779 737 820 pro
770 765 963 815 α’κοὶρπων
994 768 1035 809 81
1067 767 1264 822 σκυθίων).
1592 807 1594 809 ,
1644 781 1646 783 ·
1724 779 1726 782 ’
1773 779 1777 784 ’

366 833 551 891 Egregie
582 834 803 878 Plutarchi
834 849 1011 879 manum
1041 839 1232 896 restituit
1263 838 1572 883 Herwerdenus
1602 852 1678 897 pro
1705 838 1778 883 κα1
1811 841 1881 883 τοῦ

306 900 406 946 εἶναι
438 909 562 956 Φυσιν
595 904 775 962 legendo
808 901 930 949 ἆθλον
962 904 1066 951 εἶναί
1097 913 1239 959 Φασιν.
1690 919 1692 923 “

365 974 513 1032 Neque
543 977 687 1019 minus
720 979 892 1034 egregie
923 979 1151 1034 sequentia,
1184 994 1289 1036 quae
1321 995 1432 1023 nunc
1461 983 1655 1038 corrupta
1679 979 1882 1024 81180018

305 1046 677 1100 circumferuntur,
719 1047 832 1091 idem
877 1050 937 1091 sic
979 1051 1167 1094 sanavit:
1211 1050 1280 1093 καὶ
1314 1050 1532 1105 διατριβὰς
1565 1049 1703 1106 ἔχουσι
1734 1051 1882 1106 (beati)

304 1116 487 1168 μνήμαις
515 1118 582 1160 καὶ
612 1118 752 1170 λόγοις
781 1123 856 1162 τῶν
889 1121 1117 1171 γεγονότων
1145 1122 1214 1164 καὶ
1245 1120 1364 1165 ὄντων
1391 1122 1480 1176 πέρι
1506 1122 1716 1176 τέρποντες
1734 1121 1882 1170 abraba

305 1186 373 1229 καὶ
408 1188 604 1235 συνόντες.

364 1257 522 1302 Statim
570 1261 815 1316 opponitur:
865 1262 887 1311 ἦ
937 1261 977 1304 δὲ
1025 1262 1137 1313 τρίτη
1186 1267 1263 1306 τῶν
1304 1264 1469 1311 ἀνοσίως
1508 1263 1770 1316 βεβιωκότων
1809 1263 1880 1308 καὶ

304 1329 547 1381 παρανόμων
590 1330 674 1378 ὁδός
717 1331 825 1374 ἐστιν
869 1332 924 1379 εἷς
971 1330 1108 1384 ἔρεβός
1154 1349 1192 1376 τι
1241 1333 1310 1376 καὶ
1359 1334 1558 1388 βάραθρον
1605 1336 1757 1379 ὦθοῢᾶα
1802 1335 1880 1382 τὰς

303 1400 466 1452 ψυχάς»
1780 1417 1782 1419 ’

363 1470 445 1513 Sed
489 1471 540 1515 de
575 1472 696 1514 tertia
727 1473 910 1529 quadam
941 1475 1012 1517 via
1043 1474 1113 1517 hic
1145 1488 1282 1518 sermo
1314 1489 1402 1518 esse
1432 1477 1593 1535 nequit.
1635 1475 1770 1537 Lege
1780 1490 1880 1520 oum

303 1540 548 1585 Hermanno
591 1543 613 1591 ἧ
653 1542 696 1585 δέ
727 1559 779 1595 γε
810 1558 885 1601 pro
918 1545 940 1594 ἦ
973 1544 1013 1587 δὲ
1046 1544 1173 1596 τριᾝτη
1208 1544 1320 1588 Tum
1354 1545 1501 1603 quidni
1531 1560 1606 1605 pro
1636 1547 1879 1599 παρανόμων

302 1611 440 1655 multo
471 1612 708 1670 elegantius
739 1613 982 1666 παρανόμως
1016 1615 1273 1659 scribamus?
1303 1616 1524 1661 Postremo
1556 1634 1602 1661 τε
1633 1618 1790 1663 rectius
1818 1620 1880 1665 vi-

304 1683 428 1726 detur
459 1698 587 1740 quam
621 1700 673 1728 τι.

365 1825 525 1869 1130E
567 1826 783 1870 Malorum
822 1842 955 1884 poena
995 1832 1058 1871 est
1089 1833 1300 1877 παντελῶς
1332 1830 1570 1882 ἀφανισμὸς
1601 1827 1645 1878 ὃς
1668 1829 1793 1885 ,αἴρων
1822 1831 1878 1878 εἰς

302 1897 369 1939 τὸν
400 1897 550 1947 ἀμειδῆ
582 1897 768 1948 ποταμὸν
798 1899 917 1954 [ἀπὸ]
944 1903 1015 1946 τῆς
1048 1899 1171 1949 λήθης
1198 1898 1486 1952 καταποντίζει
1512 1917 1571 1949 εις
1597 1899 1782 1951 ἄβυσσον
1805 1902 1876 1945 καὶ

301 1967 460 2019 ἀχανὲς
492 1965 691 2020 πέλαγος,
725 1971 959 2023 ἀχρηστίαν
990 1969 1059 2012 καὶ
1093 1968 1300 2023 ἀπραξίαν
1331 1986 1400 2013 και
1434 1972 1578 2027 πᾶσαν
1610 1969 1800 2028 ἄγνοιαν
1807 1971 1876 2015 καὶ

303 2036 470 2087 ἀδοξίαν
500 2038 860 2090 συνεφελκόμενον.
1806 2079 1810 2088 2

363 2107 534 2164 Optimo
565 2111 658 2152 iure
690 2110 774 2152 ἀπό
805 2109 930 2162 delet,
964 2115 1157 2167 recteque
1190 2126 1231 2159 ος
1260 2112 1411 2155 inserit
1441 2115 1537 2156 ante
1569 2110 1685 2166 αἴρων
1716 2111 1765 2157 Β.
1795 2126 1879 2157 rec-

303 2180 390 2222 tius
432 2193 560 2235 quam
600 2180 651 2224 R.
696 2182 770 2237 qui
812 2180 930 2232 αἴρων
1069 2181 1136 2224 καὶ
1182 2181 1487 2236 καταποντίζων
1528 2185 1737 2249 proponit,
1779 2197 1877 2242 nam

301 2250 648 2302 συνεφελκόμενον
689 2252 956 2295 referendum
999 2256 1063 2295 est
1104 2252 1156 2296 ad
1199 2252 1408 2304 ποταμόνε
1460 2252 1575 2297 idem
1606 2246 1680 2299 ille
1719 2237 1878 2305 fluvius

300 2321 385 2363 ista
417 2322 559 2364 omnia
590 2336 734 2364 secum
763 2323 845 2365 fert
876 2324 921 2365 iu
951 2322 1059 2365 illud
1090 2322 1279 2380 pelagus.
1743 2363 1745 2366 .

361 2392 456 2448 Age
498 2394 582 2435 iam
615 2394 759 2449 ipsum
792 2393 990 2437 libellum
1021 2393 1192 2451 perlege
1224 2396 1257 2437 si
1294 2393 1452 2438 Graece
1481 2395 1578 2448 scis,
1609 2379 1688 2453 aut
1713 2380 1751 2438 81
1781 2394 1876 2442 Bel-

301 2463 395 2518 gice
437 2464 517 2505 8018
560 2463 630 2506 8οᾱ
670 2461 827 2507 Graece
858 2466 1006 2516 nescis,
1040 2479 1178 2507 meam
1210 2466 1627 2521 interpretationem:
1658 2464 1875 2523 intelliges

301 2534 563 2589 scriptorem,
597 2537 793 2590 quamvis
826 2535 1233 2579 verecundissimum
1265 2550 1309 2579 se
1340 2536 1408 2579 1110
1439 2536 1647 2594 Ρ13011001,
1677 2536 1729 2580 ab
1759 2537 1875 2597 omni

300 2605 543 2659 arrogantia
575 2604 898 2657 alienissimum,
931 2605 1069 2649 lenem
1095 2605 1394 2662 placidumque
1421 2610 1464 2665 et
1489 2599 1722 2664 delectandi
1738 2619 1874 2666 ⁸quam

303 2673 477 2717 docendi
523 2675 725 2731 cupidum
772 2678 925 2733 magis,
973 2681 1114 2719 tamen
1161 2677 1268 2719 hanc
1315 2690 1481 2733 quoque
1527 2676 1708 2733 opellam
1753 2668 1874 2720 suam

300 2758 486 2800 sperasse
539 2744 698 2789 lectum
750 2748 804 2789 iri
851 2748 901 2790 ab
947 2748 1145 2790 omnibus
1195 2749 1269 2804 qui
1317 2748 1408 2790 toto
1458 2748 1637 2804 imperio
1685 2746 1874 2791 Romano

301 2814 447 2858 darent
479 2830 649 2872 operam
680 2817 984 2873 philosophiae,
1017 2817 1165 2870 literis,
1197 2819 1316 2861 bonis
1345 2818 1523 2870 artibus,
1549 2820 1796 2874 praesertim
1821 2819 1874 2862 ab

298 2884 418 2929 illius
448 2887 619 2943 imperii
650 2888 833 2931 dominis
863 2890 979 2944 ipsis.
1015 2888 1134 2941 Quod
1164 2890 1276 2932 inter
1305 2903 1496 2932 summos
1529 2890 1641 2932 viros
1667 2887 1874 2933 Camillus
1920 2902 1921 2906 ¹

299 2955 368 2997 hic
395 2962 763 3009 commemoratur,
791 2960 860 3000 cui
882 2958 1143 3014 Capitolium
1170 2959 1362 3002 debuerit
1383 2958 1579 3010 salutem,
1602 2960 1873 3016 aptissimum

299 3030 362 3067 est
398 3026 449 3068 ad
482 3030 622 3069 totum
653 3027 813 3071 librum
847 3029 1226 3072 commendandum
1258 3031 1518 3086 imperatori,
1552 3030 1873 3087 magistratibus
1919 3059 1922 3063 »
