2002 3372
905 150 962 194 87

129 274 252 321 cendi
295 276 420 320 vim.›
443 274 570 318 Certe
601 273 654 318 ad
685 273 768 317 alia
801 276 1128 330 properantibus
1164 278 1256 319 viae
1291 278 1508 334 praebebit
1539 293 1732 334 compen-

62 407 63 410 *
128 345 269 395 dium.
298 345 356 393 Et
385 347 549 390 interea
580 344 686 388 alias
717 359 884 402 quoque
916 346 1122 402 quasdam
1155 350 1288 391 nostri
1319 350 1504 406 ineptias
1538 349 1733 392 observa-

128 417 273 467 umus
302 430 408 475 quas
439 431 525 461 non
555 418 724 461 notavit
757 415 1067 460 Volkmannus.

134 489 228 537 ‘zAj
269 503 312 547 p.
347 487 483 532 102ss
520 488 646 532 Nunc
689 502 788 531 cum
827 490 914 532 iam
958 494 1129 546 tempus
1168 490 1325 534 doloris
1359 492 1425 533 tui
1455 492 1730 535 acerbitatem

128 561 356 618 mitigavit
381 561 520 608 καλῶς
551 558 662 612 ἔχειν
692 560 905 611 ὑπέλαβον
935 562 1011 602 τῶν
1039 563 1386 612 παραμυθητικῶν
1403 579 1462 604 σοι
1482 563 1729 612 μεταδοῦναι

126 630 263 684 λόγων
294 632 325 675 1.
342 645 379 675 0.
411 645 434 674 0
466 632 602 688 copia,
644 645 775 688 quam
818 645 871 674 ex
912 632 992 675 hoc
1032 646 1189 689 genere
1230 633 1399 690 collegi,
1444 635 1522 677 tibi
1563 639 1727 691 partem

126 701 341 760 quandam
373 702 494 747 dabo.
527 701 584 745 Et
617 702 839 746 videamus
871 703 974 760 qnid
1007 706 1200 761 primum
1233 710 1421 762 promat:

430 777 574 827 ψυχῆς
609 773 796 823 νοσούσης
829 775 928 817 εἰσὶν
962 776 1090 828 ιάτροι
1125 778 1256 828 λόγοι,

431 861 530 888 οταν
561 862 622 893 τις
657 847 696 888 ἐν
729 849 852 899 καιρῷ
886 863 936 898 γε
970 847 1197 901 μαλθάσσῃ
1229 849 1340 900 κέαρ.

51 927 57 938 ”
123 915 195 965 §io
233 917 323 961 iam
364 917 418 960 ab
459 918 585 960 initio
629 931 672 960 se
713 917 874 961 indicat
915 917 1052 961 aliena
1083 919 1313 976 compilare
1345 922 1510 963 scrinia.
1545 921 1640 964 Non
1675 937 1727 964 ex

123 988 219 1044 ipso
256 987 471 1046 Aeschylo
514 988 587 1032 sed
625 1003 674 1032 ex
721 988 864 1046 aliqua
908 991 1232 1046 proverbiorum
1274 990 1520 1035 collectione
1561 993 1729 1036 sublata

123 1058 227 1109 haec
257 1058 331 1104 vel
361 1073 448 1103 11113
478 1059 690 1117 particula
721 1076 773 1111 γε
807 1060 1003 1114 declarat,
1038 1075 1146 1117 quae
1172 1062 1286 1118 apud
1313 1064 1527 1120 tragicum
1553 1067 1726 1122 egregie

122 1131 312 1188 ponitur,
355 1131 428 1174 sed
470 1131 552 1183 hic,
595 1132 669 1174 ubi
711 1132 1043 1189 haudquaquam
1075 1138 1250 1189 apparet
1281 1149 1328 1176 ex
1359 1134 1619 1177 altercatione
1648 1136 1724 1179 hos

120 1215 213 1249 esse
252 1216 418 1256 versus,
455 1202 641 1246 alterum
675 1203 843 1256 Oceani,
877 1202 1063 1247 alterum
1096 1204 1358 1257 Promethei,
1393 1207 1496 1248 satis
1528 1207 1723 1250 absurde.

119 1273 275 1325 Simile
299 1273 464 1332 aliquid
490 1276 622 1318 etiam
650 1290 691 1332 p.
714 1274 847 1319 107ss
873 1275 966 1318 fieri
994 1275 1205 1319 videmus.
1235 1275 1432 1319 Oitantur
1450 1290 1500 1319 ex
1516 1276 1723 1334 Euripide

120 1359 292 1390 vorsus:

427 1417 482 1461 τὰ
516 1417 642 1467 θνητοὶ
677 1417 898 1470 πράγματ’
930 1415 1044 1466 οἶδας
1080 1415 1124 1461 ἣν
1158 1417 1248 1471 ἔχει
1282 1417 1432 1471 φύσινζ,

429 1489 527 1532 δοκῶ
560 1490 635 1539 μὲν
667 1489 735 1532 οὔ·
771 1489 890 1531 πόθεν
920 1490 1030 1542 γοὶρς
1064 1490 1164 1531 ἀλλ’
1197 1489 1320 1532 ἄκουέ
1353 1505 1446 1540 μου.
1525 1543 1540 1552 ,

141 1559 512 1613 „Facetissimum
554 1560 668 1604 hunc
709 1564 858 1617 poetae
897 1562 1052 1617 tragici
1082 1560 1240 1612 locum,
1274 1561 1350 1604 ubi
1382 1560 1590 1604 Hercules
1623 1576 1722 1617 sup-

113 1635 249 1690 ‹potus
286 1630 468 1680 Admeti
507 1645 682 1675 servum
725 1646 774 1675 ea
814 1634 1045 1690 gravitate,
1086 1647 1193 1688 quae
1226 1633 1442 1676 ebriorum
1477 1647 1567 1676 esse
1598 1632 1720 1684 solet,

118 1702 355 1761 alloquitur
385 1705 482 1760 quis
514 1704 576 1746 sic
606 1717 630 1746 a
662 1717 739 1746 suo
770 1708 972 1746 contextu
1005 1703 1206 1747 avulsum
1239 1703 1485 1762 intelligere
1518 1702 1681 1761 potest?

134 1805 146 1816 1»
178 1774 216 1819 Β
239 1773 385 1821 Α105Β
425 1774 641 1828 ὑπερφυῶς
675 1775 715 1816 δὲ
749 1775 948 1825 Φαίνεται
983 1775 1072 1827 περὶ
1107 1776 1180 1823 τὴν
1209 1777 1473 1827 παραμυθίαν
1503 1777 1520 1819 ὁ
1551 1776 1720 1825 ποιητὴς

115 1845 357 1899 εὐδοκιμεῖν.
385 1845 530 1896 Habet
555 1859 632 1888 cur
657 1845 846 1902 gaudeat
873 1846 1091 1890 Homerus
1118 1848 1188 1889 cui
1214 1861 1238 1890 a
1265 1851 1353 1890 tam
1381 1848 1532 1891 idoneo
1549 1852 1722 1892 auctore

114 1919 310 1976 primum
337 1918 383 1961 in
415 1915 658 1961 consolandi
689 1916 914 1974 disciplina
947 1919 1163 1961 tribuatur
1196 1921 1450 1976 praemium.
1485 1920 1549 1964 Ne
1578 1925 1722 1964 tamen

115 1989 281 2034 invidia
326 1992 578 2046 torqueatur
625 1989 739 2046 apud
784 1989 942 2032 inferos
989 1990 1217 2042 Hesiodus,
1261 1996 1356 2048 post
1399 1992 1626 2035 duodecim
1669 2007 1722 2035 ex

117 2060 309 2113 Homero
341 2062 495 2105 citatos
526 2074 676 2105 versus
708 2061 811 2104 haec
843 2061 984 2104 addit:
1019 2061 1037 2103 ὂ
1070 2063 1110 2104 δὲ
1141 2063 1253 2114 μετὰ
1282 2066 1422 2106 τοῦτον
1450 2065 1518 2106 καὶ
1549 2071 1599 2117 τῇ
1629 2064 1722 2116 δόξῃ

115 2132 185 2182 καὶ
216 2134 276 2186 τῷ
306 2132 453 2187 χρόνῳ,
487 2133 622 2174 καίτοι
656 2134 732 2175 τῶν
765 2137 935 2175 Μουσῶν
965 2134 1222 2185 ἀναγορεύων
1249 2134 1390 2177 ἑαυτὸν
1419 2137 1607 2185 μαθητήν
1636 2137 1721 2178 κτὲ.

177 2202 212 2248 G
249 2202 381 2247 105F
425 2201 600 2246 Hesiodi
643 2202 787 2246 locum
826 2204 929 2247 haec
961 2206 1204 2261 excipiunt:
1238 2206 1636 2258 ἀπηρτημένως
1669 2209 1720 2250 δὲ

115 2274 337 2327 τούτοις
381 2274 399 2316 ὅ
444 2274 620 2324 κωμικός
668 2274 754 2316 ἐπὶ
801 2279 877 2316 τῶν
913 2275 1223 2318 δυσπαθούντων
1258 2277 1342 2319 ἐπὶ
1380 2284 1474 2325 ταῖς
1509 2280 1720 2325 τοιαύταις

119 2351 354 2400 συμφοραῖς
387 2345 503 2399 (vide
537 2344 694 2388 bellam
726 2347 961 2389 orationem
978 2345 1006 2399 1)
1039 2347 1159 2389 ταυτὶ
1194 2348 1309 2399 λέγει
1339 2351 1544 2401 (citantur
1572 2352 1724 2393 comici

120 2418 149 2466 8
179 2422 361 2471 vorsus),
394 2416 612 2461 adduntur
645 2416 672 2460 8
704 2431 726 2460 e
760 2417 991 2474 tragoedia,
1024 2422 1121 2461 tum
1147 2420 1207 2461 sic
1234 2421 1452 2477 pergitur:
1487 2421 1722 2463 ἐνταῦθα

119 2491 205 2544 γὰρ
246 2487 296 2539 ἄν
341 2504 404 2536 τις
445 2489 700 2532 ἑλκύσειε
743 2489 811 2530 καὶ
856 2489 927 2535 τὴν
971 2492 1041 2531 τοῦ
1091 2489 1332 2542 Σωκράτους
1374 2494 1523 2543 φωνήν.
1576 2491 1724 2536 Cernis

7 2575 9 2577 ’
49 2607 51 2610 ⁴
117 2559 351 2619 puerulum
396 2573 521 2603 omne
563 2573 701 2616 genus
744 2559 1027 2602 formularum
1071 2562 1387 2618 excogitantem
1429 2563 1584 2618 quibus
1617 2578 1725 2619 quae

0 2682 20 2768 3

103 2634 161 2679 Δ111
202 2630 467 2689 compendiis
508 2632 598 2673 suis
642 2629 753 2687 legit
796 2634 1015 2688 utcunque
1059 2631 1341 2688 conglutinet.
1379 2631 1530 2675 Simile
1563 2633 1725 2691 aliquid

106 2705 248 2759 *habes
277 2718 322 2761 p.
359 2702 497 2746 llOD
533 2702 751 2749 τούτοις
788 2703 871 2753 γὰρ
904 2703 1055 2750 οἰκείως
1089 2701 1140 2746 ἄν
1173 2719 1233 2751 τις
1267 2707 1446 2745 ταῦτα
1480 2705 1694 2757 συνάψειε.

181 2775 219 2819 D
256 2774 389 2818 IOSE
430 2774 620 2824 Λέγεται
665 2773 706 2815 δὲ
749 2780 965 2827 μαρτυρεῖν
1010 2776 1163 2821 τούτοις
1207 2774 1274 2815 καὶ
1309 2776 1354 2818 τὸ
1388 2777 1502 2820 θεῖον.
1535 2778 1714 2826 πολλοὺς

119 2848 203 2901 γὰρ
243 2846 568 2899 παρειλήφαμεν
603 2845 652 2887 δι’
685 2845 902 2896 εὐσέβειαν
936 2847 1049 2897 παρὰ
1084 2847 1175 2887 θεῶν
1208 2846 1360 2894 ταύτης
1395 2848 1603 2900 τυχόντας
1639 2854 1711 2897 τῆς

121 2919 272 2974 δωρεᾶς
309 2919 482 2972 (mortis
516 2922 606 2971 sc.).
643 2914 692 2959 ὧν
727 2917 822 2964 τοὺς
854 2918 929 2967 μὲν
958 2917 1110 2965 ἄλλους
1139 2917 1378 2970 φειδόμενος
1414 2923 1505 2967 τῆς
1540 2935 1720 2973 συμμε
