2002 3372
1091 277 1178 330 368

345 406 454 454 illud
493 411 702 464 χρήμασιν
745 407 1052 462 ἐζημίωσαν
1094 413 1290 452 narratur
1331 410 1442 466 quod
1484 424 1526 466 p.
1560 407 1700 454 576».
1735 408 1792 455 de
1822 410 1922 454 'aitis

346 483 579 524 decessore:
614 479 808 530 Φοιβίδαν
838 478 912 529 μὲν
946 477 1266 532 ἐζημίωσαν.
1301 479 1407 522 Boni
1439 482 1667 536 scriptores
1689 494 1856 538 semper
1879 485 1925 525 et

344 553 502 608 ubique
533 552 804 606 repetitiones
837 551 1028 593 vitarunt
1057 554 1132 593 aut
1164 551 1214 594 de
1244 551 1455 594 industria
1487 565 1531 593 se
1562 551 1708 594 eadem
1735 555 1923 608 repetere

344 622 620 665 declararunt.

1007 928 1062 958 DE
1093 927 1251 958 nxlmo.

401 1051 526 1094 Hunc
557 1051 715 1093 librum
747 1065 1004 1108 magnopere
1036 1050 1338 1108 Bernhardyus
1367 1050 1574 1102 laudavit,
1606 1065 1734 1108 quem
1766 1051 1922 1095 refutat

340 1122 645 1165 Volkmannus.
695 1121 868 1178 Optimo
911 1124 1019 1173 iure,
1066 1125 1116 1164 ut
1156 1121 1266 1164 mihi
1307 1121 1481 1177 quidem
1523 1121 1707 1166 videtur.
1736 1120 1921 1166 Puerile

340 1194 454 1234 enim
494 1207 600 1248 opus
643 1196 720 1244 est,
755 1207 837 1248 quo
868 1191 976 1234 illud
1013 1193 1177 1248 „patria
1208 1196 1273 1235 est
1304 1193 1563 1248 ubicumque
1594 1195 1659 1236 est
1691 1191 1823 1237 bend*
1855 1191 1922 1234 de·

339 1263 538 1314 fenditur,
572 1276 700 1318 quam
731 1264 986 1305 sententiam
1014 1262 1211 1318 equidem
1236 1262 1487 1305 crediderim
1512 1263 1804 1306 abominatum
1830 1275 1920 1305 esse

338 1334 632 1384 Plutarchum,
666 1335 811 1377 virum
842 1333 970 1376 illum
1002 1335 1177 1389 patriae,
1211 1338 1338 1390 atque
1369 1333 1471 1377 adeo
1497 1332 1648 1390 paguli
1672 1334 1755 1384 sui,
1781 1345 1920 1376 aman-

338 1405 569 1446 tissimum.
601 1404 658 1446 Et
684 1403 924 1446 defenditur
949 1404 1228 1460 ineptissimis
1253 1403 1505 1460 plerumque
1531 1404 1814 1460 argumentis,
1833 1416 1921 1446 uno

336 1489 435 1518 vero
475 1474 668 1531 exemplo
710 1476 983 1530 spurcissimo
1015 1475 1400 1531 obscenissimoque
1431 1477 1491 1531 (p.
1523 1474 1607 1518 601
1621 1474 1690 1528 E),
1720 1487 1806 1531 quo
1836 1479 1918 1517 non

336 1548 498 1601 patriae
528 1545 669 1588 solum
697 1545 768 1588 sed
795 1547 925 1588 etiam
957 1547 1100 1588 uxoris
1130 1544 1449 1601 liberorumque
1479 1558 1600 1588 amor
1630 1544 1845 1588 deridetur
1875 1547 1921 1588 et

334 1616 519 1659 ludibrio
562 1617 754 1659 habetur.
797 1618 937 1672 Atque
978 1616 1048 1659 hic
1079 1617 1329 1672 praesertim
1361 1615 1481 1659 locus
1512 1616 1639 1659 efficit
1669 1619 1722 1659 ut
1744 1615 1916 1660 credere

336 1701 421 1729 non
454 1688 611 1743 possim
644 1701 668 1729 a
698 1685 928 1729 Plutarcho
961 1688 1155 1730 omnium
1186 1687 1441 1729 maritorum
1471 1690 1726 1744 patrumque
1748 1687 1918 1743 qitimo

335 1757 661 1813 fidelissimoque
703 1758 910 1813 scriptum
950 1757 1063 1799 hunc
1099 1756 1273 1809 librum,
1307 1759 1381 1813 qui
1411 1760 1626 1813 praeterea
1657 1760 1746 1800 tam
1778 1755 1918 1800 multa

334 1828 485 1871 habeat
525 1841 632 1884 quae
673 1841 772 1870 cum
813 1827 1011 1869 imitatore
1050 1826 1272 1870 Plutarchi
1308 1842 1399 1870 rem
1430 1827 1552 1870 nobis
1583 1841 1675 1870 esse
1705 1830 1916 1870 moneant.

334 1898 392 1941 Ut
423 1900 596 1941 mittam
627 1897 823 1941 flosculos
854 1897 952 1941 illos
985 1897 1275 1950 Plutarcheos‚
1310 1900 1400 1941 sine
1427 1897 1518 1941 ulla
1543 1897 1717 1954 quidem
1741 1899 1917 1942 necessi·

332 1973 420 2012 tate
461 1969 532 2012 sed
574 1974 716 2012 tamen
759 1973 825 2012 sat
866 1970 968 2012 bene
1010 1969 1224 2012 adhibitos
1254 1973 1534 2022 (structuram
1565 1965 1664 2012 ὅπου
1683 1968 1779 2022 ’γάρ
1813 2000 1824 2012 .
1843 1999 1855 2011 .
1874 1999 1884 2011 .
1905 1999 1916 2011 .

334 2037 435 2088 ἦπου
466 2055 507 2096 p.
543 2039 697 2092 602F;
731 2039 773 2082 τί
803 2039 940 2091 λέγεις
976 2039 1114 2082 6051)
1146 2039 1246 2093 alia)
1272 2040 1370 2083 vide
1396 2040 1506 2082 mihi
1531 2054 1660 2096 quam
1685 2038 1916 2083 ridiculum

331 2113 376 2153 in
408 2111 583 2154 modum
616 2113 757 2153 hiatus
790 2111 858 2153 hic
890 2113 1070 2167 scriptor
1101 2113 1208 2154 vitet
1239 2115 1283 2153 et
1314 2110 1418 2153 alibi
1444 2114 1487 2154 et
1512 2112 1557 2153 in
1585 2111 1698 2154 hisce
1724 2109 1913 2164 (600F):

332 2180 463 2235 ὥσπερ
494 2183 539 2224 ἐκ
571 2182 677 2235 ῥίζης
709 2183 755 2225 τὸ
787 2186 908 2232 σῶμα
939 2186 1012 2229 τῆς
1045 2186 1235 2235 κεφαλῆς
1268 2181 1372 2235 ὀρθὸν
1403 2179 1577 2231 ἱστάσης
1611 2185 1681 2235 (ne
1707 2179 1840 2234 ὥσπερ
1869 2180 1914 2222 ἐκ

331 2253 437 2306 ῥίζης
482 2258 553 2301 τῆς
597 2257 786 2306 κεφαλῆς
829 2253 874 2295 τὸ
920 2256 1071 2304 σῶμα
1118 2253 1265 2303 ὀρθὸν
1310 2251 1483 2301 ἱστάσης
1525 2252 1699 2305 diceret)
1738 2252 1915 2297 observa

329 2339 370 2379 p.
400 2322 532 2367 5990
561 2326 771 2376 ψηλαφῶν
801 2323 1060 2380 „tangendi”
1090 2337 1173 2366 non
1200 2325 1272 2374 „in
1299 2324 1482 2366 tenebris
1509 2322 1763 2379 appetendi”
1789 2334 1914 2369 sensu

329 2396 517 2449 positum
549 2395 623 2446 (τὰ
654 2395 893 2445 πράγματα
928 2395 1004 2436 ὑπὸ
1038 2396 1108 2436 ’τοῦ
1141 2393 1264 2445 λόγον
1295 2393 1615 2446 ψηλαφηθέντα.
1648 2392 1752 2446 Quis
1781 2393 1914 2436 bonus

330 2466 508 2520 scriptor
549 2466 608 2507 sic
650 2466 819 2521 scripsit
861 2479 1050 2521 unquam
1063 2463 1111 2518 22),
1155 2469 1198 2507 et
1239 2464 1352 2520 quod
1381 2462 1521 2507 multo
1551 2465 1728 2521 gravius
1760 2467 1836 2516 est,
1867 2464 1913 2506 in
1979 2514 1981 2516 ¹

329 2536 578 2578 memoriam
622 2535 700 2577 tibi
742 2549 889 2578 revoca
930 2535 1260 2578 dilectissimum
1290 2534 1401 2578 illud
1431 2534 1664 2578 Plutarcho
1695 2546 1912 2578 ornamen-

329 2609 437 2658 tum,
480 2606 592 2661 quod
634 2606 836 2662 praebent
877 2607 1028 2649 verba:
1074 2610 1245 2658 „centro
1289 2610 1332 2648 et
1370 2605 1574 2648 distantia
1602 2606 1652 2659 (i.
1668 2618 1705 2648 e.
1737 2605 1912 2655 circino)

328 2678 669 2719 circumscribere
697 2676 903 2733 aliquid’',
933 2681 1029 2719 tum
1056 2680 1251 2719 nostrum
1283 2677 1342 2718 sic
1367 2675 1634 2732 loquentum,
1660 2675 1795 2719 immo
1810 2687 1910 2718 vero

327 2746 637 2790 balbutientem
682 2747 784 2789 audi
815 2746 921 2800 (603
933 2746 1011 2800 E):
1053 2748 1149 2798 „vir
1178 2760 1313 2802 neque
1344 2747 1541 2789 inanium
1570 2744 1727 2802 plenus.
1751 2745 1910 2800 opinio-

328 2830 433 2858 num
459 2831 594 2873 nequo
619 2819 766 2860 insano
794 2817 989 2860 laborans
1016 2818 1164 2860 turbae
1190 2831 1346 2868 amore,
1372 2831 1455 2859 non
1481 2815 1671 2873 culpabit
1694 2815 1909 2859 fortunam

327 2889 363 2927 si
403 2887 544 2929 insula
582 2888 880 2938 continebitur,
914 2888 985 2930 sed
1017 2887 1156 2930 multo
1189 2889 1328 2944 magis
1357 2886 1550 2930 laudabit
1580 2884 1692 2941 quod
1725 2884 1910 2940 demptis

327 2957 533 2998 molestiis
561 2957 770 2999 erroribus
800 2958 1227 3013 peregrinationibus,
1255 2957 1405 2999 litibus
1431 2956 1680 3006 forensibus,
1709 2953 1909 3010 periculis

326 3028 556 3069 maritimis
598 3028 679 3070 sibi
710 3028 780 3070 det
811 3030 948 3071 vitam
980 3028 1178 3071 stabilem
1210 3030 1390 3071 otiosam
1421 3029 1730 3077 inconcussam,
1762 3035 1909 3070 revera
