2002 3372
1049 237 1136 280 392

306 362 602 411 Plutarchum,
636 374 741 417 quae
769 373 880 401 nunc
907 358 1019 415 apud
1045 360 1158 401 viros
1183 358 1325 402 doctos
1350 360 1395 401 in
1422 372 1592 401 summo
1618 359 1878 413 estahnnote,

307 431 496 489 lepidum
528 433 618 475 eius
649 433 709 474 rei
740 430 945 472 habemus
976 428 1221 485 exemplum
1251 431 1295 472 in
1328 428 1587 485 problemate
1621 429 1643 472 l
1675 428 1781 474 libri,
1806 429 1878 474 IV·-

306 503 483 545 Refutat
511 503 570 544 ibi
605 500 838 550 Philinum,
872 500 946 555 qui
977 499 1245 542 contenderat
1275 498 1514 559 simplicem
1540 498 1772 558 multiplici
1796 501 1880 544 vic*

304 578 402 619 tum
442 572 494 614 ad
535 572 760 614 sanitatem
803 569 1004 613 tuendam
1038 583 1126 612 esse
1158 569 1374 613 utiliorem
1409 572 1452 613 et
1481 569 1532 613 ad
1564 583 1656 615 eam
1679 569 1878 618 wemoste-

307 642 620 686 monstrandam
651 642 787 684 brutis
818 639 1076 693 animalibus
1107 655 1210 684 usus
1240 645 1330 684 erat
1356 639 1548 696 exemplo
1577 639 1881 699 Marcion-,Qui

307 715 494 770 primum
536 711 841 768 pulcherrimos
881 710 1103 767 Eupolidis
1143 711 1261 754 affert
1293 725 1439 754 versus
1469 725 1492 755 e
1524 711 1881 770 quibus-,amma

307 798 434 839 quam
474 784 613 826 variae
660 784 745 825 sint
787 796 1006 838 caprarum
1046 781 1194 838 epulae
1354 782 1556 824 hactenus
1596 783 1880 841 egregielsed

306 854 422 897 addit
452 853 624 910 longam
653 853 984 909 disputationem
1011 853 1063 896 ad
1090 851 1464 895 demonstrandum
1494 883 1503 894 .
1523 883 1534 895 .
1553 883 1564 896 .
1589 851 1880 910 nihilwqqtm

306 925 497 967 homines
539 925 703 967 saniora
745 938 832 966 esse
872 923 998 966 bruta
1038 922 1251 966 animalia.
1284 922 1493 966 Similiter
1523 926 1711 967 erratum
1742 928 1810 968 est
1830 924 1879 968 -in

305 996 413 1039 libro
444 997 562 1047 bruta!
589 995 745 1037 ratione
776 995 838 1036 uti
863 994 990 1050 paulo
1017 999 1242 1049 antequam
1271 994 1554 1050 abrumpitur.
1585 994 1668 1039 Sed
1683 994 1799 1039 haec
1811 997 1882 1039 'est

306 1066 533 1122 sophistica
564 1064 838 1108 adolescentis
870 1064 1091 1108 Plutarchi
1123 1063 1327 1116 ἐπίδειξις,
1359 1078 1470 1107 nunc
1495 1078 1596 1108 vero
1621 1065 1882 1122 disputantes

305 1136 469 1179 inducit
510 1136 775 1179 doctissimos
817 1135 1098 1192 philosophos.
1143 1135 1247 1178 Tam
1291 1149 1442 1191 parum
1477 1137 1627 1191 ipsam.
1645 1134 1882 1180 dialectices

306 1211 426 1250 curat
467 1206 746 1263 disciplinam,
787 1207 861 1250 ubi
891 1208 1066 1263 gravior
1098 1220 1164 1249 res
1195 1207 1352 1263 agitur.
1396 1205 1461 1250 Cf.
1496 1206 1573 1258 „de
1604 1206 1882 1251 Avendo-nm

307 1277 392 1321 vol.
427 1277 446 1319 I
488 1292 528 1333 p.
565 1277 619 1320 64
653 1281 695 1320 et
728 1275 813 1320 379
847 1281 887 1319 et
919 1276 1004 1320 vol.
1038 1276 1077 1318 II
1109 1291 1150 1332 p.
1185 1275 1239 1319 37
1258 1290 1346 1332 sqq.
1389 1276 1463 1319 ubi
1492 1275 1882 1333 lepidissimamde

307 1348 471 1391 duobus
511 1347 678 1391 Iudaeis
721 1347 993 1404 litigantibus
1034 1346 1163 1390 retuli
1201 1346 1574 1400 narratiunculam,
1607 1355 1739 1404 quam
1767 1352 1815 1391 et
1838 1349 1882 1391 in

306 1420 668 1476 praestantissimo
719 1419 843 1474 posui
889 1417 1036 1461 libello
1077 1432 1201 1474 quem
1245 1417 1485 1462 scholarum
1525 1419 1571 1461 in
1611 1417 1883 1470 usum1zolim

306 1489 546 1545 composuit
587 1487 784 1532 CobetuS.
836 1485 1060 1539 (Grieksch
1101 1487 1295 1531 leesboek
1337 1502 1438 1531 voor
1479 1488 1883 1546 eerstbeginnenden

306 1560 371 1604 ed.
406 1559 451 1602 8³
483 1573 546 1602 nr.
580 1558 700 1612 388).

367 1630 429 1673 De
461 1629 642 1686 singulis
673 1628 777 1671 locis
808 1629 909 1672 haec
940 1632 1115 1672 annoto:
1777 1659 1779 1665 .

369 1700 502 1745 612Ε
549 1699 644 1753 πρὸς
673 1703 791 1742 τοῦτο
815 1699 1047 1751 γενόμενος.
1079 1699 1239 1742 Eodem
1267 1713 1392 1742 sensu
1418 1700 1468 1742 de
1497 1700 1640 1756 Tranq.
1669 1700 1773 1744 Anu.
1801 1701 1878 1744 (15.1

309 1787 403 1824 προς
437 1767 492 1817 οἷς
521 1770 690 1822 ἐβούλου
717 1770 931 1821 γενόμενος
959 1774 1001 1822 (,,
1006 1784 1104 1813 cum
1132 1769 1184 1812 ad
1211 1784 1309 1812 eum
1336 1769 1523 1813 laborem
1551 1770 1832 1815 accessissem'
1839 1770 1882 1823 '.)

307 1842 487 1885 Dativus
518 1843 676 1898 requiri
708 1841 891 1885 videtur.

369 1984 499 2028 6121?
545 1982 616 2027 Sic
654 1985 806 2041 incipit
848 1985 1026 2040 scriptor
1066 1987 1216 2034 πρῶτον
1259 1982 1299 2026 δὲ
1341 1983 1505 2028 πάντων
1542 1983 1760 2028 τέτακται.
1799 1983 1882 2029 Ex-

307 2059 467 2112 spectes
508 2053 714 2107 τετάχθω.
757 2053 841 2098 Sed
883 2053 991 2096 nihil
1012 2057 1163 2105 Amuto,
1195 2068 1295 2097 nam
1327 2058 1370 2096 et
1399 2053 1499 2097 libri
1528 2054 1570 2097 II
1602 2053 1737 2110 probi.
1774 2054 1796 2099 l
1829 2055 1882 2098 ab

307 2128 374 2170 his
405 2126 490 2169 fere
523 2127 674 2182 incipit
704 2126 866 2184 verbis:
901 2125 941 2167 ἐν
971 2125 1100 2177 τούτῳ
1130 2125 1284 2177 πρῶτόν
1318 2124 1336 2166 ε’
1346 2140 1463 2167 στιν
1495 2123 1516 2168 ὃ
1545 2125 1752 2177 κτὲ.,“ιὼί
1776 2124 1880 2170 ίἔοι-οἰ»)

307 2198 449 2253 aptius
481 2196 664 2239 videtur.

309 2379 312 2381 ,
365 2337 423 2380 ib.
470 2336 820 2394 Indignabundus
851 2338 994 2380 Aristo
1026 2340 1172 2394 rogat:
1206 2341 1388 2388 „suntne
1419 2337 1612 2381 homines
1644 2339 1718 2394 qui
1740 2337 1883 2394 ‹philo-

307 2409 498 2465 sophiam
525 2412 692 2451 arceant
719 2407 856 2464 epulis
869 2406 913 2450 ?''
947 2408 1094 2464 Neque
1122 2410 1264 2452 minus
1289 2408 1635 2465 indignabundus
1654 2408 1883 2466 respondet

307 2478 585 2522 Plutarchus:
630 2479 701 2529 υοὐ
742 2478 825 2531 γὰρ
868 2478 965 2522 εἰσὶν
1008 2473 1043 2521 οἳ
1082 2478 1149 2521 καὶ
1182 2478 1292 2521 πάνυ
1323 2482 1480 2529 σεμνῶς
1511 2477 1882 2531 κατειρωνευόμενοι

308 2548 472 2599 λέγουσι
515 2550 574 2598 μὴ
617 2548 697 2590 δεῖν
729 2545 1023 2592 οἰκοδέσποιναν
1056 2549 1094 2590 ἐν
1127 2548 1212 2601 οἴνῳ
1243 2548 1519 2601 Φθέγγεσθαι,
1550 2549 1882 2606 quique-Persas

307 2618 480 2663 laudent
507 2618 620 2675 quod
648 2633 746 2662 cum
772 2619 1056 2662 meretriculis
1081 2634 1163 2662 non
1191 2634 1292 2664 vero
1317 2634 1416 2663 cum
1432 2621 1556 2663 iustis
1572 2620 1882 2664 uxoribus-eon-

308 2691 509 2733 viventur
534 2688 786 2746 saltentque,
815 2694 940 2746 atque
968 2690 1036 2733 his
1062 2690 1268 2747 exemplis
1294 2691 1361 2732 usi
1385 2689 1637 2734 contendant
1657 2689 1881 2746 epularum

307 2762 506 2803 comitem
537 2774 628 2803 esse
659 2762 868 2803 musicam
901 2765 942 2803 et
973 2764 1109 2803 artem
1142 2760 1434 2805 histrionalem
1466 2774 1548 2803 non
1574 2774 1673 2805 vero
1700 2759 1882 2816 philoso-

308 2828 508 2886 phiam?”
551 2830 698 2874 Nonne
729 2835 827 2887 apte
859 2835 901 2874 et
933 2830 1072 2887 lepide
1105 2832 1172 2874 hic
1203 2831 1541 2875 adversariorum
1572 2830 1722 2878 falsam
1754 2831 1881 2875 refert

308 2900 693 2957 comparationem?
738 2902 818 2944 Sed
860 2916 987 2958 quam
1030 2902 1210 2945 absurda
1251 2902 1431 2945 reddidit
1473 2903 1614 2945 omnia
1645 2900 1878 2957 qui-&emp

309 2975 420 3022 (ante
452 2971 760 3025 οἰκοδέσποιναν)
792 2975 834 3015 et
865 2974 1116 3026 φιλοσοφίαν
1147 2977 1259 3029 (post
1291 2972 1570 3027 φθέγγεσθαι)
1600 2960 1805 3016 inseruit!
