2002 3372
1049 207 1136 250 296

360 333 422 374 δεῖ
453 333 525 379 τὴν
557 330 808 381 ἀδολεσχίαν
842 327 1028 380 συνέχειν
1060 325 1189 380 ὥσπερ
1226 359 1235 370 .
1255 359 1264 371 .
1285 360 1294 371 .
1315 359 1325 371 .
1358 327 1499 380 κέντρῳ
1529 328 1596 370 καὶ
1627 327 1884 379 διαστήματι

300 410 348 456 τῇ
383 402 505 455 χρείᾳ
540 404 608 442 τοῦ
643 399 937 448 πυνθανομένου
971 399 1282 451 περιγράφοντα
1314 399 1387 447 τὴν
1419 398 1628 450 ἀπόκρισιν

300 472 413 529 quod
445 472 678 514 rectissime
709 473 751 511 et
783 468 1099 525 elegantissime
1132 468 1294 510 dictum
1328 472 1414 511 est:
1450 469 1780 525 „interrogantis
1805 482 1887 512 usu

301 547 367 595 (eo
399 556 481 598 quo
514 540 795 595 interroganti
828 552 933 593 opus
964 541 1045 591 est)
1079 538 1197 580 nobis
1229 538 1439 581 utendum
1472 542 1690 595 tamquam
1717 540 1887 590 circino,

303 626 387 667 quo
421 614 613 653 nostrum
648 622 896 664 responsum
929 608 1367 651 circumscribamus.”

363 680 477 722 Audi
507 693 619 722 nunc
651 682 845 721 nostrum
877 681 935 734 (p.
970 677 1056 720 524
1070 677 1146 729 F):

343 756 445 796 ’τοῖς
475 766 526 800 γε
556 752 641 791 νοῦν
670 749 832 802 ἔχουσιν
868 748 885 789 ὁ
913 754 984 796 τῆς
1014 749 1175 800 Φύσεως
1204 752 1377 795 πλοῦτος
1406 747 1568 801 ὥρισται
1597 748 1665 791 καὶ
1692 749 1738 792 τὸ
1755 748 1887 802 τέρμα

306 821 479 871 πάρεστι
499 825 570 867 τῆς
589 819 733 871 χρείας
754 819 935 870 καθάπερ
955 817 1098 871 κέντρῳ
1117 819 1183 860 καὶ
1204 818 1457 869 διαστήματι
1475 818 1829 872 περιγραφόμενον

308 892 380 933 ubi
412 894 487 933 aut
520 891 764 946 perturbata
792 893 889 931 sunt
916 891 1058 931 omnia
1085 893 1159 931 aut
1185 889 1417 932 admodum
1445 893 1632 933 contorte
1657 890 1889 932 enuntiata.

306 962 400 1017 Ipse
431 960 688 1003 Plutarchus
721 961 780 1002 sic
814 961 1073 1015 scripsisset:
1108 963 1282 1005 πλοῦτος
1316 958 1493 1012 ὥρισται,
1529 966 1577 1012 τῇ
1610 961 1733 1013 χρείᾳ
1766 958 1891 1000 καθά-

308 1047 381 1082 περ
424 1031 567 1084 κέντρῳ
611 1031 678 1071 καὶ
716 1030 968 1079 διαστήματι
1003 1030 1371 1082 περιγραφόμενος.
1407 1030 1463 1072 Α1
1494 1044 1606 1072 nunc
1637 1030 1738 1082 (nisi
1767 1033 1892 1086 turpe

308 1102 524 1144 commisit
565 1102 723 1143 vitium
764 1099 978 1152 librarius)
1022 1100 1349 1152 περιγράφεσθαι
1394 1100 1551 1143 dicitur
1590 1099 1749 1144 11011111
1778 1098 1892 1156 quod

308 1172 532 1214 continetur
575 1171 643 1214 sed
687 1171 731 1213 id
772 1171 883 1227 quod
915 1170 1087 1212 continet
1120 1174 1162 1213 et
1192 1172 1334 1222 χρείας
1369 1174 1432 1213 001
1463 1171 1684 1227 genitivus
1714 1168 1893 1227 explica-

310 1244 440 1286 tivus.
474 1242 616 1284 Habes
645 1255 746 1297 ergo
777 1266 830 1272 —
859 1245 908 1283 ut
935 1255 1063 1297 quam
1090 1240 1325 1297 plurimum
1353 1240 1591 1298 largiamur
1614 1241 1810 1297 scriptori
1835 1263 1891 1272 -

310 1314 510 1356 orationis
538 1316 833 1355 ornamentum
866 1313 1181 1367 perobscurum.
1215 1310 1283 1354 Sic
1315 1312 1495 1355 scribere
1525 1310 1662 1354 solent
1693 1311 1768 1367 0111
1797 1308 1894 1352 aliis

311 1398 407 1426 suos
440 1384 676 1438 surripiunt
706 1381 917 1424 flosculos.

372 1454 513 1508 Atque
555 1452 667 1495 idem
710 1452 888 1495 fortasse
930 1454 1058 1495 etiam
1101 1452 1456 1508 deprehendimus
1489 1453 1645 1496 vitium
1680 1453 1726 1494 in
1756 1452 1893 1508 capite

312 1524 389 1567 illo
423 1538 530 1566 nono
563 1538 586 1565 a
618 1538 699 1579 quo
729 1522 938 1565 laudando
969 1523 1149 1566 fecimus
1175 1525 1363 1566 initium.
1397 1524 1608 1567 Novimus
1633 1537 1779 1566 omnes
1804 1536 1896 1566 nar-

313 1593 596 1637 ratiunculam
637 1592 755 1636 illam
801 1593 850 1636 de
894 1593 1076 1636 Hierone
1108 1598 1150 1636 et
1181 1595 1272 1636 eius
1305 1609 1446 1637 uxore.
1480 1594 1605 1636 Illam
1637 1593 1894 1637 Plutarchus

313 1666 442 1708 refert
473 1666 522 1706 de
553 1680 638 1718 cap.
668 1680 714 1706 etc
748 1665 802 1706 in.
835 1669 891 1707 ut.
927 1664 983 1707 90
998 1665 1042 1707 B.
1076 1665 1166 1708 Rex
1197 1666 1332 1707 iratus
1363 1667 1408 1707 in
1439 1679 1615 1708 uxorem
1649 1665 1802 1708 acriter
1831 1665 1895 1706 in·

313 1736 486 1779 vehitur
528 1736 595 1777 his
637 1735 777 1778 verbis
809 1748 934 1777 usus:
969 1737 1010 1777 τί
1041 1736 1204 1788 λέγεις;
1237 1736 1323 1778 οὐδὲ
1356 1735 1406 1778 σύ
1438 1752 1504 1785 μοι
1539 1737 1648 1778 τοῦτ’
1680 1733 1893 1787 ἕφρασας;

313 1807 396 1849 Η10
427 1807 564 1862 primo
597 1811 769 1861 aspectu
803 1808 904 1848 satis
937 1806 1167 1848 absurdum
1195 1807 1315 1848 nobis
1340 1806 1450 1849 illud
1477 1806 1520 1848 τί
1545 1806 1682 1857 Λέγεις
1712 1805 1904 1849 videtur..

313 1877 423 1930 Quid
456 1878 570 1919 enim
603 1875 775 1918 mulieri
809 1878 913 1919 vitio
947 1875 1099 1919 datur?
1131 1876 1416 1929 Quamobrem
1449 1874 1744 1933 vituperatur?
1775 1875 1892 1929 Quod

312 1962 403 1990 rem
445 1947 656 2003 quandam
700 1962 777 1988 non
809 1947 976 1989 dixerit.
1010 1946 1092 1989 Sed
1124 1947 1325 1989 admirari
1357 1947 1590 1989 desinimus
1622 1945 1802 1990 simulac
1832 1959 1894 1989 re-

311 2022 513 2074 putamus
544 2018 617 2072 qui
651 2018 706 2058 sit
736 2018 847 2059 inter
879 2021 1089 2060 nostrates
1121 2031 1223 2060 usus
1255 2017 1454 2073 loquendi
1485 2017 1725 2060 hodiernus.
1762 2016 1894 2073 Saepo

310 2103 422 2131 nunc
463 2102 629 2143 quoque
671 2089 732 2130 sic
774 2087 928 2143 aliquis
962 2090 1003 2130 in
1037 2088 1168 2130 alium
1197 2089 1340 2132 invehi
1373 2090 1524 2145 incipit
1555 2092 1604 2132 ut
1633 2088 1764 2131 dicere
1793 2101 1894 2131 eum

309 2160 453 2202 iubeat
479 2161 522 2200 et
549 2163 692 2200 tamen
721 2157 890 2200 nullum
918 2159 969 2200 ab
996 2173 1044 2201 eo
1074 2163 1287 2220 exspectet
1316 2173 1564 2215 responsum
1581 2163 1707 2216 (‚‚zeg
1726 2157 1894 2210 ereis’').

310 2229 378 2271 Sic
410 2227 571 2271 multae
602 2228 807 2283 loquendi
838 2228 1043 2271 formulae
1074 2234 1295 2290 tamquam
1328 2231 1496 2272 nummi
1522 2244 1602 2272 usu
1631 2230 1894 2280 deteruntur,

308 2302 369 2342 ita
410 2304 459 2342 111
501 2300 727 2355 pristinam
761 2301 962 2348 amittant
993 2304 1150 2342 notam.
1183 2300 1263 2342 Sed
1295 2302 1341 2342 in
1372 2300 1571 2343 familiari
1603 2313 1795 2344 sermone
1826 2299 1894 2343 de-

310 2372 422 2412 tritis
453 2369 541 2411 11110
573 2371 638 2411 uti
671 2369 867 2412 formulis
896 2369 1009 2421 licet,
1038 2384 1172 2426 neque
1204 2372 1347 2426 inepte
1378 2371 1477 2413 fecit
1507 2370 1763 2414 Plutarchus
1794 2384 1892 2414 cum

309 2442 533 2496 antiquum
560 2439 686 2482 illum
713 2454 859 2497 regem
887 2439 1130 2496 loquentem
1159 2441 1378 2484 induceret
1403 2442 1465 2484 ita
1491 2446 1539 2484 ut
1553 2443 1688 2498 ipsius
1704 2444 1893 2498 tempore

310 2512 359 2554 de
392 2511 512 2567 plebe
545 2512 738 2553 homines
769 2510 887 2567 loqui
920 2511 1124 2554 solerent:
1158 2526 1256 2554 cum
1289 2526 1420 2555 uxore
1450 2513 1565 2555 enim
1597 2526 1672 2556 sua
1702 2512 1895 2570 loquitur

309 2589 351 2624 et
393 2581 442 2623 110
486 2595 530 2623 re
573 2582 749 2623 minime
782 2581 930 2637 regali.
973 2581 1065 2624 Hoc
1099 2596 1198 2624 vero
1230 2582 1540 2625 subridiculum
1573 2582 1683 2638 quod
1714 2584 1894 2639 scriptor

308 2653 398 2706 ipse
441 2651 492 2693 ad
534 2665 678 2706 regem
722 2651 969 2694 Menelaum
1013 2666 1238 2694 conversus
1279 2654 1339 2695 sic
1380 2667 1479 2695 eum
1518 2652 1809 2709 reprehendit:
1852 2654 1893 2695 τί

309 2722 446 2771 λέγεις
483 2722 707 2773 ἐβέλτερες
740 2721 871 2764 Stoici
902 2721 1011 2764 illud
1044 2726 1107 2764 est
1149 2721 1355 2779 Cynicive
1387 2723 1456 2766 vel
1489 2723 1666 2779 denique
1698 2724 1790 2766 eius
1818 2724 1892 2778 qui

309 2806 331 2833 a
360 2791 588 2834 Plutarcho
616 2796 841 2834 mutuatur
867 2796 1163 2834 ornamentum
1191 2792 1374 2848 aliquod,
1402 2807 1484 2849 quo
1510 2807 1609 2836 eum
1636 2792 1891 2836 delectatum

308 2876 396 2903 esse
424 2863 557 2911 novit,
590 2876 671 2904 non
699 2861 919 2903 Plutarchi
945 2864 1093 2918 ipsius.
1126 2863 1231 2905 Mox
1259 2862 1374 2906 aliud
1398 2863 1619 2906 afferemus
1645 2862 1890 2919 exemplum

308 2932 406 2973 huic
438 2932 611 2973 fortasse
643 2933 857 2987 proposito
888 2934 1028 2987 aptius
1062 2934 1205 2976 etiam.
