2002 3372
1101 205 1158 248 92

339 324 433 376 ἅμα
465 330 541 368 τῶν
575 343 618 368 τε
653 327 819 379 ἀνιαρῶν
855 325 922 368 καὶ
956 330 1030 368 τῶν
1064 326 1108 368 ἐκ
1140 331 1210 374 τῆς
1242 326 1490 378 ἀλογιστίας
1523 326 1658 368 κακῶν
1685 323 1926 376 συγκηδευο·

337 398 464 448 μένων
499 399 651 445 αὐτοῖς.

397 469 648 512 Rectissime
691 468 799 511 vidit
833 467 897 510 W.
942 467 1011 510 hie
1053 467 1156 510 duas
1198 481 1263 510 res
1305 469 1417 510 inter
1449 481 1491 509 se
1524 465 1723 521 oppoeitas
1751 467 1927 523 requiri,

338 541 598 595 coniecitque
632 538 893 590 αναγκαίωνε
934 537 1048 581 mala
1079 540 1311 581 necessaria
1343 542 1385 580 et
1418 551 1465 580 ea
1498 536 1612 580 mala
1642 549 1749 593 quae
1775 539 1924 594 sponte

337 624 412 652 sna
444 611 527 666 ipsi
558 609 744 652 stultitia
776 609 858 651 sibi
888 609 1144 652 contrahunt
1174 609 1368 651 homines
1399 609 1486 650 isti.

400 680 534 722 115A
578 681 621 722 τὸ
655 683 721 722 νῦν
754 681 850 732 παρ’
883 679 1031 722 ε’λπίδα
1066 680 1337 730 συμβεβηκὸς
1372 680 1437 721 καὶ
1472 678 1585 730 παρὰ
1619 679 1690 728 τῆν
1722 677 1922 731 ἡμετέραν

340 750 460 800 δόξαν
500 750 671 801 ἔδειξε
715 750 769 792 τὸ
803 751 981 797 εἰωθὸς
1017 750 1104 802 περὶ
1140 750 1316 798 πολλοὺς
1351 751 1566 802 γίγνεσθαι
1601 749 1649 791 δι’
1681 750 1814 793 αὐτῶν
1845 753 1922 792 τῶν

341 820 479 875 ἔργων.
1169 811 1171 813 ’

401 891 538 935 Verba
579 895 722 935 notata
765 894 961 948 corrupta
993 891 1205 934 videntur.
1238 891 1419 934 Sensum
1454 892 1643 934 restituit
1674 889 1928 935 Didotianus

339 962 566 1006 vertendo:
613 963 753 1019 „quod
785 963 906 1006 nobis
938 977 1048 1023 nunc
1079 966 1244 1019 praeter
1275 976 1394 1018 spem
1427 963 1753 1019 opinionemque
1781 963 1927 1006 evenit

338 1036 541 1086 nostram,
584 1033 628 1076 id
668 1036 812 1090 ipsum
844 1027 993 1087 tempus
1024 1034 1145 1076 nobis
1176 1047 1219 1075 re
1250 1035 1342 1089 ipsa
1373 1033 1684 1077 demonstravit
1713 1031 1926 1090 plerisque

337 1104 523 1147 accidere
556 1104 733 1148 solere”.
767 1104 849 1148 Sed
882 1104 992 1147 unde
1025 1103 1132 1146 illud
1163 1108 1314 1160 tempus
1343 1102 1498 1147 habet?

402 1175 533 1217 115ss
566 1175 699 1218 Verba
728 1181 874 1232 poetae
908 1176 1018 1223 κενεη
1055 1174 1088 1216 δ’
1121 1173 1295 1222 εἴσδυσις
1328 1175 1406 1217 οὐδ’
1441 1175 1562 1227 αἰθέρι
1594 1187 1770 1218 manum
1795 1175 1926 1218 etiam

342 1250 586 1301 exspectant
612 1247 963 1298 emendatricem;
993 1245 1103 1287 nihil
1131 1247 1247 1288 enim
1271 1245 1516 1304 proficimus
1533 1245 1711 1302 Bergkii
1725 1245 1926 1289 lectione:

341 1318 451 1364 κενεη
486 1317 519 1358 δ’
554 1316 725 1358 εἵσδυσιν
758 1317 838 1359 οὐδ’
870 1316 1028 1358 Ἀΐδεω.

406 1386 539 1428 115Β
587 1387 745 1430 Locum
796 1386 1038 1430 Aristotelis
1086 1389 1145 1429 sic
1192 1386 1484 1443 refingendum
1530 1389 1658 1442 puto:
1707 1386 1854 1439 διόπερ,
1897 1383 1924 1427 ὦ

343 1456 549 1508 κράτιστε,
584 1459 750 1505 παντως
784 1458 892 1512 [καὶ]
925 1457 1204 1509 μακαρίστους
1237 1458 1304 1499 καὶ
1339 1457 1433 1508 πρὸς
1466 1458 1520 1509 τῷ
1551 1457 1828 1510 μακαρία-τους
1855 1456 1924 1500 καὶ

344 1528 590 1578 εὐδαίμονας
624 1527 725 1570 εἶναι
758 1529 852 1576 τοὺς
884 1528 1235 1576 τετελευτηκότας
1268 1527 1441 1581 νομίζειν
1474 1528 1546 1571 δεῖ.

403 1597 551 1642 Cetera
580 1600 722 1642 omnia
749 1599 1067 1656 Wyttenbaohii
1095 1603 1206 1650 sunt,
1235 1600 1424 1654 primum
1451 1599 1523 1640 καί
1554 1599 1741 1655 expunxi
1771 1612 1852 1655 ego
1883 1602 1927 1642 et

340 1673 438 1725 post
465 1670 634 1722 νομίζειν
654 1670 764 1726 quod
782 1669 915 1713 editor
933 1668 1119 1713 Graecus
1137 1670 1308 1725 praebet
1324 1669 1409 1722 (W.
1429 1668 1659 1722 νομίζομεν)
1674 1670 1835 1712 inserui
1851 1668 1923 1712 δεῖ.

403 1739 535 1784 1150
566 1740 718 1783 Subito
750 1744 924 1797 apparet
955 1754 977 1782 e
1008 1740 1200 1796 colloquio
1232 1741 1334 1783 haec
1366 1743 1559 1796 sumpta;
1593 1741 1786 1797 sequitur
1811 1741 1922 1783 enim

339 1811 380 1851 τί
412 1814 529 1863 τοῦτ;
566 1810 660 1863 ἔφη.
696 1812 875 1858 κάκεῖνος
913 1811 1148 1861 ὑπολαβών.

400 1881 470 1924 Sic
502 1886 692 1924 auctores
724 1896 821 1925 suos
852 1883 955 1925 citat
987 1879 1151 1924 noster!

405 1951 542 1995 116Β
591 1953 740 2005 ἔχομεν
787 1953 869 2005 γὰρ
914 1952 959 1993 τὸ
1001 1952 1071 2005 ζῆν
1112 1949 1242 2003 ὥσπερ
1286 1950 1696 2004 παρακαταθεμένοις
1738 1953 1836 1999 θεοῖς
1880 1952 1925 2003 ἐξ

342 2022 542 2074 ἀνάγκης.
1916 2028 1918 2031 ”

404 2093 513 2146 Quid
556 2092 742 2137 Graecus
783 2094 921 2136 editor
962 2108 1038 2137 suo
1081 2095 1194 2145 παρὰ
1239 2092 1527 2143 καταθεμένοις
1568 2091 1674 2136 velit
1705 2107 1775 2136 me
1805 2093 1924 2137 latet.

343 2164 424 2207 Sed
458 2168 569 2207 recte
600 2168 695 2220 post
728 2165 1135 2217 παρακαταθεμένοις
1167 2163 1232 2207 W.
1265 2166 1444 2207 inseruit
1476 2163 1764 2211 ἀποδώσοντες.

406 2234 538 2277 116Β]
571 2237 692 2277 ταῦτ’
726 2233 788 2278 οὖν
823 2237 860 2277 ἐν
895 2236 1048 2290 διανοίᾳ
1080 2252 1139 2283 τις
1176 2234 1279 2288 ἔχων
1308 2236 1356 2282 ὦς
1387 2234 1649 2287 πυθόχρηστα
1680 2235 1926 2287 παραγγέλ-

340 2322 461 2355 ματα
506 2307 599 2357 πρὸς
644 2306 782 2348 πάντα
817 2308 871 2349 τοὶ
907 2310 976 2349 τοῦ
1009 2306 1101 2357 βίου
1138 2306 1376 2358 πράγματα
1410 2305 1549 2361 ῥᾳδίως
1584 2305 1829 2359 ἐφαρμόζειν
1860 2307 1924 2349 δυ-

341 2377 508 2425 νήσεται
543 2377 609 2418 καὶ
644 2377 778 2430 φέρειν
813 2378 923 2420 αὐτὰ
957 2376 1106 2426 δεξιῶς.

402 2447 518 2490 Haeo
546 2447 763 2490 lenissima
794 2449 1119 2504 transpositione
1151 2448 1210 2490 sio
1240 2446 1481 2503 refingenda
1512 2447 1714 2490 arbitror:

401 2518 522 2559 ταῦτ’
564 2516 628 2561 οὖν
673 2519 711 2558 ἐν
757 2518 909 2573 διανοίᾳ
954 2534 1013 2565 τις
1048 2517 1152 2570 ἔχων
1186 2519 1234 2564 ὦς
1272 2518 1538 2570 πυθόχρηστα
1571 2518 1924 2570 παραγγέλματα

341 2588 409 2638 καὶ
455 2588 548 2640 πρὸς
594 2588 732 2630 πάντα
778 2589 833 2631 τὰ
869 2592 937 2631 τοῦ
970 2591 1063 2640 βίου
1096 2589 1336 2641 πράγματα
1370 2589 1609 2642 ἐφαρμόζων
1641 2588 1781 2644 ῥαδίως
1813 2589 1924 2638 δυνή-

341 2674 458 2700 σεται
494 2659 627 2711 Φέρειν
663 2661 772 2702 αὐτοὶ
807 2660 874 2701 καὶ
909 2658 1059 2709 δεξιῶς.

406 2728 541 2773 117Α
590 2731 622 2772 οἱ
672 2730 710 2771 δὲ
760 2730 901 2772 πολλοὶ
952 2730 1111 2784 [πάντα
1155 2730 1509 2782 καταμέμφονται
1553 2729 1642 2785 καὶ]
1683 2730 1823 2773 πάντα
1867 2732 1922 2774 τὰ

342 2801 452 2852 παρὰ
499 2801 575 2846 τοὶς
621 2801 791 2847 ἐλπίδας
837 2802 975 2848 αὐτοῖς
1022 2801 1326 2852 συμβεβηκότα
1371 2800 1414 2851 ἐξ
1455 2801 1644 2853 ἐπηρείας
1686 2803 1820 2854 τύχης
1854 2802 1922 2844 καὶ

343 2869 538 2919 δαιμόνων
571 2871 761 2921 γενέσθαι
794 2872 1007 2924 νομίζουσι.

403 2939 568 2982 Inclusa
601 2939 776 2983 delenda
807 2955 895 2983 esse
926 2942 1016 2997 ipse
1049 2941 1168 2984 docet
1199 2943 1432 2984 contextus.
