2002 3372
880 207 968 253 26¹7

32 322 46 372 ζ,
119 328 196 374 ille
233 330 505 388 ignoraretur
546 330 828 376 adversarius.
871 330 1056 388 Ideoque
1099 335 1142 374 et
1183 332 1312 375 amici
1343 331 1549 374 Eumenis
1579 330 1722 386 magis

24 391 43 435 ἶ
120 398 442 446 admirabantur
472 416 572 446 eum
605 416 735 460 quam
767 416 895 459 aegre
926 403 1118 446 ferebant
1150 403 1263 460 quod
1293 404 1410 459 ipsos
1442 415 1525 446 non
1555 402 1722 445 fecisset

45 488 48 489 ’
120 473 273 516 secreti
311 474 555 530 participes.
615 471 776 526 Quodsi
816 475 863 516 in
906 474 1117 517 eiusmodi
1158 488 1258 517 casu
1299 487 1426 531 aegre
1467 473 1605 516 fertur
1647 476 1723 515 tua

121 543 405 596 taciturnitas,
449 547 636 602 praestat
675 544 928 601 reprehendi
968 549 1194 602 postquam
1237 544 1385 590 salvus
1421 545 1606 588 evaseris
1636 558 1722 587 non

121 613 267 658 habita
306 615 457 658 amicis
493 617 583 658 tuis
613 613 707 667 fide,
741 628 872 672 quam
903 615 1002 659 illos
1033 615 1340 673 reprehendere
1371 630 1492 673 posse
1524 614 1637 672 quod
1669 617 1723 658 iis

121 683 304 729 confisus
334 686 383 728 in
411 699 625 744 magnum
651 687 882 730 incurreris
915 686 1126 731 malum.’'

47 751 49 760 ²
183 756 210 800 5
256 756 473 802 Novimus
513 772 662 802 omnes
702 760 891 802 iocosam
933 759 1203 803 historiolam
1235 773 1364 816 quam
1397 760 1525 803 refert
1556 758 1724 803 Gellius

30 841 42 879 ij
120 827 174 882 (Ι,
207 827 300 883 23),
341 828 488 873 fictam
518 829 657 882 illam,
691 834 742 873 ut
774 831 974 887 equidem
1008 833 1169 888 opinor,
1203 845 1228 874 a
1259 830 1420 875 Catone
1452 845 1537 888 qua
1570 830 1723 874 mulie-

39 899 47 950 ¹.
121 912 219 943 rum
262 898 492 966 levitatem·
526 900 918 959 loquacitatemque
950 902 1120 946 rideret.
1155 902 1330 946 Solebat
1360 904 1478 946 enim
1508 901 1585 945 ille
1617 903 1725 946 eius-

121 969 240 1015 modi
280 971 445 1016 facetiis
486 986 584 1016 suas
626 987 774 1017 ornare
817 975 1053 1027 orationes3
1088 975 1162 1031 qui
1193 977 1360 1031 poterat
1390 978 1537 1017 autem
1569 973 1724 1017 salsius

39 1086 43 1087 γ
121 1041 359 1087 exhilarare
399 1045 635 1088 orationem
667 1045 712 1086 in
745 1044 950 1088 mulieres
983 1046 1176 1088 habitam
1209 1049 1332 1102 (puta
1363 1045 1487 1088 illam
1520 1059 1595 1102 pro
1626 1044 1724 1102 lege

38 1134 40 1139 ·
122 1112 328 1168 Voconia)
359 1128 491 1172 quam
522 1115 844 1159 narratiuncula
874 1115 950 1160 illa
982 1116 1034 1160 de
1065 1117 1236 1174 Papirio
1267 1115 1572 1160 Praetextato?
1602 1116 1725 1159 Hanc

121 1184 246 1244 plane
286 1187 587 1239 immutatam,
637 1191 681 1231 et
724 1192 868 1231 tamen
910 1188 1102 1240 eandem,
1146 1191 1289 1232 nostro
1330 1187 1423 1231 loco
1465 1187 1725 1231 Plutarchus

121 1255 306 1315 profert:
353 1257 499 1302 nullae
545 1259 607 1301 ibi
654 1263 755 1302 sunt
798 1261 1056 1317 praetextati
1098 1259 1180 1303 filii
1221 1264 1379 1316 partes,
1422 1261 1514 1316 ipse
1555 1263 1726 1303 senator

122 1342 302 1373 uxorem
329 1343 455 1374 suam
482 1330 641 1387 decipit
668 1331 889 1375 mendacio
915 1331 1055 1375 multo
1082 1333 1225 1389 magis
1251 1330 1433 1374 ridiculo
1459 1345 1588 1388 quam
1614 1330 1726 1373 illud

124 1403 191 1444 est
230 1399 345 1457 quod
385 1401 507 1444 nobis
550 1399 719 1445 Gellius
761 1403 948 1455 exhibet,
992 1406 1036 1446 et
1067 1407 1157 1446 arte
1189 1402 1390 1445 narrandi
1419 1401 1551 1460 longe
1582 1406 1726 1445 noster

124 1469 332 1524 Gellium,
365 1472 570 1529 putidum
602 1473 914 1531 magistellum,
949 1475 1099 1517 vincit.
1131 1473 1189 1517 Et
1221 1474 1271 1517 de
1304 1488 1382 1517 suo
1411 1473 1724 1531 lepidissimam

20 1578 42 1587 ,
121 1542 231 1587 hanc
273 1542 391 1587 addit
432 1544 798 1590 observationem:
844 1546 933 1597 „sic
965 1546 1271 1602 experimento,
1303 1547 1348 1588 in
1380 1559 1464 1602 quo
1496 1545 1607 1588 nihil
1637 1549 1727 1588 erat

122 1613 318 1672 periculi,
361 1629 543 1659 uxorem
584 1629 708 1660 suam
750 1616 1085 1674 deprehenderat
1117 1621 1285 1661 senator
1317 1617 1416 1660 ille:
1449 1618 1495 1659 in
1527 1630 1603 1661 vas
1633 1631 1726 1673 per-

122 1689 272 1731 tusum
303 1700 386 1730 non
418 1688 572 1732 vinum
603 1687 805 1732 oleumve
837 1688 909 1732 sed
941 1702 1098 1745 aquam
1130 1688 1390 1732 infuderat.''

184 1757 212 1801 6
259 1757 325 1802 De
363 1758 706 1803 reconciliatione
747 1761 938 1818 Augusti
971 1764 1015 1804 et
1044 1761 1263 1817 Agrippae
1294 1761 1494 1804 Postumi
1525 1775 1573 1804 ea
1604 1761 1726 1804 nobis

123 1828 354 1873 traduntur
374 1843 484 1888 quae
509 1831 689 1875 mirifice
714 1832 914 1875 recedant
939 1845 964 1875 a
990 1831 1129 1875 'I'aciti
1154 1834 1409 1876 narratione.
1443 1832 1538 1876 Hoc
1560 1836 1726 1876 certum

122 1904 189 1944 est
227 1902 422 1958 ignotam
463 1915 559 1945 eam
602 1903 733 1946 fuisse
774 1902 1010 1947 Plutarcho
1054 1905 1166 1947 sicut
1208 1918 1284 1948 nos
1324 1904 1547 1956 habemus,
1580 1907 1727 1962 inepto

122 1971 415 2017 additamento
439 1975 502 2017 ita
530 1975 825 2031 perturbatam
853 1979 904 2018 ut
930 1974 1051 2019 nullo
1075 1979 1120 2019 te
1147 1977 1354 2019 extricare
1377 1975 1506 2020 modo
1525 1977 1659 2033 possis
1682 1975 1726 2030 ¹).

123 2042 263 2098 Quam
293 2045 331 2088 si
355 2043 615 2089 Plutarchus
642 2046 834 2104 legisset,
862 2061 1048 2104 prorsus,
1077 2051 1128 2090 ut
1155 2049 1318 2104 opinor,
1347 2047 1399 2091 ab
1426 2062 1476 2090 ea
1502 2049 1728 2091 abstinuis-

123 2118 190 2159 set
229 2116 373 2172 potius
415 2130 546 2174 quam
588 2118 823 2175 quidquam
856 2118 906 2162 de
940 2122 1031 2162 tota
1061 2132 1106 2162 re
1138 2132 1309 2162 narrare
1341 2122 1561 2163 tentasset.
1600 2119 1727 2175 Nunc

123 2185 228 2231 haec
258 2191 427 2231 narrat:

188 2257 375 2310 „Fabius
392 2259 441 2313 ²),
467 2260 659 2318 Augusti
686 2262 864 2313 amicus,
889 2265 1221 2318 conquerentem
1239 2262 1408 2305 audivit
1424 2263 1727 2319 imperatorem

125 2329 176 2374 de
208 2333 340 2388 gente
370 2345 448 2375 sua
479 2332 708 2376 exhausta:
744 2333 827 2376 duo
858 2334 1018 2376 mortui
1052 2337 1172 2376 erant
1203 2336 1393 2389 nepotes,
1427 2335 1585 2391 quique
1612 2333 1728 2377 solus

123 2406 344 2460 supererat
390 2402 548 2447 Fabius
591 2403 698 2448 falso
738 2406 917 2448 crimine
959 2405 1187 2448 damnatus
1229 2404 1331 2448 exul
1374 2408 1477 2448 erat.
1519 2405 1576 2448 Et
1615 2419 1729 2449 nunc

125 2472 391 2531 adoptandus
438 2476 479 2518 ei
525 2479 616 2518 erat
665 2476 816 2519 tertiae
859 2477 1006 2519 uxoris
1048 2475 1177 2527 filius,
1222 2478 1421 2533 quamvis
1464 2491 1565 2519 eum
1607 2476 1729 2520 illius

126 2544 318 2589 damnati
350 2547 519 2604 nepotis
552 2547 788 2599 misereret,
823 2562 951 2605 quem
986 2551 1028 2591 et
1061 2548 1113 2590 ab
1148 2547 1280 2591 exilio
1315 2552 1406 2591 erat
1437 2553 1728 2594 revocaturus.

126 2615 299 2669 Fabius,
341 2631 441 2661 cum
484 2619 544 2660 sic
586 2617 898 2662 lamentantem
940 2618 1128 2662 audisset
1172 2620 1438 2676 Augustum,
1482 2634 1574 2663 rem
1606 2622 1730 2664 uxori

126 2689 332 2740 narravit,
359 2688 436 2731 illa
464 2689 627 2732 Liviae.
657 2690 799 2746 Atque
826 2689 902 2733 illa
928 2691 1122 2748 graviter
1148 2705 1248 2733 cum
1266 2692 1420 2734 marito
1437 2691 1730 2748 expostulavit

127 2759 256 2816 quod,
299 2761 336 2802 si
365 2761 452 2803 iam
487 2764 767 2804 revocaturus
798 2760 928 2804 illum
961 2764 1072 2804 esset
1105 2760 1292 2813 exulem,
1325 2776 1408 2805 non
1441 2763 1529 2804 iam
1561 2762 1728 2819 pridem

174 2882 211 2924 l)
234 2882 294 2916 cff.
318 2882 471 2915 Analecta
495 2882 624 2914 Tacitca
648 2893 718 2914 mea
744 2893 775 2926 p.
798 2883 863 2915 212
877 2893 944 2925 sqq.

173 2936 213 2979 2)
236 2937 419 2979 agendum
451 2937 537 2970 enim
568 2936 703 2978 Φάβιος,
735 2948 810 2976 non,
842 2940 877 2970 ut
900 2937 1056 2970 traditum
1081 2939 1139 2978 est,
1161 2936 1336 2979 Φούλβιος,
1361 2949 1496 2981 namque
1520 2943 1569 2972 est
1592 2939 1641 2972 illi
1666 2941 1730 2972 Au-

128 2991 215 3036 gusti
236 2992 338 3025 amico
362 2992 458 3026 Fabio
481 3003 608 3026 nomen.
