2002 3372
835 266 919 310 591

116 412 124 426 ‹
141 390 354 437 Hsnmb'ri
375 391 474 436 vm
500 390 730 435 Problsma
756 389 784 432 2
813 390 892 433 hoc
918 391 1046 434 habet
1073 389 1319 434 exordium:
1349 403 1398 433 eo
1423 388 1538 446 quod
1564 402 1680 445 prae-

70 466 81 528 J
118 484 161 501 -υ
207 463 469 522 ‘'disputatio-
491 463 746 513 habitaest,
785 475 915 519 quam
950 462 1086 505 doctis
1118 459 1332 519 theologis
1362 461 1511 518 magni
1541 459 1679 502 videri

73 539 95 575 ss
128 539 302 581 ruem
332 532 486 580 debere
526 535 635 579 mihi
676 538 741 580 est
779 547 1057 591 persuasum:
1100 534 1151 578 de
1183 534 1360 578 deorum
1391 533 1493 576 filiis
1524 537 1567 576 et
1598 533 1680 575 im-

63 604 353 659 mulium
363 606 593 650 matribus
636 605 911 657 mortalibus,
955 606 1110 662 quibus
1157 604 1278 648 nulla
1323 608 1463 648 careat
1509 603 1678 661 religio.

73 725 78 731 ,
122 687 129 708 -”
153 678 408 736 συὲᾳιιοφιο
423 675 665 736 disputatio
687 676 846 721 silentii
873 681 938 720 est
965 690 1091 720 causa
1118 676 1248 720 donec
1275 676 1414 720 denuo
1441 676 1504 719 ita
1527 675 1680 731 incipit

207 748 418 794 nidnuer·
416 750 673 806 „quoniam
715 748 767 792 de
810 747 891 791 diis
929 748 1014 791 fuit
1046 762 1184 792 sermo
1215 751 1259 791 et
1289 748 1359 791 hic
1392 753 1454 791 est
1487 746 1680 790 Platonis

70 819 176 882 “lies
214 819 383 874 natalis,
425 820 575 878 quidni
617 822 763 878 ipsum
805 819 1031 863 Platonem
1074 819 1275 876 colloquii
1306 820 1442 863 nostri
1472 818 1681 862 iaciamus

63 882 351 955 ”participem
393 891 700 949 videamusque
738 891 842 948 quid
873 891 954 934 sibi
988 890 1095 934 velit
1125 892 1238 934 deum
1269 905 1419 946 semper
1445 890 1684 944 qeometriae

70 964 183 1011 &ee
221 978 378 1020 operam
415 963 645 1015 affirmans,
677 962 890 1019 siquidem
921 961 1113 1005 Platonis
1144 961 1255 1004 illud
1287 966 1352 1005 est
1384 961 1563 1004 dictum.
1598 961 1683 1004 Hic

62 1048 166 1097 *qo
193 1050 384 1094 nusquam
410 1034 586 1092 quidem
613 1036 706 1092 ipsa
730 1033 806 1077 illa
830 1034 958 1077 verba
985 1034 1097 1090 apud
1122 1033 1349 1076 Platonem
1366 1032 1455 1090 legi
1470 1032 1681 1090 respondi,

83 1109 244 1167 spirare
284 1111 429 1151 tamen
471 1120 521 1150 ea
561 1104 751 1149 indolem
792 1105 1073 1158 Platonicam,
1117 1119 1220 1163 ergo
1261 1119 1344 1148 non
1378 1109 1539 1148 temere
1572 1104 1685 1148 credi

57 1170 207 1239 'posse
238 1191 330 1222 esse
362 1177 558 1222 Platonis
591 1177 770 1221 dictum.

43 1243 74 1290 ⁴,
145 1249 280 1308 Saepe
326 1248 528 1293 audimus
575 1247 858 1292 Plutarchum
899 1262 950 1291 ex
994 1251 1186 1304 tempore
1230 1249 1451 1304 aptissime
1494 1246 1685 1290 Platonis

56 1317 328 1369 'florentem
370 1321 515 1366 verba.
556 1319 723 1373 Quanto
766 1321 907 1363 maius
949 1322 1013 1362 est
1055 1319 1265 1362 affirmare
1299 1319 1454 1362 audere
1487 1334 1564 1362 non
1595 1318 1686 1375 legi

67 1393 200 1454 apud
239 1391 466 1437 Platonem
498 1394 754 1436 sententiam
787 1390 991 1448 aliquam,
1026 1405 1204 1447 eamque
1237 1404 1345 1447 quae
1378 1392 1558 1433 minime
1589 1389 1684 1433 Pla-

74 1468 234 1514 ftonem
277 1461 501 1508 dedeceat?
548 1463 641 1507 Hoc
683 1467 828 1506 tamen
871 1462 1000 1506 audet
1040 1461 1296 1505 Plutarchus
1338 1476 1475 1519 neque
1513 1466 1688 1505 veretur

70 1551 143 1583 *ne
184 1537 375 1581 nimium
415 1536 499 1579 sibi
539 1549 738 1593 arrogare
779 1535 978 1591 cuiquam
1024 1535 1305 1578 convivarum
1348 1534 1568 1578 videatur:
1616 1547 1688 1576 ne-

64 1597 66 1602 “
87 1609 252 1654 n'inem
294 1609 410 1651 enim
443 1606 640 1651 dubitare
670 1607 795 1650 novit
826 1607 930 1662 quin
963 1609 1105 1648 totum
1137 1604 1360 1648 Platonem
1395 1604 1513 1648 fideli
1546 1609 1688 1648 teneat

63 1735 66 1739 ,
90 1679 317 1726 nemoris.

60 1782 73 1806 χ
110 1768 129 1801 'r
147 1750 218 1795 m.
249 1749 374 1794 Libri
402 1749 468 1794 IX
498 1748 775 1807 problematis
810 1748 866 1792 14
899 1751 1018 1806 parte
1046 1747 1180 1792 altera
1206 1747 1258 1792 de
1284 1747 1424 1791 Musis
1451 1748 1690 1792 Sirenibus-

60 1822 62 1826 ’
88 1836 185 1883 que,
216 1821 354 1880 deque
383 1823 526 1866 omnia
557 1825 733 1879 regente
763 1821 1043 1873 Necessitate,
1074 1819 1256 1877 denique
1288 1819 1338 1863 de
1370 1820 1496 1863 rebus
1526 1821 1690 1878 gravis-

56 1939 58 1942 ,
90 1895 234 1942 dmin
254 1898 301 1938 et
336 1895 528 1937 maxime
569 1893 797 1936 reconditis
840 1893 1000 1949 agitur.
1043 1891 1128 1934 Hic
1159 1892 1420 1934 Ammonius
1453 1893 1688 1935 orationem

62 1956 63 1959 Ἰ
89 1965 221 2011 habet
261 1965 581 2023 gravissimam,
619 1963 973 2020 pulcherrimam,
1005 1963 1223 2006 mentibus
1255 1963 1483 2006 hominum
1517 1977 1690 2006 sursum

56 2080 59 2082 .
89 2036 335 2098 attollendis
365 2038 648 2094 aptissimam.
680 2035 762 2080 Sed
790 2035 918 2093 longe
942 2033 1063 2078 illam
1092 2034 1315 2078 Plutarchi
1340 2039 1512 2092 superat
1540 2036 1689 2088 oratio,

17 2126 19 2128 ·
89 2123 202 2169 quae
237 2120 369 2168 quam
410 2107 592 2152 fideliter
631 2107 855 2151 Plutarchi
897 2108 1153 2150 sententiam
1195 2107 1245 2150 de
1277 2107 1403 2150 rebus
1435 2121 1542 2164 quae
1573 2121 1692 2164 prae-

59 2182 217 2242 dpue
264 2180 382 2225 cordi
434 2182 476 2225 ei
526 2183 628 2224 sunt
673 2178 851 2230 referat,
894 2178 967 2222 vel
1009 2179 1198 2221 maxime
1240 2182 1415 2236 apparet
1457 2193 1479 2221 e
1526 2178 1693 2222 duobus

58 2253 207 2298 hisce
246 2251 444 2312 dogmasci
484 2266 593 2310 quae
634 2250 907 2295 flosculorum
940 2252 1075 2293 instar
1106 2251 1445 2293 interseruntur:
1493 2250 1514 2292 1
1549 2251 1694 2293 amoris

66 2325 70 2335 ’“
92 2323 195 2369 fluis·
232 2327 279 2369 et
304 2325 621 2368 consummatio
654 2327 718 2366 est
749 2337 851 2367 vera
883 2325 1010 2379 atque
1042 2321 1179 2365 fidelis
1210 2324 1323 2366 inter
1354 2336 1534 2366 uxorem
1565 2324 1693 2366 mari-

63 2395 66 2418 2
91 2400 277 2453 tumque
305 2395 486 2438 amicitia
527 2395 556 2438 2
588 2393 720 2438 lautis
752 2394 839 2437 frui
871 2393 1010 2450 epulis
1041 2393 1094 2437 ad
1124 2407 1247 2437 suam
1279 2395 1408 2437 unius
1437 2393 1691 2451 explendam

91 2467 367 2526 voluptatem
393 2467 628 2511 bestiarum
663 2467 809 2523 potius
839 2479 970 2522 quam
1001 2465 1227 2508 hominum
1262 2479 1352 2509 esse
1384 2465 1580 2509 videtur:
1621 2465 1694 2509 sed

75 2538 202 2589 ,nihil
243 2540 390 2598 magis
437 2539 610 2582 humine
659 2537 842 2595 dignum
889 2550 1018 2594 quam
1067 2551 1239 2580 coenam
1282 2551 1429 2594 parare
1473 2538 1693 2594 opiparam

63 2652 65 2654 .
91 2614 266 2671 propter
294 2609 484 2655 iucunda
514 2614 558 2654 et
588 2609 814 2653 literarum
846 2607 972 2666 plena
1003 2622 1102 2652 cum
1135 2610 1283 2652 amicis
1316 2608 1540 2666 colloquia.

58 2735 59 2738 Ἰ
154 2682 353 2727 Profecto
394 2682 540 2739 ipsum
583 2681 653 2724 hic
694 2685 891 2724 tenemus
922 2679 1220 2732 Plutarchum,
1253 2680 1325 2724 sed
1357 2695 1439 2724 non
1473 2684 1618 2723 tamen
1649 2680 1696 2724 id

74 2753 214 2802 ,illius
243 2753 328 2798 loci
357 2757 424 2797 est
452 2754 723 2810 primarium,
755 2751 828 2795 sed
861 2751 974 2808 quod
1008 2751 1207 2795 omnibus
1241 2753 1316 2808 qui
1346 2752 1501 2795 adsunt
1526 2751 1695 2795 Plutar-

79 2825 203 2872 chus
231 2827 374 2884 magis
405 2838 535 2882 quam
562 2838 759 2867 summus
785 2825 878 2867 eius
907 2825 1114 2881 magister
1135 2824 1406 2875 Ammonius,
1436 2838 1562 2881 quem
1593 2824 1695 2868 adeo

64 2891 67 2922 3
94 2898 309 2955 inspicere
341 2895 449 2940 solet
479 2898 584 2953 ipse,
617 2895 776 2952 dignus
808 2895 978 2939 videtur
1011 2897 1085 2952 qui
1118 2895 1467 2952 disceptationem
1500 2895 1551 2939 de
1576 2897 1696 2938 intri-

68 2962 74 2979 ⁷
96 2971 310 3015 notissima
342 2969 728 3024 obscurissimaque
761 2968 1007 3024 quaestione
1038 2966 1260 3010 Platonica
1286 2966 1510 3010 concludat
1538 2970 1580 3010 et
1606 2980 1696 3024 per—

52 3041 67 3046 ’
97 3040 227 3086 ducat
258 3039 311 3084 ad
342 3041 525 3084 exitum.
