2002 3372
860 199 945 244 175

161 322 248 371 Hic
271 336 353 380 ego
379 323 572 380 primum
598 321 712 373 μετὰ
739 322 890 376 μάχης
917 322 1146 366 delendum
1173 338 1321 368 censeo
1348 327 1499 381 utpote
1522 323 1702 368 moleste

18 414 26 458 j
101 394 320 441 abundans
351 397 554 450 sequente
586 394 851 443 πολεμικούς.
884 394 1048 438 Deinde
1079 397 1124 438 in
1159 395 1358 443 ὑπούλους
1390 396 1555 447 haereo,
1590 395 1702 452 quod

102 480 238 524 neque
283 465 495 523 quomodo
541 464 593 509 de
640 466 908 509 sermonibus
948 471 1062 510 recte
1104 467 1270 510 dicatur
1312 481 1448 524 neque
1491 467 1703 524 quomodo

103 552 204 583 oum
229 537 481 588 πολεμικούς
510 538 637 594 iungi
666 538 802 594 possit
835 537 970 581 video.
1006 538 1087 580 Vix
1117 538 1267 582 dubito
1299 541 1403 595 quin
1432 539 1621 587 ἐνόπλους
1650 540 1706 582 sit

102 609 360 668 legendum;
391 608 532 666 lepide
564 613 660 652 tum
692 623 906 653 sermones
938 624 1036 653 cum
1069 610 1235 667 Spar-tis
1265 615 1581 668 comparantur.

171 757 309 803 395A
343 757 636 814 Diogenianus
663 759 727 800 est
754 757 907 814 hospes
934 757 1023 809 ille,
1042 772 1172 814 quem
1191 758 1389 802 Philinus
1407 763 1457 802 ut
1473 761 1706 816 sapientiae

105 830 346 874 studiosum
378 843 639 887 magnopere
670 827 832 881 laudat,
865 829 1069 886 additque
1101 830 1227 874 haec:

167 899 272 944 ὥστε
304 901 372 944 καὶ
406 902 552 954 βραχὺ
586 900 889 951 συγγενόμενον
924 902 1040 949 εὐθὺς
1073 903 1224 945 εἰπεῖν·
1262 902 1406 954 υτέκος
1438 903 1598 955 ἀγαθοῦ
1625 919 1704 946 πα-

105 972 241 1026 τρός”.
273 970 386 1016 οἶσθα
420 973 505 1024 γὰρ
542 972 800 1023 Διογενιανὸν
836 972 982 1026 ἀνδρῶν
1015 971 1192 1026 ἄριστον.

166 1043 243 1088 Est
274 1058 377 1102 ergo
407 1043 664 1102 Diogeniani
696 1042 823 1086 filius.

171 1190 359 1237 395BO
402 1191 470 1234 τὸν
513 1191 587 1241 μὲν
629 1191 713 1242 γὰρ
759 1190 950 1243 Κορίνθιον
993 1194 1067 1245 (sc.
1110 1192 1292 1246 χαλκὸν)
1336 1193 1378 1235 οὐ
1420 1191 1548 1246 τέχνῃ
1591 1192 1707 1235 ἄλλα

111 1264 318 1318 συντυχίᾳ
350 1268 423 1312 τῆς
456 1266 587 1316 χροᾶς
619 1263 770 1312 λαβεῖν
803 1263 848 1304 τὸ
882 1264 1053 1310 κάλλος.

171 1335 270 1379 Iure
311 1335 382 1378 hic
421 1339 554 1387 φασιν
596 1334 735 1377 editor
779 1334 910 1376 addit.
955 1334 1159 1391 Sequitur
1200 1338 1299 1378 nota
1330 1337 1516 1379 narratio
1549 1336 1600 1379 de
1633 1334 1710 1380 Co-

110 1407 262 1450 rinthii
309 1407 418 1449 aeris
467 1407 657 1463 origine:
708 1405 958 1448 incendium
1005 1407 1049 1448 in
1098 1405 1272 1448 aedibus
1318 1407 1573 1463 quibusdam
1617 1408 1711 1450 auri

107 1479 362 1537 argentique
405 1478 477 1521 sed
519 1476 663 1520 multo
703 1478 910 1520 maiorem
944 1478 1053 1520 aeris
1085 1477 1278 1520 confudit
1307 1479 1419 1521 inter
1450 1493 1494 1521 se
1525 1479 1706 1535 copiam,

106 1563 192 1608 quo
225 1550 336 1593 facto

168 1621 294 1672 ὄνομα
328 1622 398 1664 τοῦ
429 1623 596 1675 χαλκοῦ
630 1621 685 1672 τῷ
720 1618 873 1673 μείζονι
908 1619 954 1661 τὸ
987 1621 1141 1669 πλῆθος
1174 1620 1401 1673 παρέσχεν.

169 1691 381 1750 Corrupta
422 1692 526 1735 haec
558 1706 647 1735 esse
678 1691 794 1734 ultro
827 1690 984 1734 clamat
1016 1691 1155 1735 editor
1185 1694 1245 1735 sic
1277 1687 1595 1749 interpretando
1628 1694 1705 1735 sci-

106 1763 228 1808 licet:
273 1764 320 1807 τὸ
363 1765 514 1813 πλῆθος
558 1767 629 1806 τοῦ
672 1766 837 1816 χαλκοῦ
882 1763 1092 1817 παρέσχεν
1136 1762 1262 1815 ὄνομα
1306 1767 1395 1816 (τοῦ
1428 1767 1613 1818 χαλκοῦ)
1652 1766 1706 1817 τῷ

109 1836 262 1890 μείζονι
305 1838 380 1891 (sc.
424 1834 534 1887 μέρει
579 1838 650 1878 τοῦ
694 1833 902 1888 χαλκοῦ)Ῑ
949 1834 1078 1878 Haud
1118 1834 1230 1879 male
1264 1837 1323 1879 sic
1358 1836 1557 1879 emendat
1588 1836 1713 1894 Steg-

112 1921 294 1952 mannus
324 1906 449 1957 ὄνομα
482 1910 552 1950 τοῦ
585 1909 753 1959 χαλκοῦ
786 1906 831 1947 τὸ
866 1905 1003 1959 μεῖζον
1038 1907 1191 1954 πλῆθος
1223 1906 1427 1960 παρέσχε.
1461 1906 1542 1950 Sed
1576 1921 1712 1963 neque

116 1979 229 2023 unde
271 1982 370 2022 nata
411 1980 470 2022 sit
507 1979 665 2022 vitiosa
695 1977 824 2021 lectio
856 1982 1033 2034 apparet
1065 1982 1108 2021 et
1139 1992 1216 2021 suo
1247 1978 1328 2020 sibi
1359 1978 1503 2021 dativo
1535 1979 1715 2022 verbum

115 2051 304 2104 παρέσχε
338 2053 466 2094 caret.
499 2049 786 2093 Plutarchum
817 2049 1016 2106 equidem
1049 2050 1265 2106 scripsisse
1291 2051 1459 2107 opinor:
1489 2049 1613 2101 ὄνομα
1643 2053 1714 2092 τοῦ

113 2124 280 2176 χαλκοῦ
314 2122 369 2175 τῷ
402 2122 527 2164 παντὶ
562 2122 607 2164 τὸ
641 2120 778 2173 μεῖζον
810 2122 962 2167 πλῆθος
996 2121 1221 2173 παρέσχεν.

177 2258 312 2303 395Ε
344 2258 542 2302 Philinus
574 2259 710 2302 amico
743 2271 917 2300 narrans
944 2257 994 2300 de
1021 2256 1246 2314 colloquiis
1273 2271 1372 2300 cum
1399 2257 1580 2315 hospite,
1609 2257 1713 2301 dum

114 2330 525 2381 circumducebatur,
558 2330 716 2373 habitis
748 2329 912 2372 Theoni
940 2330 1098 2385 primas
1125 2332 1267 2385 partes
1294 2329 1462 2380 tribuit,
1490 2331 1565 2386 qui
1591 2333 1716 2372 acuta

114 2402 298 2460 quadam
326 2401 569 2446 Aristotelis
599 2405 935 2445 commemorata
963 2401 1204 2444 coniectura
1228 2400 1278 2443 de
1296 2400 1503 2457 peculiari
1520 2400 1718 2458 Delphici

114 2476 222 2518 aeris
253 2473 404 2526 colore,
438 2475 498 2517 sic
530 2473 582 2516 ad
614 2472 827 2529 reliquam
861 2475 980 2529 parat
1014 2472 1350 2529 disputationem
1383 2474 1638 2515 transitum:

177 2544 228 2589 ἂν
254 2541 319 2588 οὖν
347 2545 414 2587 καὶ
444 2545 564 2587 αὐτοί
591 2560 630 2586 τι
659 2546 836 2586 τοιοῦτον
866 2543 1078 2586 ὑποθέσθαι
1110 2544 1350 2595 δυνηθῶμεν,
1381 2545 1424 2585 οὐ
1443 2543 1717 2585 παντάπασιν

115 2618 373 2670 ἀπορήσομεν
406 2615 561 2668 ἐπῳδῆς
596 2616 663 2657 καὶ
701 2616 967 2668 παραμυθίας
1002 2615 1098 2666 πρὸς
1133 2618 1204 2664 τὴν
1238 2615 1423 2667 ἀπορίαν.

172 2687 264 2732 Iam
297 2689 438 2745 primo
469 2692 645 2745 aspectu
676 2687 793 2730 istud
826 2688 1084 2738 ἀπορήσομεν
1119 2719 1128 2729 .
1151 2719 1159 2729 .
1181 2719 1191 2729 .
1225 2687 1398 2738 ἀπορίαν
1426 2687 1715 2742 suspicionem

113 2761 214 2805 vitii
246 2763 393 2804 movet
421 2759 542 2803 illius
571 2761 618 2802 in
649 2762 773 2802 textu
807 2757 1029 2801 Plutarchi
1062 2762 1152 2802 tam
1182 2758 1327 2800 crebro
1356 2760 1623 2801 recurrentis.
1657 2758 1716 2800 Et

87 2845 160 2875 -re
190 2829 261 2875 vel
292 2831 430 2874 obiter
460 2830 723 2874 considerata
753 2830 858 2874 haec
890 2843 990 2873 sana
1021 2844 1104 2872 non
1137 2843 1226 2872 esse
1257 2828 1409 2872 elucet.
1444 2828 1566 2872 Nihil
1597 2831 1714 2872 enim

114 2902 345 2946 iucundius
387 2901 434 2944 hi
466 2901 710 2959 philosophi
740 2905 896 2944 norunt
928 2914 1057 2957 quam
1090 2902 1204 2957 ipsas
1237 2902 1424 2953 ἀπορίας,
1457 2914 1592 2957 neque
1624 2899 1716 2944 ullo

120 2977 335 3030 praeterea
375 2972 659 3016 delenimento
703 2987 810 3028 opus
841 2977 906 3015 est
938 2978 987 3016 ut
1017 2986 1234 3015 summam
1272 2986 1324 3015 ex
1358 2973 1412 3015 iis
1446 2973 1615 3028 capiant
1649 2972 1718 3016 de-
