1930 3354
1036 253 1123 298 614

294 379 756 436 prudentissimumque
797 378 840 418 et
881 378 1101 431 tamquam
1132 375 1446 432 lepidissimum
1477 375 1866 432 facetistfimumque

295 456 407 493 amet
438 448 687 505 diligatque.

354 520 487 573 Quam
517 518 709 561 diversus
740 517 792 559 ab
823 516 901 559 hac
932 516 1196 559 oratiuncula
1221 516 1369 559 doctus
1393 515 1467 559 ille
1493 517 1690 559 adversm
1703 517 1866 566 &aleten

292 591 410 642 liber,
456 591 529 645 qui
560 593 700 631 tamen
735 587 881 630 eodem
913 591 1098 643 spectat:
1131 601 1331 644 arrogans
1364 601 1412 630 eo
1444 591 1488 630 et
1517 586 1628 637 levis
1658 587 1868 633 refutatur

293 661 524 718 Epicureus
560 660 634 715 qui
675 658 1100 701 vehementissimum
1141 660 1187 700 in
1228 671 1372 701 omnes
1412 657 1559 700 fecerit
1598 655 1867 716 philosophos

292 733 517 787 impetum,
550 743 573 772 a
606 729 759 785 quibus
789 730 928 785 ipsam
958 729 1133 772 vivendi
1165 727 1412 771 facultatem
1439 727 1535 771 tolli
1558 727 1788 772 contendit.
1820 728 1867 772 Si

293 802 387 857 quis
428 799 538 843 alius
577 799 698 851 liber,
741 799 811 842 hic
850 798 1079 842 Plutarcho
1122 813 1292 842 summo
1331 802 1394 841 est
1423 798 1595 842 honori:
1624 797 1777 856 plenu}
1804 804 1868 843 est

293 872 519 929 gravitatis
551 870 846 926 doctrinaeque
878 868 950 912 sed
975 883 1100 914 verae
1131 868 1440 925 simplicisque3
1473 874 1642 915 tantum
1672 867 1790 917 abest
1818 873 1868 913 ut

292 936 470 998 scriptor
510 942 710 984 obscurus
751 954 940 997 unquam
984 940 1058 982 fiat
1098 945 1147 983 ut
1187 942 1317 983 etiam
1357 939 1496 991 laceri,
1537 940 1693 997 quibus
1722 942 1867 993 scatet,

291 1013 389 1063 loci,
422 1011 522 1054 licet
550 1013 642 1068 ipsa
673 1011 802 1054 verba
833 1024 940 1067 quae
967 1011 1199 1053 exciderint
1225 1015 1437 1067 praestare
1460 1011 1548 1053 iam
1574 1011 1707 1068 possit
1728 1024 1867 1064 nemo,

292 1087 435 1125 tamen
475 1096 558 1138 quo
600 1081 726 1124 modo
760 1095 906 1123 sensus
939 1094 1086 1123 eorum
1120 1081 1177 1123 sit
1207 1080 1494 1124 restituendus
1525 1080 1688 1124 dudum
1712 1082 1777 1124 sie
1803 1083 1868 1125 in-

292 1152 528 1196 tellectum.
570 1151 716 1194 Totius
753 1150 1047 1208 philosophiae
1078 1149 1262 1194 Graecae
1293 1152 1493 1208 egregius
1522 1151 1592 1194 hic
1620 1150 1749 1195 datur
1774 1165 1868 1196 con-

292 1227 460 1280 spectus
490 1247 547 1255 -—
580 1224 728 1265 ceteris
758 1236 861 1266 vero
895 1222 1092 1264 omnibus
1121 1221 1226 1264 locis
1255 1226 1440 1278 praestat
1469 1220 1543 1265 ille
1572 1221 1625 1265 d'e
1655 1221 1869 1280 Ped'pate·

292 1296 388 1337 ticis
421 1319 477 1326 —
508 1297 681 1350 totaque
723 1293 941 1349 dispositio
982 1292 1249 1349 elocutioque
1289 1292 1504 1349 legentem
1545 1293 1759 1337 suavitate
1783 1295 1870 1337 'sua

293 1365 465 1407 detinet.
506 1363 621 1420 Ergo
650 1365 696 1406 in
727 1363 835 1406 libro
868 1362 1063 1406 veracule
1097 1365 1253 1420 scripto
1285 1364 1423 1419 capita
1458 1362 1570 1405 1--3
1603 1367 1645 1406 et
1668 1361 1868 1415 ·80‘-·-84‚

293 1449 398 1492 quae
438 1436 631 1477 omnium
674 1438 775 1476 sunt
812 1433 1163 1484 luculentissima,
1196 1436 1364 1490 integra
1398 1435 1506 1476 verti
1534 1437 1578 1477 et
1607 1435 1742 1478 totius
1770 1433 1870 1478 libri

293 1510 563 1562 conspectum
607 1505 701 1548 dedi
741 1504 971 1548 admodum
1003 1509 1261 1548 accuratum.
1295 1504 1458 1558 Quibus
1487 1503 1871 1548 adiumentislicet

292 1576 414 1619 facile
446 1590 585 1619 carere
616 1577 749 1632 possit
779 1577 849 1618 cui
879 1575 931 1618 ad
956 1578 1099 1631 ipsum
1125 1574 1404 1618 Plutarchum
1430 1578 1549 1632 patet
1572 1574 1727 1627 aditus.
1751 1574 1870 1619 lubet

293 1652 434 1690 tamen
474 1660 608 1703 neque
640 1647 714 1689 abs
744 1660 788 1688 re
820 1645 990 1689 videtur
1022 1660 1044 1689 e
1075 1651 1301 1702 conspectu
1332 1645 1409 1688 illo
1437 1659 1571 1703 pauca
1600 1645 1684 1689 huc
1714 1650 1871 1702 protra-

292 1718 403 1761 here.
435 1717 542 1760 Τοῖα
573 1730 673 1773 ergo
705 1717 904 1759 refutatio
936 1717 1020 1759 huc
1051 1717 1136 1759 fere
1167 1716 1277 1760 redit
1309 1720 1356 1759 ut
1390 1716 1869 1772 demonstretur-ipsum

292 1787 469 1832 Coloteu
499 1802 583 1831 non
612 1787 870 1830 intellexisse
901 1787 1172 1844 philosophos
1204 1801 1308 1844 quos
1339 1786 1670 1844 reprehenderit,
1695 1792 1773 1830 aut
1793 1785 1870 1830 ills

292 1873 439 1902 eorum
482 1861 755 1915 impugnasse
797 1858 999 1915 dogmata
1042 1871 1148 1914 quae
1187 1859 1242 1900 iis
1283 1871 1382 1900 cum
1423 1859 1514 1914 ipso
1558 1857 1750 1914 Epicuro>
1783 1858 1871 1900 sint

292 1931 548 1981 communia,
591 1934 665 1972 aut
706 1929 884 1985 denique
924 1943 972 1972 ea
1011 1930 1066 1971 iis
1101 1930 1209 1972 vitio
1241 1928 1403 1972 dedisse
1435 1941 1556 1985 quae,
1588 1927 1871 1972 etiamsi'sint

293 2014 421 2057 quam
461 1999 700 2050 falsissima,
740 2003 883 2042 tamen
931 2000 1109 2042 minime
1151 2013 1174 2042 e
1216 2000 1306 2042 vita
1350 1999 1577 2042 hominum
1622 1997 1869 2042 felicitatem

292 2070 446 2115 tollant
475 2070 543 2114 vel
577 2069 725 2114 tollere
757 2072 934 2127 possint.
1816 2086 1819 2087 ⁷

351 2156 386 2185 c.
423 2141 477 2183 14
525 2140 698 2184 Dixerat
737 2140 904 2185 Colotes
944 2141 1058 2184 ideas
1099 2139 1197 2183 illas
1237 2140 1532 2197 Peripateticis
1563 2152 1662 2183 cum
1693 2138 1870 2184 Platone

293 2225 380 2255 esse
405 2220 670 2255 communes:
702 2213 903 2263 „ubinam
927 2212 1164 2255 terrarum’'
1182 2210 1390 2254 exclamat
1407 2209 1664 2254 Plutarchus
1684 2209 1868 2261 „librum

291 2287 417 2326 tuum
449 2283 747 2338 conscripsisti,
779 2282 853 2325 ubi
885 2296 1102 2338 nunquam
1133 2281 1250 2324 ullus
1282 2282 1554 2338 Peripatetici
1584 2280 1693 2324 liber
1718 2282 1797 2324 tibi
1822 2282 1868 2324 in

291 2366 442 2396 manus
473 2351 692 2396 venerit?''
725 2352 883 2409 Relege
914 2353 1023 2395 mihi
1054 2357 1191 2395 totam
1220 2351 1342 2395 illam
1368 2351 1675 2408 indignationis
1698 2351 1865 2408 plenam

290 2426 679 2481 interrogationem,
711 2438 912 2481 agnosces
943 2423 1134 2467 eiusdem
1168 2437 1261 2466 eam
1294 2437 1385 2466 esse
1416 2424 1491 2479 qui
1521 2421 1681 2466 librum
1710 2423 1760 2465 de
1790 2436 1869 2465 ma-

292 2495 476 2549 aquitane
516 2495 711 2537 Herodoti
749 2496 976 2551 scripserit,
1010 2496 1132 2537 cuius
1163 2494 1340 2537 conferri
1373 2494 1442 2536 hic
1474 2492 1590 2536 locus
1620 2494 1773 2550 possit:
1806 2506 1869 2537 ca·

292 2568 392 2622 pitis
435 2565 489 2608 37
531 2567 719 2608 initium.
761 2566 909 2621 Neque
956 2567 1098 2608 minus
1139 2565 1185 2608 hi
1216 2579 1264 2608 ex
1299 2567 1478 2620 utroque
1510 2563 1729 2607 libro'loci
1758 2565 1868 2607 inter

293 2651 336 2679 se
367 2642 465 2678 sunt
496 2638 688 2693 cognati:
731 2637 778 2678 de
809 2636 970 2690 maliyn.
1003 2637 1102 2678 Her.
1135 2636 1227 2689 (ubi
1259 2636 1503 2692 exagitatur
1533 2639 1658 2691 turpe
1685 2631 1795 2677 illud
1825 2637 1868 2679 et

291 2709 510 2763 ineptum:
561 2708 670 2757 „nisi
709 2708 826 2762 ipsae
866 2706 967 2750 illae
1012 2705 1288 2750 mulierculae
1329 2705 1564 2749 voluissent
1601 2709 1745 2761 raptae
1784 2719 1866 2748 non

293 2778 477 2830 essent’')
509 2781 551 2819 et
580 2778 712 2820 nostri
742 2777 842 2820 libri
871 2791 905 2821 c.
938 2776 991 2821 17
1021 2777 1113 2830 (ubi
1135 2776 1373 2820 defenditur
1397 2783 1547 2819 notum
1570 2774 1681 2818 illud
1706 2773 1868 2819 Socrati

293 2848 439 2890 datum
479 2847 694 2890 oraculum
727 2851 871 2890 contra
903 2846 1063 2892 Golotis
1095 2847 1364 2890 futilissimas
1393 2845 1642 2904 calumnias)
1669 2848 1714 2888 et
1743 2859 1780 2888 c.
1812 2844 1866 2889 18

293 2919 385 2971 (ubi
425 2916 594 2960 Colotes
633 2917 811 2974 vapulat
855 2919 929 2973 qui
971 2918 1106 2961 dicere
1147 2919 1309 2961 veritus
1348 2930 1432 2960 non
1471 2920 1535 2960 est
1564 2915 1648 2959 alia
1676 2915 1865 2960 docuisse

294 2988 507 3031 Socratem
539 2992 580 3030 et
612 2987 693 3030 alia
724 2989 900 3042 fecisse).
