2002 3372
905 223 992 269 375

66 343 67 346 ¹
147 350 297 406 proavi
319 350 664 393 nostri'mortuis
689 347 883 405 puerulis
912 348 1151 406 puellisque
1179 349 1352 392 inferias
1378 349 1477 391 ferri
1497 351 1740 399 vetuerunt,

147 413 350 478 quoniam
390 419 501 465 nihil
542 419 632 464 illis
675 421 764 463 iam
807 433 906 463 cum
950 422 1075 464 terris
1116 434 1343 464 commune
1381 423 1492 463 esset
1505 432 1516 471 ;
1551 419 1743 463 divinam

147 493 264 536 enim
295 501 396 554 *esee
435 505 585 537 eorum
626 496 800 544 sortem,
845 492 1044 536 divinum
1088 492 1401 537 domicilium''.
1445 492 1610 546 Quibus
1641 492 1743 536 haec

146 556 267 607 n‘dfflt
293 567 463 608 noster:
532 575 533 578 ’

152 634 314 679 umal*
340 634 385 678 ³³
425 635 477 678 τὸ
515 638 709 679 ἀπιστεῖν
739 635 1037 689 χαλεπώτερόν
1072 637 1181 678 ἔστιν
1213 637 1352 683 αὐτοῖς
1387 637 1409 686 ἣ
1441 637 1486 678 τὸ
1518 634 1740 687 πιστεύειν,

145 706 203 749 τὶ
226 706 310 758 *aba
341 706 457 752 ἐκτὸς
485 705 612 755 οὕτως
642 709 693 753 ὡς
727 707 762 750 οἱ
795 707 907 758 νόμοι
940 707 1263 759 προστάττουσιν
1289 707 1466 761 ἔχωμεν,
1495 708 1551 750 τὰ
1579 707 1615 750 δ’
1633 708 1742 755 ἐντὸς

144 777 404 828 ἔτή-’μᾶλλην
433 777 626 828 ἀμίαντα
657 778 726 821 καὶ
761 778 924 831 καθαρὰ
957 779 1027 822 καὶ
1064 781 1277 832 σώφρωνα.

172 867 173 873 ¹
201 849 468 906 *Agnoscisne
493 848 759 906 praeclarum
785 848 895 892 illud
921 850 1160 906 paradoxon
1189 849 1516 894 Plutarcheum:
1546 849 1742 902 „facilius

143 922 210 963 est
259 919 430 964 credere
483 934 615 978 quam
669 934 751 964 non
799 920 966 964 credere
1015 923 1206 964 animam
1254 934 1344 964 esse
1389 920 1741 964 immortalem’'?

143 986 339 1036 Ubinam=
359 991 517 1036 melius
542 993 644 1050 poni
668 993 812 1049 potuit
838 1006 968 1049 quam
993 995 1038 1035 in
1066 992 1370 1037 consolationis
1389 991 1740 1050 „peroratione''?

142 1061 490 1117 Quaenuuo‘est
513 1063 834 1108 huiuscemodi:
869 1077 978 1122 „age
1011 1063 1153 1122 palam
1184 1065 1252 1108 his
1279 1064 1450 1122 legibus
1475 1064 1738 1117 obediamus,

141 1135 368 1193 magisque
398 1136 530 1179 etiam
561 1139 611 1179 ut
641 1137 733 1192 ipsa
766 1149 888 1179 mens
919 1139 1064 1179 nostra
1094 1150 1194 1179 cum
1224 1138 1279 1180 iis
1311 1137 1536 1180 conveniat
1568 1150 1738 1193 operam

142 1206 331 1251 damner
357 1220 409 1251 eo
448 1209 566 1251 enim
607 1208 809 1251 nituntur
839 1207 1118 1251 fundamento
1150 1208 1262 1265 quod
1293 1207 1481 1265 pueriles
1511 1209 1646 1251 animi
1677 1208 1739 1250 di-

140 1279 244 1323 vina
271 1272 452 1336 'peccet
481 1278 686 1323 felicitate
718 1279 927 1332 fruantur,
961 1279 1073 1337 quod
1104 1281 1165 1323 ita
1197 1293 1242 1322 se
1273 1280 1429 1323 habere
1460 1279 1627 1323 facilius
1654 1294 1739 1323 cre-

140 1349 259 1394 ditur
289 1359 421 1408 (suam
450 1364 536 1394 non
569 1351 803 1395 creditur.''

176 1421 288 1465 Sed
309 1421 608 1466 lubentissime
636 1437 735 1466 cum
758 1423 908 1466 eodem
932 1422 1201 1467 Volkmanno
1227 1423 1336 1467 facio
1353 1423 1736 1482 Wyttenbachium

139 1493 355 1538 refuhnte
394 1495 470 1552 qui
510 1494 729 1538 contendit
758 1495 867 1538 hanc
896 1494 1178 1538 'Pimoxenam
1209 1495 1423 1540 diversam
1455 1509 1546 1539 esse
1578 1495 1630 1539 ab
1660 1494 1738 1538 illa

138 1566 338 1622 quaeda
383 1565 628 1623 Praeceptis
669 1564 979 1624 Coniugalibus
1020 1568 1279 1611 nominetur.
1328 1565 1399 1610 Sic
1443 1567 1631 1611 breviter
1676 1566 1737 1609 ibi

138 1635 398 1680 Plutarchus
436 1638 630 1681 nominat
658 1637 940 1682 'Pimoxenam
973 1642 1016 1682 et
1047 1639 1196 1682 scribit
1226 1638 1280 1682 ad
1310 1637 1569 1696 Eurydicen,
1606 1651 1736 1695 quam

137 1706 255 1751 domi
272 1708 389 1765 'ipse'
407 1720 511 1752 suae
541 1708 754 1753 educavit.
787 1709 938 1753 Nonne
970 1711 1006 1752 si
1037 1709 1165 1753 aliam
1199 1709 1480 1754 Timoxenam
1505 1710 1734 1768 quandam,

136 1785 228 1823 nonr
249 1792 374 1824 suam
404 1792 599 1831 uxorem,
631 1783 873 1839 cogitasset,
906 1781 951 1824 id
983 1781 1139 1826 diserte
1171 1781 1455 1840 significasset
1465 1782 1483 1825 ἱ)

196 1850 310 1896 Nam
327 1865 451 1909 ‘quae
479 1853 527 1895 in
558 1851 802 1910 Praeceptis
829 1851 1141 1911 Coniugalibus
1168 1854 1219 1897 de
1245 1853 1482 1898 'Pimoxena
1507 1854 1736 1898 traduntur

137 1924 323 1981 egregie·
342 1925 604 1968 conveniunt
635 1926 679 1967 in
711 1924 936 1968 Plutarchi
966 1939 1159 1977 uxorem,
1191 1939 1299 1982 quae
1330 1927 1451 1970 nobis
1481 1926 1560 1970 hoc
1586 1925 1734 1969 libello

137 1996 241 2040 viva
290 1996 540 2053 spiransque
583 1998 850 2053 proponitur.
907 1997 1087 2040 Librum
1136 1999 1251 2040 enim
1299 1999 1516 2055 scripsisse
1562 1997 1733 2040 dicitur.

135 2066 295 2121 Quidni
334 2067 414 2111 hoc
455 2067 678 2111 credamus
723 2067 774 2111 de
815 2067 999 2111 muliere
1030 2082 1138 2125 quae
1170 2068 1360 2112 adsidere
1391 2068 1517 2112 solita
1548 2070 1603 2111 sit
1635 2082 1733 2111 cum

137 2137 461 2196 „philosophis”
511 2140 587 2196 qui
633 2139 686 2183 ad
732 2154 862 2183 suum
909 2142 1203 2184 convenissent
1251 2142 1471 2184 maritum.
1526 2140 1734 2198 Legimus

135 2208 251 2254 enim
279 2208 454 2255 -60902
498 2212 710 2263 „vestitus
752 2213 977 2269 victusque
1021 2211 1298 2268 simplicitate
1339 2214 1534 2256 omnium
1567 2226 1734 2269 semper

134 2279 311 2326 mo'visti
350 2280 677 2325 admirationem
719 2282 1073 2340 philosophorum
1117 2285 1191 2340 qui
1222 2286 1364 2327 nostra
1396 2287 1580 2327 utuntur
1610 2284 1733 2327 fami·

133 2352 322 2397 liaritate
362 2357 407 2396 et
447 2354 797 2398 consuetudine’'.
843 2354 899 2398 Et
940 2356 1110 2412 scripsit
1141 2355 1346 2412 probante
1378 2357 1548 2407 marito,
1582 2359 1732 2412 utpote

134 2424 189 2468 dc
216 2428 472 2482 argumento
504 2424 617 2482 quod
645 2439 775 2482 quam
810 2428 997 2469 maxime
1028 2426 1231 2469 mulierem
1263 2427 1441 2479 deceret,
1475 2427 1526 2471 de
1559 2431 1732 2470 ornatus

134 2495 278 2540 studio
318 2496 424 2550 (περὶ
467 2497 790 2551 Φιλοκοσμίας);
835 2502 962 2554 atque
1005 2499 1108 2555 quid
1149 2499 1236 2541 fere
1278 2500 1495 2556 scripserit
1534 2513 1557 2542 e
1589 2504 1731 2542 nostro

132 2566 283 2611 libello
305 2565 430 2611 facile
455 2567 688 2620 efficimus;
723 2570 894 2612 monuit
925 2569 1125 2612 mulieres
1158 2583 1211 2613 ne
1240 2569 1308 2612 illi
1341 2570 1482 2613 studio
1513 2571 1643 2613 nimis
1669 2572 1732 2612 in-

134 2638 375 2697 dulgerent.
406 2639 465 2683 Et
487 2654 540 2683 ne
568 2639 619 2684 de
645 2654 694 2683 eo
720 2640 893 2697 quidem
921 2644 1191 2698 argumento,
1221 2643 1420 2698 quamvis
1445 2646 1555 2685 esset
1579 2646 1730 2699 aptum

134 2710 468 2763 matrifamiliae,
513 2709 648 2769 vulgo
695 2713 864 2768 scripsit
911 2712 1159 2764 mulierum,
1209 2713 1282 2756 sed
1329 2713 1575 2770 Aristyllae,
1623 2727 1730 2770 quae

132 2787 270 2839 nupta
299 2786 391 2826 erat
421 2781 605 2834 Timoni,
642 2782 864 2826 Plutarchi
898 2784 1032 2828 fratri.
1064 2784 1130 2828 En
1162 2783 1388 2828 mulierem
1418 2785 1594 2843 dignam
1623 2798 1730 2842 quae

135 2853 399 2906 „mulierum
429 2854 631 2898 causam”
666 2854 930 2899 defenderet!

191 2926 336 2982 Atque
378 2939 482 2968 usus
524 2929 588 2969 est
629 2924 922 2970 Volkmannus
960 2941 1036 2971 sua
1077 2927 1129 2971 de
1171 2927 1404 2972 'Pimoxena
1444 2932 1487 2972 et
1520 2929 1729 2988 Aristylla

133 2995 421 3054 disputatione
462 2996 514 3039 ad
556 2998 777 3054 egregiam
825 2999 1119 3055 proferendam
1167 3000 1508 3044 emendationem
1556 3000 1637 3045 loci
1683 3003 1726 3044 in
