2002 3372
1089 196 1173 240 174

874 391 927 421 DE
958 391 1142 422 PYTHIAE
1174 391 1390 424 ORAOULIS.

401 533 469 575 Sic
509 534 623 575 enim
663 533 886 588 insequens
916 531 1088 574 libellus
1118 531 1250 575 latine
1283 534 1492 575 nominari
1524 531 1644 576 solet.
1679 533 1820 577 Multo
1851 547 1920 577 ac-

341 606 527 646 curatius
574 602 753 646 Graece:
804 603 890 655 περ)
939 606 1008 645 τοῦ
1050 604 1107 653 μὴ
1150 606 1257 656 χρῖον
1301 604 1488 654 ἔμμετρα
1528 607 1594 646 νῦν
1636 605 1706 653 τὴν
1749 606 1917 648 Πυθίαν.

340 673 610 716 Refelluntur
651 675 764 715 enim
805 675 837 715 ii
881 675 954 729 qui
987 688 1035 716 eo
1067 678 1322 730 argumento
1353 673 1520 717 oraculo
1553 673 1757 731 Delphico
1788 674 1917 718 fidem

340 749 382 787 et
413 746 709 787 auctoritatem
742 744 908 787 demere
941 744 1112 787 student
1143 744 1253 800 quod
1284 760 1378 796 non,
1412 749 1461 787 ut
1494 744 1611 797 olim,
1644 759 1756 789 nunc
1787 747 1917 789 versi-

338 816 417 857 bus
449 819 595 857 utatur
627 815 797 872 Pythia.
833 814 957 857 Vides
990 820 1292 872 argumentum
1326 817 1678 872 cognatissimum
1707 815 1776 860 illi
1805 816 1916 874 quod

338 886 608 942 praecedente
634 885 742 928 libro
771 890 990 938 tractatur,
1019 891 1060 929 et
1087 886 1233 929 eodem
1256 890 1446 944 tempore
1462 891 1693 944 utrumque
1709 889 1915 945 scriptum

338 958 446 999 mihi
485 970 732 1012 persuasum
776 961 852 999 est.
895 957 1126 1000 Primarias
1169 958 1214 999 in
1253 956 1465 1013 colloquio
1496 957 1607 1014 quod
1638 958 1708 1001 hic
1737 958 1918 1002 refertur

337 1031 477 1084 partes
525 1029 616 1084 agit
656 1027 813 1079 Theon,
857 1029 931 1084 qui
972 1029 1017 1070 in
1057 1027 1166 1070 libro
1211 1027 1261 1070 de
1305 1034 1337 1070 E
1384 1027 1588 1084 Delphico
1629 1033 1719 1071 tam
1749 1021 1920 1072 strenue

339 1098 576 1141 dialectices
618 1113 789 1141 causam
821 1100 1041 1141 sustinuit.
1075 1098 1351 1155 Colloquium
1383 1113 1480 1142 cum
1513 1100 1760 1152 habebatur,
1792 1099 1919 1143 Pom-

338 1171 531 1225 peiorum
579 1168 919 1226 Herculaneique
968 1169 1105 1212 clades
1153 1183 1294 1212 recens
1338 1171 1564 1213 etiamtum
1605 1174 1709 1214 erat.
1755 1170 1919 1214 Interea

339 1239 549 1282 effluxisse
580 1240 767 1282 hominis
798 1245 980 1283 aetatem
1014 1242 1173 1297 opinor.
1207 1240 1316 1283 Nam
1352 1241 1475 1283 scribi
1506 1241 1608 1284 haec
1640 1243 1816 1298 quaein
1842 1241 1923 1285 col-

338 1309 481 1365 loquio
515 1310 564 1352 de
597 1312 805 1366 praesenti
836 1310 996 1367 Pythia
1022 1311 1134 1353 dicta
1161 1317 1281 1353 sunt:
1318 1311 1457 1367 „apud
1483 1326 1686 1368 pauperes
1712 1311 1917 1369 agricolas

339 1381 515 1424 educata
552 1383 667 1423 omni
710 1381 829 1424 cultu
872 1382 1012 1424 caret''
1045 1396 1126 1424 non
1157 1387 1387 1438 potuerunt
1418 1384 1500 1425 nisi
1531 1382 1670 1426 multo
1701 1387 1798 1440 post
1828 1385 1920 1426 eius

339 1456 536 1503 mortem,
570 1458 680 1494 certe
712 1467 795 1495 non
828 1453 879 1495 ab
906 1439 1076 1495 homine
1102 1453 1260 1495 decoris
1289 1459 1331 1495 et
1357 1453 1587 1496 honestatis
1611 1454 1917 1506 amantissimo,

340 1522 477 1578 qualis
511 1521 767 1564 Plutarchus
799 1523 896 1565 fuit.

401 1594 436 1634 A
478 1593 668 1634 Romanis
710 1607 754 1635 se
794 1592 955 1635 lectum
998 1594 1052 1635 iri
1084 1595 1270 1648 speravit
1300 1593 1570 1644 Plutarchus,
1603 1593 1715 1650 quod
1745 1592 1918 1651 apparet

340 1678 390 1706 ex
431 1664 545 1706 hisce
588 1664 727 1706 verbis
769 1665 813 1706 in
853 1664 935 1706 fine
977 1663 1076 1706 libri
1118 1668 1176 1719 (p.
1220 1663 1306 1706 408
1319 1664 1396 1717 B):
1443 1679 1535 1714 „res
1575 1673 1825 1721 praesentes,
1868 1665 1918 1708 de

340 1735 493 1790 quibus
536 1734 774 1776 consulitur
817 1734 934 1785 deus,
967 1749 1062 1777 amo
1093 1734 1326 1790 laudoque:
1360 1749 1659 1791 usquequaque
1691 1737 1804 1778 enim
1838 1750 1920 1792 pax

338 1809 488 1861 regnat
515 1807 735 1861 otiumque
749 1819 760 1858 3
789 1804 908 1848 bellis
935 1805 1029 1847 finis
1057 1809 1120 1847 est
1145 1807 1385 1861 impositus,
1413 1819 1496 1848 non
1522 1811 1716 1863 pugnant
1740 1807 1852 1849 inter
1875 1820 1918 1849 se

338 1878 545 1926 civitates,
578 1875 720 1918 nullae
751 1877 837 1917 iam
870 1875 1018 1918 turbae
1050 1878 1163 1926 sunt,
1196 1875 1306 1917 nulli
1337 1877 1522 1932 tyranni,
1550 1876 1744 1919 abierunt
1774 1890 1919 1919 omnes

335 1945 404 1989 illi
444 1947 583 1989 morbi
616 1944 779 1997 Graeci,
812 1947 885 2002 qui
916 1945 1020 1988 olim
1052 1945 1316 2002 multiplices
1346 1946 1616 2002 requirebant
1647 1946 1919 1990 medicinas’'.

399 2016 629 2072 Imperium
666 2017 904 2059 Romanum
937 2030 1108 2059 auream
1140 2017 1310 2059 reduxit
1341 2021 1547 2059 aetatem:
1580 2017 1659 2060 hoc
1689 2016 1918 2060 Plutarcho

338 2089 710 2143 persuasissimum
743 2091 818 2139 est,
850 2087 928 2130 hoc
961 2089 1050 2129 sine
1087 2086 1174 2129 ulla
1206 2086 1459 2130 adulationis
1492 2089 1628 2144 specie
1658 2087 1916 2144 proclamare

338 2161 476 2213 potest
510 2163 556 2200 ut
588 2158 770 2200 dominis
802 2158 1044 2214 potentibus
1077 2157 1234 2200 librum
1267 2171 1394 2200 suum
1425 2158 1705 2202 commendet.

400 2227 481 2280 Qui
527 2228 738 2283 quomodo
781 2228 974 2271 decurrat
1021 2230 1111 2284 ipse
1159 2227 1415 2270 Plutarchus
1463 2233 1653 2272 accurate
1702 2227 1916 2286 legentem

337 2298 539 2350 edocebit,
586 2301 676 2342 viae
720 2299 1018 2355 compendium
1062 2299 1360 2355 quaerentibus
1404 2301 1792 2355 praestantissimus
1833 2299 1918 2342 dux

340 2369 631 2412 Volkmannus
663 2375 827 2426 praesto
860 2372 952 2412 erit.
1218 2420 1224 2425 ⁴

400 2440 462 2483 De
493 2441 675 2497 singulis
706 2443 797 2484 eius
828 2441 931 2484 locis
961 2441 1062 2484 haec
1091 2445 1268 2483 annoto:

400 2510 533 2553 39413}
565 2511 820 2568 Expostulat
853 2511 1076 2554 Basilocles
1108 2525 1205 2554 cum
1238 2511 1410 2554 Philino
1442 2511 1553 2567 quod
1583 2513 1674 2554 eius
1706 2511 1830 2568 culpa
1857 2537 1910 2544 —

339 2595 438 2623 nam
466 2586 606 2624 totum
634 2583 864 2638 insumpsit
892 2582 1004 2625 diem
1031 2581 1082 2625 ad
1108 2582 1318 2638 hospitem
1345 2583 1505 2625 circum
1522 2582 1693 2625 donaria
1708 2581 1915 2638 Delphica

339 2653 577 2695 ducendum
612 2679 666 2685 —
701 2655 781 2696 sibi
824 2658 911 2696 tam
954 2653 1028 2695 diu
1068 2652 1187 2695 illius
1228 2653 1356 2696 fuerit
1397 2653 1702 2710 exspectandus
1740 2653 1915 2696 reditus.

339 2722 408 2766 Sic
440 2738 482 2766 se
516 2723 713 2767 Philinus
747 2729 942 2768 excusat:

399 2793 577 2846 βραδέως
611 2795 694 2847 γὰρ
727 2796 924 2845 ὡδεύομεν
959 2827 967 2837 .
990 2826 1026 2836 ..
1059 2793 1288 2847 σπείροντες
1320 2794 1464 2845 λόγους
1501 2794 1568 2836 καὶ
1603 2795 1814 2848 θερίζοντες
1849 2796 1915 2837 εὖ·

339 2865 403 2910 θὺς
452 2866 562 2913 μετὰ
610 2866 758 2918 μάχης
808 2865 1002 2912 ὑπούλους
1053 2864 1119 2906 καὶ
1163 2865 1422 2917 πολεμικούς,
1463 2863 1592 2915 ὥσπερ
1635 2863 1667 2907 οἱ
1714 2865 1915 2918 Σπαρτοί,

339 2934 658 2984 βλαστάνοντας
692 2938 786 2985 ἡμῖν
819 2937 886 2977 καὶ
923 2935 1226 2988 ὑποφυομένους
1259 2936 1369 2976 κατὰ
1403 2937 1473 2982 τὴν
1506 2935 1602 2978 ὁδόν.
