2002 3372
1049 267 1138 310 360

369 394 502 437 582ss
542 393 673 448 Saepe
704 393 953 447 ignoramus
988 390 1302 433 vaticinationis
1335 392 1422 432 vim
1457 387 1479 443 ᾗ
1510 389 1751 441 συμβάλλοι
1783 391 1879 444 πρὸς

305 466 352 508 τὸ
383 464 549 515 μέλλον.

365 534 528 590 Ecquid
561 531 586 587 ᾖ
616 530 916 582 συμβάλλεται
949 530 993 572 τὸ
1027 529 1178 581 μέλλον
1209 529 1468 588 legendum?

366 680 452 723 582
466 678 512 723 O.
559 678 747 721 Miratur
784 676 1012 734 Polymnis
1042 677 1154 734 quod
1189 677 1379 721 Socrates
1411 678 1776 729 sternutationem,
1810 691 1881 722 vo-

303 765 394 794 cem
425 753 628 803 τραγικῶς
661 749 771 791 πάνυ
804 749 849 791 τὸ
882 747 1083 798 δαιμόνιον
1116 746 1332 801 ὠνόμαζεν.

361 821 417 864 Et
457 818 616 863 Graeco
657 819 810 862 editori
850 815 1149 876 Stegmannus
1179 823 1291 862 recte
1327 817 1555 862 articulum
1588 817 1791 863 delevisse
1820 819 1883 862 vi·

302 891 437 935 detur.
472 890 559 935 Gur
588 904 690 947 ergo
722 891 813 947 ipse
844 892 999 933 retinet
1029 892 1074 933 in
1105 888 1258 933 textu?
1761 899 1763 903 ·

358 1028 416 1070 ib.
464 1026 521 1069 Et
551 1026 634 1070 alia
665 1027 837 1084 egregie
870 1025 1049 1069 callebat
1081 1029 1123 1069 et
1153 1029 1315 1078 κρατεῖν
1350 1025 1571 1077 ὀνομάτων.

360 1098 469 1141 Rara
511 1097 742 1140 admodum
774 1096 948 1150 locutio,
983 1098 1104 1140 0111118
1137 1097 1206 1140 hic
1238 1110 1409 1140 sensus:
1446 1100 1585 1149 „recte
1616 1099 1659 1140 et
1687 1100 1883 1141 accurate

301 1167 518 1212 vocabulis
551 1168 662 1212 uti''.

365 1302 503 1347 582D
535 1304 714 1356 ἑωρῶμεν
741 1302 962 1355 ἡγούμενον
988 1302 1063 1353 μὲν
1081 1303 1149 1346 τὸν
1166 1302 1498 1353 Ἐπαμεινώνδαν
1525 1302 1612 1345 καὶ
1639 1297 1885 1346 συνεστῶ-

307 1391 405 1417 των
434 1375 606 1427 φίλων
640 1374 920 1427 Ἰσμηνόδωρον
952 1375 1019 1417 καὶ
1052 1373 1318 1427 Βακχυλίδαν
1350 1374 1420 1416 καὶ
1452 1374 1674 1418 Μέλισσον.

364 1446 475 1500 Quid
507 1448 661 1489 attinet
692 1459 816 1489 sensu
847 1460 964 1488 casea
994 1447 1077 1488 ista
1109 1445 1353 1502 legentibus
1384 1445 1582 1489 exhibere
1607 1450 1650 1488 et
1675 1459 1759 1489 non
1785 1459 1884 1488 cum

305 1518 476 1561 Reiekio
509 1517 579 1560 καὶ
612 1518 684 1560 σὺν
716 1517 827 1571 αὐτῷ
858 1522 935 1559 τῶν
966 1518 1100 1569 φίλων
1133 1515 1371 1574 corrigere?

365 1664 501 1707 583A
543 1662 721 1720 Cylonei
761 1665 861 1720 igne
903 1662 1177 1706 circumdatis
1208 1663 1579 1720 Pythagoreorum
1611 1662 1784 1707 aedibus
1814 1677 1884 1707 ne-

304 1739 454 1778 carunt
497 1749 642 1778 omnes
683 1734 789 1782 πλην
834 1733 1037 1777 Φιλολάου
1080 1733 1149 1776 καὶ
1194 1735 1367 1780 Λύσιδος
1410 1733 1503 1776 νέων
1532 1733 1653 1776 ὄντων
1685 1731 1745 1777 ἔτι
1775 1734 1885 1789 ῥώμη

304 1806 373 1847 καὶ
408 1805 632 1858 κουφότητι
666 1804 920 1855 διωσαμένων
954 1804 999 1847 τὸ
1032 1807 1125 1856 πῦρ.

363 1876 492 1919 Recte
523 1879 617 1932 poet
647 1874 706 1918 ἔτι
739 1875 937 1919 Reiskius
970 1876 1041 1918 καί
1071 1877 1265 1918 inseruit.
1307 1875 1457 1927 „Nihil
1489 1875 1624 1932 opue'·’
1657 1877 1719 1918 ait
1748 1876 1884 1919 editor

304 1945 504 1990 Graecus.
537 1946 746 2002 Equidem
778 1946 887 1989 nihil
920 1961 1024 2003 opus
1057 1961 1202 1990 censeo
1235 1961 1310 2002 pro
1338 1945 1509 1990 Graecis
1534 1946 1750 1991 venditare
1776 1960 1882 2003 quae

303 2019 446 2073 quivis
480 2031 617 2060 sermo
651 2019 836 2073 respuat.

364 2151 496 2197 583G
542 2152 736 2196 Theanor
777 2152 1077 2209 Pythagoreus
1119 2153 1178 2195 810
1221 2150 1521 2209 Polymnidem
1561 2150 1755 2209 filiosque
1791 2153 1884 2199 eius

303 2223 473 2266 laudat:
1827 2263 1830 2268 .

363 2297 495 2342 Λῦσις
528 2294 570 2337 δὲ
601 2294 672 2336 καὶ
703 2298 834 2336 κεῖται
862 2297 998 2340 καλῶς
1027 2293 1097 2347 ὑφ’
1127 2294 1248 2345 ὑμῶν,
1275 2292 1344 2335 καὶ
1373 2293 1511 2345 τοὶφου
1535 2296 1667 2337 καλοῦ
1695 2293 1883 2348 κρείττων

304 2367 415 2418 αὐτῷ
448 2365 573 2419 χάρις
607 2364 835 2415 ἐκτινομένη
869 2364 1007 2417 φίλοις
1044 2364 1119 2407 ὑπὸ
1153 2365 1286 2417 φίλων
1318 2363 1386 2406 καὶ
1420 2364 1583 2407 οἰκείων.

363 2436 447 2478 Pro
490 2434 558 2477 καὶ
603 2439 738 2477 κεῖται
771 2433 954 2478 Cobetus
985 2435 1164 2477 coniecit
1196 2434 1443 2484 κικήδευται.
1485 2433 1695 2490 Equidem
1727 2433 1884 2491 duplex

304 2506 413 2549 illud
456 2507 527 2548 καί
566 2505 836 2549 retinendum
870 2519 1015 2548 censeo
1047 2504 1120 2548 sed
1152 2506 1409 2561 pertinacius
1441 2505 1571 2547 etiam
1601 2504 1777 2548 defendo
1809 2506 1884 2555 »301-

306 2578 486 2620 κώτατον
517 2576 626 2619 illud
660 2581 791 2619 κεῖται
825 2580 975 2623 καλῶς.
1007 2576 1238 2632 Sequentia
1269 2577 1328 2618 810
1358 2577 1490 2618 vertit
1518 2577 1748 2632 interpres:
1778 2590 1882 2632 „pro

307 2649 461 2704 quibus
503 2648 624 2691 vobis
667 2648 853 2703 gratiam
896 2648 1065 2690 omnino
1105 2647 1157 2688 ab
1199 2648 1346 2690 amicis
1387 2650 1429 2689 et
1470 2645 1750 2689 familiaribus
1790 2648 1883 2690 eius

307 2717 493 2775 persolvi
533 2733 608 2774 par
650 2718 756 2761 est''.
803 2717 1062 2769 Falsissime‚
1107 2718 1324 2774 oportebat
1366 2718 1480 2771 enim
1521 2718 1603 2760 sic:
1652 2720 1724 2768 „et
1765 2719 1883 2760 omni

309 2789 498 2845 sepulcro
543 2788 678 2845 pluris
721 2790 759 2832 ei
802 2793 866 2832 eet
907 2789 957 2831 ab
1001 2790 1149 2831 amicis
1191 2790 1280 2831 suis
1312 2791 1355 2831 et
1386 2787 1666 2831 familiaribus
1697 2789 1882 2843 gratiam

308 2861 453 2902 amicis
495 2858 722 2915 pereolvi’'.
765 2859 891 2902 Venit
933 2861 1048 2902 enim
1089 2874 1187 2902 cum
1230 2859 1351 2902 donis
1393 2858 1546 2915 quibus
1581 2857 1882 2915 Polymnidem

309 2929 499 2986 filiosque
531 2936 881 2973 remuneraretur.
