2002 3372
894 187 977 231 119

36 357 48 376 z
183 308 327 354 185F
375 309 608 364 Μυρωνίδης
655 309 940 364 παρήγγειλεν
988 311 1117 363 ἔξοδον
1161 314 1387 363 Ἀθηναίοις
1432 314 1499 358 ἐπὶ
1538 316 1729 364 Βοιωτοὺς

47 388 50 395 ’
115 381 375 435 στρατεύων.

169 451 406 497 'Ultimum
439 451 700 499 vocabulum
730 467 782 497 ex
815 456 1090 499 annotatione
1121 456 1359 501 adhaesisse
1390 459 1593 515 suspicor.

186 578 274 633 186
290 579 330 624 D
377 579 618 625 Alcibiades
645 579 751 634 ἔχων
778 580 881 624 κύνα
909 581 1136 634 πάγκαλον
1159 585 1375 634 ἐωνημένον
1398 585 1726 640 ἑπτακισχιλίων

49 682 51 687 -
123 651 323 707 δραχμῶν
358 652 446 696 κτὲ.

144 722 326 770 Immo
360 722 577 775 ἐωνημένος
611 724 975 781 quemadmodum
1008 729 1051 770 et
1079 728 1122 770 in
1156 726 1266 771 Vita.

185 847 328 894 187A
375 850 747 912 παραταττόμενος
779 852 821 894 δὲ
853 857 935 900 τοῖς
968 853 1197 908 βαρβάροις
1229 853 1311 907 ἔφη
1345 855 1533 909 δεδιέναι,
1568 859 1626 907 μὴ
1659 859 1726 902 τὸν

118 920 360 990 Ἰφικράτην
394 922 466 966 οὒκ
500 921 652 973 ἴσασιν,
686 918 714 976 ᾧ
749 924 1102 972 καταπλήττεται
1135 925 1226 973 τοὺς
1262 924 1414 974 αλλους
1450 929 1685 978 πολεμίους

152 975 275 1051 lpse
317 994 579 1050 epitomator
611 994 726 1050 quod
762 998 860 1038 ante
894 995 1041 1039 oculos
1073 996 1256 1040 habebat
1287 1012 1371 1041 non
1401 998 1633 1043 intellexit.
1676 1000 1724 1042 In

116 1065 235 1109 fonte
277 1065 371 1108 eius
415 1080 501 1109 non
546 1066 614 1108 τὸν
659 1067 899 1118 Ἰφικρατνιν
942 1072 1034 1110 erat
1075 1068 1149 1111 sed
1196 1070 1241 1112 τὸ
1279 1071 1538 1122 ΙΦικροέτους
1581 1070 1724 1120 ὄνομα.

47 1155 49 1157 ·
113 1134 266 1195 Ipsum
300 1136 535 1194 ,Iphicratis
577 1151 736 1182 nomen
781 1140 982 1182 timorem
1024 1140 1259 1184 incutiebat
1301 1140 1488 1194 Graecis,
1534 1143 1723 1186 barbaris

115 1209 310 1268 incutere
342 1209 419 1254 vix
450 1213 632 1266 poterat.

180 1318 320 1364 188B
368 1320 633 1374 ὄργιζομένων
666 1321 707 1364 δὲ
741 1326 825 1370 τοῖς
862 1320 1092 1375 Βυζαντίοις
1127 1328 1205 1366 τῶν
1239 1324 1474 1376 Ἀθηναίων,
1508 1326 1567 1374 μὴ
1600 1323 1721 1375 δεξα-

117 1389 247 1443 μένων
288 1397 339 1447 τῇ
383 1390 502 1435 πόλει
545 1392 797 1447 πεμφθέντα
839 1394 954 1445 μετὰ
997 1394 1206 1446 δυνάμεως
1249 1394 1393 1446 βοηθὸν
1437 1396 1576 1443 αὐτοῖς
1621 1396 1718 1448 πρὸς

118 1460 324 1527 Φίλιππον
357 1463 443 1507 κτὲ.

174 1532 311 1579 Solito
340 1536 387 1578 in
412 1533 636 1579 Plutarchi
664 1534 881 1579 codicibus
907 1536 1016 1579 vitio
1043 1540 1279 1580 nocuerunt
1303 1539 1416 1581 inter
1441 1551 1485 1581 se
1511 1537 1719 1582 vocabula

113 1607 279 1652 vicina:
321 1609 474 1651 natum
519 1608 635 1650 enim
677 1606 795 1650 istud
828 1606 1092 1661 ὀργιζομένων
1127 1641 1136 1652 .
1158 1642 1168 1652 .
1189 1641 1198 1652 .
1220 1641 1230 1652 .
1263 1608 1493 1661 δεξαμένων
1525 1624 1577 1653 ex
1610 1609 1718 1662 ὄργι-

112 1668 288 1734 ζομένων
323 1709 334 1722 .
355 1710 364 1722 .
414 1677 708 1730 ‚aeganem
743 1677 858 1721 Nam
885 1680 944 1722 sic
971 1693 1061 1722 esse
1086 1678 1320 1737 legendum
1345 1680 1569 1724 Phocionis
1595 1681 1718 1724 docet

110 1748 276 1814 dict-um
299 1749 414 1808 quod
439 1750 656 1807 sequitur:
689 1749 850 1802 „nolite
877 1765 1122 1795 succensere
1148 1753 1285 1804 sociis,
1304 1754 1342 1795 si
1363 1754 1518 1796 nostris
1536 1752 1716 1797 ducibus

110 1814 240 1866 fidem
255 1835 340 1865 non
353 1820 526 1874 habent,
541 1821 614 1865 sed
630 1825 874 1866 succensete
890 1822 1086 1876 ducibus,
1099 1824 1256 1880 quibus
1274 1823 1377 1867 fides
1393 1839 1478 1868 non
1492 1824 1715 1869 habetur'ss

173 1947 314 1993 189Ε
360 1947 523 1992 ἐκέλευε
556 1949 598 1992 δὲ
629 1949 897 2008 (Lycurgus)
924 1966 1000 1997 τας
1031 1950 1160 1998 οἰκίας
1189 1956 1317 1993 ποιεῖν
1346 1951 1429 1993 ἀπὸ
1459 1951 1612 2003 πρίονος
1642 1969 1711 1994 και

111 2018 341 2070 πελέκεως·
385 2019 658 2074 αισχύνεσθαι
692 2037 776 2073 γαρ
810 2021 867 2068 εἷς
900 2022 1028 2068 οικίας
1063 2022 1185 2069 λιτας
1222 2023 1456 2073 ἐκπώματα
1490 2023 1560 2065 καὶ
1594 2026 1716 2078 στρώ-

107 2109 233 2163 ματα
266 2092 336 2136 καὶ
370 2091 578 2146 τραπέζας
615 2098 858 2140 ποὶυτελεῖς
892 2093 1171 2148 εἰσφέροντας.

151 2159 307 2209 Verbo
333 2179 418 2208 non
444 2179 552 2222 opus
570 2168 634 2208 est
651 2163 704 2207 ad
722 2164 1104 2209 demonstrandum
1120 2166 1190 2209 hic
1208 2166 1408 2209 futurum
1426 2167 1712 2219 αισχυνεῖσθαι

109 2235 284 2295 requiri.

177 2347 320 2393 190A
369 2347 614 2399 Θεόπομπος
665 2346 704 2390 ἔν
751 2363 828 2391 τινι
876 2347 994 2391 πόλει
1043 2351 1138 2400 πρὸς
1186 2350 1254 2391 τὸν
1304 2349 1625 2399 ἐπιδεικνύμενον
1670 2351 1714 2391 τὸ

38 2459 41 2466 .
113 2427 255 2475 τεῖχος
301 2421 414 2474 αὐτῷ
456 2419 526 2462 καὶ
570 2420 865 2469 πυνθανόμενον
907 2421 939 2462 εἰ
983 2419 1092 2463 δοκεῖ
1132 2421 1259 2462 καλὸν
1301 2422 1369 2463 καὶ
1416 2421 1571 2472 ὑψηλὸν
1612 2418 1714 2462 εἶναι

115 2493 225 2548 ,οὐδ’
258 2493 291 2536 εἰ
325 2490 558 2545 γυναικῶν”
593 2488 708 2534 εἶπεν
739 2487 857 2542 ,,ἦν”.

126 2576 129 2578 ·
172 2564 331 2608 Tribus
373 2562 471 2606 aliis
511 2561 618 2606 locis
661 2561 841 2615 (212E;
873 2561 1026 2615 215D;
1061 2562 1150 2604 230
1168 2561 1219 2615 C)
1260 2562 1383 2605 fortis
1426 2564 1507 2605 viri
1551 2563 1716 2604 dictum

111 2638 335 2694 integrum
368 2638 432 2678 est
465 2637 707 2684 servatum;
743 2633 813 2675 hic
847 2633 930 2676 duo
962 2633 1254 2676 additamenta
1279 2632 1390 2675 illud
1415 2637 1715 2690 corruperunt:

104 2706 204 2752 ὀὐδὲ
234 2709 278 2750 et
308 2706 379 2750 καὶ
414 2706 583 2758 ὑψηλον.
617 2703 854 2747 Ludicrum
887 2710 951 2747 est
982 2704 1122 2747 istud:
1158 2706 1223 2755 „si
1255 2703 1490 2747 mulierum
1522 2703 1632 2757 (velt
1665 2719 1718 2747 ne

114 2780 152 2823 si
181 2777 420 2822 mulierum
452 2776 645 2833 quidem)
678 2779 819 2818 essent
852 2776 1031 2827 moenia,
1065 2775 1172 2817 celsa
1203 2774 1388 2818 essent'’.
1422 2774 1574 2818 Simile
1604 2776 1718 2819 addi-

115 2851 358 2906 tamentum
389 2849 581 2892 invenies
613 2847 698 2890 221
719 2846 767 2889 F.

181 2960 265 3007 191
285 2961 323 3006 D
369 2960 596 3020 Agesilaus
622 2961 667 3003 in
693 2960 894 3017 Aegypto
922 2959 1083 3004 bellum
1108 2959 1285 3018 gerebat
1292 2974 1304 3014 3
1333 2961 1448 3018 regis
1469 2960 1716 3015 adversarii,
