1930 3354
867 278 954 322 669

108 400 286 453 nostris,
316 401 392 458 qui
424 401 566 444 sciunt
596 400 857 458 quantillum
883 401 1167 446 emolumenti
1194 401 1330 446 redire
1357 399 1492 446 soleat
1517 402 1570 446 ad
1594 403 1710 459 ipsos

115 470 464 524 „chartaceorum
505 471 767 516 liberorum’'
809 477 965 529 patres.
1010 473 1067 516 Et
1110 477 1256 517 tamen
1292 474 1356 517 ita
1385 487 1430 517 se
1459 487 1527 517 res
1556 473 1709 516 habet:

6 571 7 574 =
31 598 33 602 Α
108 541 394 601 ¹philosophus
418 545 455 587 si
481 544 585 601 quid
610 546 852 601 composuit
876 544 990 601 quod
1017 547 1100 602 ipsi
1126 547 1230 589 satis
1258 545 1437 603 placeat,
1464 545 1508 589 id
1532 549 1710 603 patrono

107 626 193 659 suo
235 614 404 659 dedicat
442 629 628 673 eumque
666 618 714 660 in
745 615 917 660 exordio
949 616 1050 660 libri
1081 616 1328 675 alloquitur.
1360 617 1553 662 Parvone
1584 615 1711 660 illum

113 685 198 731 sibi
227 686 387 730 honore
418 686 619 731 affectum
651 687 787 731 videri
819 687 976 745 putas?
1007 688 1148 732 Immo
1180 703 1283 733 vero
1315 694 1475 746 quanto
1507 690 1647 746 magis
1671 690 1712 732 ei

32 790 35 822 5
107 755 224 801 liber
264 756 442 815 placuit,
484 772 652 816 quoque
697 758 852 802 clarior
884 763 948 802 est
980 761 1161 817 scriptor
1190 773 1240 803 eo
1270 759 1527 818 gloriabitur
1557 761 1711 817 magis,

108 827 383 886 >libenterque
420 830 467 872 in
509 843 554 873 se
592 831 728 886 ipsius
761 829 860 873 libri
891 831 1068 888 recipiet
1097 833 1408 888 patrocinium:
1441 832 1568 875 habet
1596 832 1712 875 enim

31 955 35 961 ὦ
114 901 290 957 agmina
334 913 559 944 servorum
606 900 876 944 literatorum
925 903 999 958 qui
1048 916 1148 945 eum
1190 903 1235 945 in
1277 902 1418 946 multa
1453 902 1713 959 exemplaria

104 984 247 1028 qum
277 973 468 1015 maxima
499 971 737 1016 describent
769 986 883 1025 cura,
915 974 975 1016 sic
1007 972 1083 1016 ille
1114 975 1158 1016 in
1191 973 1430 1017 multorum
1462 973 1713 1017 mortalium

115 1043 339 1100 perveniet
367 1055 522 1086 manus
553 1047 598 1087 et
627 1057 710 1087 non
743 1043 887 1087 solum
919 1045 1137 1100 scriptoris
1169 1044 1242 1088 sed
1275 1046 1405 1088 etiam
1432 1047 1600 1102 patroni
1626 1044 1715 1088 lau-

26 1131 27 1134 *
116 1112 216 1159 dem
256 1126 333 1171 per
370 1117 514 1158 totum
555 1119 730 1173 sparget
772 1116 1004 1172 imperium
1038 1115 1295 1160 Romanum.
1329 1116 1630 1160 Immunemne
1660 1117 1713 1160 ab

4 1195 6 1198 ’
31 1231 37 1243 ,
106 1187 169 1233 ..ὁὸ
185 1186 450 1242 ’θοι-1111016111
481 1185 636 1230 abiisse
667 1185 842 1230 censes?
875 1186 1051 1230 Accedit
1081 1201 1148 1231 res
1179 1201 1287 1244 quae
1320 1188 1371 1231 ab
1402 1188 1606 1232 hodierno
1631 1202 1714 1231 usu

28 1278 30 1283 ’
117 1255 245 1314 plane
275 1255 455 1300 recedat.
489 1255 606 1300 Olim
637 1258 675 1300 si
706 1259 801 1314 quis
832 1259 902 1302 vir
933 1257 1163 1315 opulentus
1195 1258 1248 1302 de
1279 1258 1424 1316 aliquo
1455 1263 1713 1317 argumento

27 1370 31 1375 .
116 1327 263 1386 legere
293 1326 457 1386 aliquid
488 1328 674 1380 volebat,
707 1328 758 1372 de
790 1343 874 1386 quo
905 1329 1094 1373 nondum
1127 1329 1172 1372 id
1197 1332 1341 1387 ipsum
1370 1332 1579 1388 scriptum
1605 1334 1716 1374 esset

106 1398 452 1457 quod‘maxime
482 1404 713 1457 expeteret,
743 1415 907 1444 novum
938 1400 990 1444 de
1021 1415 1070 1445 eo
1101 1401 1261 1444 librum
1295 1402 1564 1445 scribendum
1595 1415 1715 1446 cura-

107 1471 208 1522 tat,
252 1470 332 1524 „ad
364 1471 636 1515 scribendum
668 1472 878 1529 ponebat''
912 1472 1219 1530 philosophum
1250 1487 1380 1530 quem
1411 1473 1512 1517 huic
1543 1474 1716 1531 negotio

103 1543 397 1600 -aptiesimum
433 1547 546 1587 esset
585 1547 801 1600 expertus.
845 1543 916 1587 Sic
956 1558 1040 1587 non
1072 1543 1152 1587 soli
1182 1538 1456 1588 delectationi
1487 1558 1588 1588 suae
1619 1558 1715 1588 con-

117 1613 455 1672 metatusque
476 1613 598 1658 laudi
624 1614 742 1672 (licet
768 1616 894 1659 sciret
920 1617 965 1659 in
990 1617 1130 1673 prima
1156 1617 1257 1660 novi
1283 1615 1381 1659 libri
1404 1618 1561 1674 pagina
1587 1630 1715 1659 suum

30 1726 33 1727 ⁷
108 1683 283 1731 ductum
310 1686 368 1731 iri
394 1689 584 1740 nomen),
615 1685 689 1730 sed
719 1699 843 1744 saepe
874 1687 1005 1730 etiam
1032 1686 1228 1730 utilitati.
1261 1686 1372 1730 Nam
1401 1689 1475 1744 qui
1501 1702 1547 1731 se
1571 1686 1716 1744 aliquo

30 1740 33 1775 s
119 1758 280 1802 nentis
309 1757 466 1801 morbo
505 1756 697 1801 laborare
738 1758 911 1810 sciebat,
953 1759 1028 1815 qui
1070 1762 1191 1802 metu
1224 1757 1368 1815 aliquo
1400 1758 1470 1802 vel
1501 1760 1715 1802 anxietate

106 1829 369 1881 metabatur,
402 1842 531 1886 quem
561 1830 804 1873 macerabat
833 1830 1012 1881 invidia,
1044 1831 1115 1873 cui
1146 1845 1229 1874 non
1261 1832 1448 1887 corporis
1479 1830 1552 1874 sed
1584 1831 1717 1873 animi

26 1895 27 1898 ¹
110 1899 287 1946 ‘dolores
322 1914 526 1946 somnum
567 1902 801 1958 rapiebant,
839 1905 915 1945 aut
945 1903 1104 1945 mentis
1133 1901 1350 1945 medicum
1383 1901 1541 1953 adibat,
1573 1906 1650 1945 aut
1680 1902 1718 1944 si

121 1971 272 2031 procul
301 1971 388 2016 -ffle
426 1972 650 2016 habitabat
680 1987 756 2030 per
786 1975 988 2016 nuntium
1021 1972 1223 2016 literasve
1254 1987 1354 2017 eum
1386 1974 1639 2030 precabatur
1667 1976 1719 2015 ut

119 2043 230 2089 libro
263 2042 420 2101 ¹aliquo
465 2044 687 2088 scribendo
729 2045 812 2087 sibi
850 2048 1017 2102 pararet
1059 2044 1331 2088 medicinam.
1377 2044 1553 2102 Insigne
1595 2044 1718 2087 nobis

114 2115 303 2174 -pmhov
327 2114 586 2173 »exemplum
630 2115 808 2159 Paccius
841 2115 916 2159 ille
948 2117 1023 2172 qui
1053 2117 1169 2159 vitae
1201 2117 1477 2172 munerisque
1509 2115 1717 2159 molestiis

12 2172 37 2210 s
106 2187 195 2232 *sae*
215 2187 371 2231 incitas
409 2186 605 2231 redactus
637 2200 662 2230 a
693 2186 928 2230 Plutarcho
962 2201 1087 2244 opem
1120 2188 1249 2244 petiit
1279 2191 1322 2230 et
1353 2189 1413 2230 sic
1445 2187 1718 2244 praestantis-

108 2257 445 2303 simumwillum
473 2262 604 2314 atque
635 2259 834 2302 omnibus
860 2259 1120 2311 hominibus,
1147 2272 1231 2301 non
1257 2258 1408 2301 Paccio
1435 2257 1516 2301 soli
1542 2260 1718 2316 eiusque

121 2328 371 2388 aequalibus
411 2329 486 2374 sed
523 2330 646 2372 nobis
686 2331 819 2372 etiam
858 2331 1122 2386 posterisque
1151 2331 1321 2382 nostris,
1354 2328 1638 2373 utilissimum
1670 2330 1720 2372 de

111 2400 423 2459 zmqniIIn'tate
460 2400 588 2444 animi
629 2399 778 2444 elicuit
818 2388 994 2444 librum.
1037 2400 1120 2444 Sed
1161 2401 1231 2443 hic
1267 2400 1379 2443 mihi
1412 2400 1718 2444 occurrendum

114 2473 299 2523 ‘crithini
320 2471 497 2517 {videtur
519 2472 633 2529 quod
658 2473 704 2515 in
729 2477 935 2528 promptu
964 2476 1042 2515 est.
1072 2470 1348 2523 „Utilemne”
1367 2475 1488 2528 roget
1504 2473 1719 2528 quispiam

114 2556 257 2598 ¹»eum
289 2556 415 2603 vocas
443 2542 607 2587 librum
639 2545 715 2600 qui
746 2557 828 2586 nou
862 2547 951 2586 tam
984 2556 1067 2601 quo
1093 2542 1219 2586 modo
1245 2543 1453 2585 vivendum
1479 2556 1608 2599 quam
1635 2556 1719 2599 quo

111 2614 252 2661 modo
276 2614 522 2658 monadum
548 2616 607 2658 sit
632 2613 808 2658 doceat?
840 2614 990 2658 Omnis
1016 2616 1132 2658 enim
1158 2613 1236 2657 illa
1261 2613 1485 2658 Plutarchi
1513 2614 1721 2671 sapientia

125 2685 405 2754 lii-offla
442 2686 556 2731 redit
595 2686 648 2730 ad
690 2685 802 2729 illud
835 2686 970 2738 ἔγγὺς
1001 2687 1127 2736 λιμήν
1157 2685 1413 2737 Stoicorum,
1447 2685 1560 2742 quod
1591 2698 1720 2728 suum

126 2757 276 2801 fecisse
311 2768 475 2820 omnes
503 2756 624 2801 illius
665 2758 871 2814 temporis
913 2756 1116 2800 videntur
1156 2755 1446 2814 philosophi'st
1483 2756 1579 2800 Non
1609 2770 1720 2813 nego

127 2821 288 2872 Paccio
309 2842 478 2886 quoque
503 2833 726 2885 tamquam
753 2833 994 2872 extremum
1021 2828 1270 2885 perfugium
1298 2827 1588 2871 commendari
1613 2841 1722 2871 mor-

115 2902 218 2944 tem
249 2898 553 2945 voluntariam.
585 2899 668 2943 Sed
699 2900 797 2943 vide
831 2913 959 2956 quam
992 2900 1049 2942 sit
1080 2898 1150 2941 hic
1183 2912 1350 2955 quoque
1383 2901 1535 2941 cautus
1567 2901 1611 2942 et
1641 2900 1721 2942 cir-

112 2973 402 3028 .·cumspectus
433 2970 710 3015 Plutarchus:
743 2984 891 3014 revera
922 2974 1134 3012 extremum
1165 2971 1205 3012 ei
1237 2974 1302 3012 est
1332 2968 1442 3012 illud
1473 2969 1722 3027 perfugium

114 3043 215 3100 quo
237 3046 315 3086 aut
339 3055 560 3099 nunquam
587 3043 645 3086 sit
671 3041 879 3085 utendum
905 3045 981 3084 aut
1007 3042 1082 3085 vix
1101 3054 1307 3097 unquam.
1335 3041 1478 3098 Atque
1500 3041 1721 3084 novicium
