2002 3372
1063 269 1150 313 358

376 395 446 438 Sic
485 394 618 437 edidit
658 393 705 435 B.
750 407 824 449 pro
857 391 1012 434 tradito
1044 391 1234 434 διακούων
1264 392 1375 448 quod
1406 405 1540 448 neque
1571 393 1893 437 mmmmm·

317 471 453 510 turam
498 479 632 522 neque
664 467 812 520 aptum
844 476 1016 505 sensum
1047 463 1233 519 praebet.
1279 463 1362 506 Sed
1393 477 1532 506 nonne
1563 462 1768 517 ἀνέκρονεν
1803 463 1894 514 „in-

315 537 486 580 hibebat
526 535 623 579 me’'
658 539 721 577 est
750 531 1010 590 legendum?
1639 551 1641 554 <

375 679 511 724 577D
556 679 696 733 „Quid
737 679 816 722 hoc
857 679 939 722 sibi
981 678 1103 722 vult”
1138 681 1253 723 anxii
1282 681 1396 723 inter
1425 693 1470 723 se
1501 683 1656 736 rogant
1686 679 1895 729 coniurati

315 751 455 807 „quod
487 749 737 792 Theocritus
768 754 902 801 vates,
936 751 1010 806 qui
1039 754 1181 794 tamen
1213 752 1348 794 nostri
1379 755 1443 793 est
1475 749 1641 793 consilii
1671 752 1894 808 pat-time,

313 825 401 863 tam
434 820 508 862 diu
543 834 638 863 cum
674 822 869 877 tyrannis
900 819 1214 877 colloquitur?'’
1666 851 1670 856 -
1703 852 1706 857 Δ

371 891 440 934 καὶ
473 892 491 934 ὅ
525 890 780 943 Φυλλίδας,
778 892 839 943 ,οὐ
868 891 1043 944 σαφῶς”
1073 889 1226 942 εἶπεν,
1226 890 1324 942 ,οὐδ’
1349 892 1400 939 ὥς
1429 889 1701 942 ἐπιστάμενος
1724 889 1892 945 (alyn)-

312 961 447 1012 ἤκουον
480 961 521 1004 δὲ
554 967 711 1013 σημεῖα
743 963 811 1004 καὶ
845 961 1128 1014 μαντεύματα
1162 962 1340 1015 δυσχερῆ
1371 962 1441 1005 καὶ
1475 961 1656 1037 χαλεπὰ
1685 961 1896 1016 προπίω·

311 1033 453 1076 πίσθοιι
486 1039 538 1087 τῇ
573 1032 791 1086 Σπάρτῇζ

371 1104 440 1147 Sic
472 1105 574 1147 haec
608 1104 908 1160 distinguenda
940 1107 983 1146 et
1008 1103 1242 1160 supplenda
1268 1103 1479 1146 videntur.
1512 1102 1635 1147 Certe
1660 1103 1896 1160 recipienda

309 1176 501 1232 Emperii
531 1175 784 1228 emendatio,
817 1174 1044 1232 praeclara,
1078 1178 1128 1217 ut
1155 1174 1323 1226 assolet,
1351 1174 1688 1227 προτεθεσπίσθαι
1714 1182 1810 1232 pm
1807 1177 1896 1219 ⁴-tra

313 1246 401 1289 dito
432 1247 729 1298 προστίθεσθαι.

373 1316 439 1360 Ad
469 1317 579 1359 fores
610 1317 813 1359 Simmiae
844 1331 942 1359 cum
974 1320 1197 1359 venerunt.
1231 1316 1401 1358 obviam
1434 1317 1488 1359 iis
1518 1315 1564 1360 fit
1598 1284 1829 1360 Phidulnun
1853 1319 1897 1359 01

376 1387 571 1439 ,,”μ.ικρὸν
600 1385 714 1430 εἶπεν
747 1388 885 1438 „duae
918 1388 1092 1429 ἐνταῦθα
1125 1392 1354 1440 περιμεῖναι
1386 1386 1583 1440 (κελεύει)
1615 1386 1849 1439 Σιμμίαέζ

374 1458 587 1500 Lacunam
623 1456 835 1514 supplevi.

377 1593 509 1638 578ss
551 1594 705 1638 Narrat
746 1594 998 1637 Theocritus
1029 1598 1230 1651 tyrannos
1261 1594 1599 1650 investigaturos
1630 1606 1719 1638 esse
1750 1591 1897 1637 Dirces

316 1665 562 1722 sepulcrum
594 1664 794 1721 additque

377 1767 508 1779 .....
511 1737 649 1782 καλῶς
683 1734 905 1787 ἐξευρήσειν
939 1735 1088 1783 αὐτοὺς
1120 1734 1282 1788 νομίζω.

374 1807 423 1848 111
454 1806 801 1862 praecedentibus
833 1804 984 1848 lacuna
1015 1809 1079 1848 est
1111 1819 1217 1861 quae
1250 1805 1460 1862 quomodo
1490 1805 1577 1849 fere
1607 1803 1815 1862 explenda
1838 1806 1897 1848 sit

314 1880 460 1934 sponte
488 1881 676 1934 apparet.
703 1876 786 1920 Sed
801 1891 877 1933 pro
894 1881 1029 1924 καλῶς
1048 1878 1307 1920 contrarium
1324 1877 1480 1932 requiri
1498 1879 1673 1933 apparet
1688 1890 1711 1919 0
1726 1889 1897 1933 aquen-

314 1950 448 1991 tibus:
479 1950 583 2005 „qui
607 1948 703 2005 lege
730 1948 1065 2005 hipparchorum
1091 1962 1266 1991 munere
1291 1949 1429 1991 functi
1445 1951 1546 1991 sunt
1561 1962 1707 1991 omnes
1722 1947 1898 1992 exulant

313 2024 479 2075 praeter
505 2019 624 2070 duos,
657 2033 759 2075 quos
785 2020 1046 2075 interrogare
1071 2020 1244 2076 tyranni
1271 2034 1353 2061 non
1383 2017 1614 2061 audebunt.
1645 2017 1895 2075 Hipparchi,

314 2104 420 2146 quos
446 2091 529 2146 ipsi
549 2090 753 2142 fecerunt,
771 2089 881 2132 nihil
897 2093 1066 2141 norunt,
1083 2104 1183 2132 nam
1199 2091 1326 2132 iustis
1342 2089 1638 2132 tantummodo
1654 2089 1896 2146 hipparchis

315 2166 356 2204 et
388 2162 462 2217 qui
493 2162 573 2203 rite
605 2175 652 2203 eo
684 2161 821 2203 functi
851 2165 953 2203 sunt
983 2174 1159 2203 munere
1191 2164 1342 2203 notum
1366 2159 1478 2202 illud
1503 2161 1770 2217 mysterium
1788 2159 1894 2203 est?

377 2305 510 2350 579c
553 2305 666 2349 Delii
697 2307 803 2349 iussi
835 2305 1009 2363 duplam
1039 2316 1157 2349 aram
1186 2306 1320 2349 facere
1351 2304 1568 2361 octuplam
1600 2308 1864 2349 struxerunt:

374 2377 423 2419 δι’
455 2378 643 2430 ἀπειρίαν
674 2377 906 2428 ἀναλογίας
941 2377 963 2425 ή
996 2377 1051 2430 τῷ
1083 2376 1204 2426 μήκει
1239 2374 1454 2419 διπλάσιον
1487 2375 1737 2429 παρέχεται.

374 2448 508 2490 Sensu
549 2461 664 2489 cassa
706 2448 807 2490 haec
850 2448 909 2490 sic
950 2449 994 2489 in
1036 2449 1258 2504 integrum
1290 2448 1481 2490 restituit
1510 2445 1762 2490 Holwerda:
1794 2443 1819 2501 ᾗ
1849 2447 1895 2489 τὸ

316 2518 435 2569 μήκει
471 2517 685 2560 διπλάσιον
715 2517 999 2560 ὀκταπλάσιον
1033 2518 1268 2570 παρέχεται
1301 2518 1413 2559 κατὰ
1445 2516 1491 2559 τὸ
1522 2516 1694 2571 στερεόν.

375 2589 528 2631 Nonne
568 2587 786 2631 lenissima
828 2589 1119 2631 emendatione
1156 2587 1269 2631 idem
1301 2587 1587 2630 obtinebimus
1617 2581 1673 2636 ἣν
1693 2588 1751 2631 τὸ
1774 2587 1893 2638 μήκει

317 2659 530 2702 διπλάσιον
575 2659 808 2712 παρέχεται
851 2658 1071 2716 legentes?
1109 2659 1365 2715 Ignorabant
1396 2659 1588 2701 homines
1618 2661 1821 2715 quantam
1851 2658 1896 2700 id.

318 2729 430 2785 quod
461 2729 729 2786 longitudine
761 2729 943 2786 duplum
976 2734 1085 2773 esset
1111 2729 1291 2772 efficeret
1318 2729 1542 2783 analoqiam
1567 2730 1614 2781 (i.
1631 2741 1666 2773 e.
1696 2730 1894 2781 „tertiam

319 2799 635 2855 potestatem'’).
1635 2814 1638 2818 ’

378 2941 435 2983 ib.
481 2939 754 2998 Intelligebat
794 2941 917 2985 Plato
960 2944 1120 2985 summi
1151 2943 1444 2986 mathematici
1474 2940 1588 2994 ἔργον
1617 2938 1718 2984 εἶναι
1750 2941 1772 2984 3
1783 2957 1806 2984 υ
1815 2958 1835 2985 ε
1847 2947 1894 2986 ῖν

321 3010 383 3061 μέ
396 3026 420 3052 a·
432 3028 459 3053 ω
472 3027 490 3052 ν
523 3012 550 3052 α
563 3027 582 3052 ν
593 3011 621 3053 οἱ
635 3021 661 3053 λ
675 3027 692 3054 ο
706 3028 736 3062 y
749 3028 767 3054 0
780 3028 799 3053 ν
831 3022 856 3054 λ
870 3017 893 3061 ἥ
904 3016 938 3066 ψ
952 3029 963 3055 ι
976 3030 1008 3056 ν.
1041 3013 1176 3056 Verba
1207 3017 1353 3056 notata
1382 3011 1619 3070 significare
1650 3011 1801 3055 debent
1827 3016 1895 3066 (ut
