2002 3372
925 1020 1212 1077 CAPUT
1254 1021 1385 1076 VII.

937 1399 1062 1442 Αἴτιοι
1096 1398 1310 1450 Ῥωμαϊκοί

936 1470 1060 1512 Λῖτιοι
1095 1469 1318 1519 Ἑλληνικοί

428 1541 661 1592 Συναγωγῆ
693 1541 869 1592 ἱστοριῶν
902 1541 1181 1593 παραλλήλων
1218 1541 1464 1588 Ἑλληνικῶν
1496 1538 1565 1582 καὶ
1599 1539 1845 1590 Ῥωμαῖκῶν.

396 1695 490 1738 Una
519 1695 565 1737 hi
596 1695 695 1737 libri
725 1695 1013 1738 considerandi
1044 1698 1144 1738 sunt
1176 1709 1259 1737 non
1287 1694 1400 1750 quod
1427 1694 1621 1751 deinceps
1646 1694 1848 1751 legantur
1872 1696 1918 1738 in

336 1765 593 1807 editionibus
636 1765 709 1807 sed
748 1770 796 1808 ut
837 1769 1036 1821 appareat
1078 1765 1180 1821 quid
1221 1765 1378 1808 distent
1419 1778 1515 1808 aera
1556 1764 1729 1822 lupinis.
1772 1764 1828 1808 Et
1867 1764 1918 1809 de

337 1836 518 1878 duorum
564 1837 758 1892 priorum
800 1836 926 1879 titulo
968 1838 1154 1892 primum
1201 1835 1435 1879 videamus.
1486 1835 1754 1892 Ineptissime
1794 1837 1832 1878 is
1872 1837 1918 1878 in

335 1906 548 1949 codicibus
578 1920 602 1948 a
633 1907 772 1949 verbis
800 1908 1041 1958 κεφαλαίων
1069 1906 1330 1958 καταγραφή
1357 1907 1523 1962 incipit,
1554 1919 1683 1962 quem
1709 1919 1792 1948 non
1818 1904 1918 1948 libri

337 1976 409 2019 sed
441 1976 589 2018 indicis
619 1976 797 2019 titulum
831 1991 920 2019 esse
951 1979 1039 2019 iam
1068 1978 1282 2032 perspexit
1307 1975 1676 2033 wyttenbachius.
1703 1975 1789 2036 Ista
1815 1989 1918 2032 ergo

850 2047 1102 2100 Κεφαλαίων
1134 2048 1397 2100 καταγραφή

1001 2117 1213 2168 Ῥωμαϊκαὶ

580 2181 622 2220 et

853 2238 1107 2289 Κεφαλαίων
1142 2239 1402 2290 καταγραφή

1002 2308 1225 2356 Ἑλληνικά

340 2378 563 2420 reddamus
605 2378 792 2420 librariis
833 2381 876 2421 et
906 2379 1050 2434 ipsum
1082 2377 1365 2420 Plutarchum
1396 2391 1638 2433 sequamur.
1670 2376 1782 2420 Nam
1813 2391 1920 2433 quae

339 2449 451 2504 apud
476 2448 604 2491 illum
633 2450 877 2491 etiamnunc
902 2453 966 2490 est
992 2449 1230 2500 diversitas,
1259 2462 1320 2499 ea,
1348 2451 1398 2490 ut
1425 2449 1583 2504 opinor,
1611 2446 1729 2490 nullo
1748 2449 1920 2504 negotio

340 2518 521 2561 tollitur.
555 2518 669 2571 Quae
700 2521 815 2562 enim
847 2518 982 2575 vulg-o
1020 2519 1275 2572 Quae-§timaee
1302 2519 1503 2560 Romamne
1528 2517 1742 2570 dicuntur,
1770 2517 1824 2560 ad
1851 2531 1920 2560 eas

341 2589 405 2631 bis
454 2589 634 2631 Vitarum
675 2604 849 2632 suarum
890 2589 1066 2632 lectores
1106 2588 1282 2645 relegat,-
1327 2588 1450 2631 Rom.
1490 2602 1524 2630 c.
1560 2586 1614 2630 15
1657 2588 1731 2630 ubi
1774 2601 1920 2631 omnes

341 2659 503 2702 codices
544 2661 583 2701 ἐν
626 2666 734 2705 τοῖς
770 2660 922 2707 Αἰτίοις
950 2659 1164 2710 exhibent,
1198 2662 1241 2701 et
1272 2657 1390 2702 Cam.
1426 2658 1481 2700 19
1514 2657 1589 2700 ubi
1620 2656 1710 2714 legi
1741 2657 1849 2700 solet
1881 2658 1920 2699 ἐν

342 2731 396 2780 τῷ
438 2729 525 2782 περὶ
570 2730 765 2772 Αἰτιῶν
810 2731 1057 2780 Ῥωμαϊκῶν.
1099 2728 1310 2785 Equidem
1351 2730 1454 2784 quin
1492 2726 1603 2770 illud
1634 2733 1717 2774 τοῖς
1751 2728 1919 2780 Αἰτίοις,

342 2801 535 2841 neutrius
566 2802 747 2856 generis,
780 2802 903 2842 unice
935 2813 1084 2843 verum
1117 2801 1174 2841 sit
1205 2813 1286 2841 non
1320 2799 1493 2850 dubito;
1527 2797 1661 2840 nolim
1693 2811 1794 2854 crgo
1821 2812 1920 2840 cum

342 2868 473 2912 Corae
515 2870 552 2910 ἐν
594 2876 689 2917 ταῖς
734 2871 897 2917 Αἶτίοιις
939 2870 1095 2926 legere,
1128 2869 1199 2912 sed
1231 2869 1364 2912 altero
1395 2868 1499 2919 loco,
1531 2872 1704 2911 accentu
1737 2871 1921 2911 tantum-

343 2939 466 2980 modo
498 2943 664 2981 mutato
697 2941 735 2981 ἐν
767 2942 821 2991 τῷ
855 2940 943 2991 περὶ
979 2940 1125 2981 Αἰτίων
1157 2940 1391 2989 Ῥωμαϊκῶν
1422 2951 1635 2994 reponam,
1669 2951 1775 2993 quae
1806 2945 1918 2981 certe
