2002 3372
1073 210 1159 254 318

330 336 501 393 quidem
542 338 584 378 et
625 347 775 390 parum
809 340 1052 376 accuratum
1083 332 1155 376 sed
1186 336 1328 377 tamen
1360 333 1531 390 aliquod
1562 334 1768 381 indicium
1798 339 1904 381 tem-

330 409 456 464 porie,
489 420 571 462 quo
601 404 710 448 liber
741 405 923 459 scriptus
956 404 1025 446 sit.
1059 403 1242 457 Etenim,
1277 408 1326 447 ut
1357 419 1535 462 semper,
1562 420 1644 450 non
1670 420 1741 454 eos
1766 405 1905 455 solum

329 477 380 520 ad
422 491 524 533 quos
566 490 609 518 se
647 475 857 518 convertit
898 476 1042 517 monet
1073 474 1274 531 docetque
1307 475 1380 518 sed
1412 482 1546 519 semet
1577 477 1721 534 ipsum
1752 476 1906 530 aimuh

328 549 473 604 agitur
517 549 661 589 autem
708 545 757 587 de
801 558 952 587 senum
995 545 1177 601 quodam
1218 547 1342 599 vitio,
1384 551 1534 603 atque:
1579 546 1716 599 „illud
1758 561 1905 592 cavere

327 618 531 661 debemus”
559 618 633 660 ait.
661 615 743 658 Sed
770 618 911 659 totum
936 614 1078 659 locum
1105 615 1210 667 <547
1226 618 1280 670 A)
1307 617 1666 675 contemplemur:
1692 632 1906 676 nusquam

327 703 369 731 se
412 688 715 738 demissiorem,
758 685 1048 739 humiliorem,
1083 686 1263 743 denique
1296 687 1587 732 amabiliorem
1618 693 1760 735 noster
1787 702 1907 747 pree*

326 760 443 802 buit:
479 758 559 810 „ad
592 761 726 800 semet
757 756 898 814 ipsos’'
934 759 994 800 sic
1025 757 1111 800 fere
1140 758 1328 815 disputat
1356 758 1616 810 „laudandos
1641 759 1766 804 facile
1789 774 1907 806 senes

327 829 582 873 delabuntur
592 842 602 880 ;
647 843 746 872 nam
788 828 890 871 dum
935 842 1086 884 pravos
1130 819 1313 872 aliorum
1355 843 1507 882 mores,
1549 844 1698 888 resque
1727 831 1780 877 ab
1811 832 1906 877 aliis

326 899 437 943 male
468 903 610 957 gestas
642 900 948 955 perstringunt,
982 913 1104 955 saepe
1137 913 1244 955 quae
1275 901 1358 955 ipsi
1388 899 1527 942 multo
1557 900 1712 944 melius
1741 902 1908 959 egerint

326 969 549 1014 extollunt.
588 970 747 1022 Quodsi
782 984 862 1012 non
896 968 1036 1012 solum
1071 973 1253 1012 aetatem
1284 983 1406 1012 suam
1439 970 1582 1014 afferre
1612 976 1803 1027 possunt,
1835 971 1907 1015 sed

326 1043 456 1085 etiam
499 1040 683 1097 gloriam
717 1037 1020 1096 virtutemque,
1053 1042 1176 1083 venia
1206 1042 1260 1083 iis
1292 1041 1427 1084 danda
1459 1045 1547 1085 est:
1588 1056 1670 1086 non
1700 1043 1815 1089 enim
1846 1043 1908 1085 in-

326 1111 493 1155 utiliter
529 1115 664 1154 semet
696 1112 809 1167 ipsos
850 1110 1026 1154 laudant
1062 1111 1134 1154 sed
1173 1125 1243 1154 eos
1275 1125 1379 1168 quos
1411 1113 1656 1168 vituperant
1684 1112 1737 1157 ad
1768 1126 1909 1157 aemu-

326 1182 502 1226 landum
533 1183 735 1225 incitant:

386 1254 420 1296 οἱ
453 1254 487 1295 δ’
519 1251 637 1295 ἄλλοι
672 1253 828 1305 σφόδρκ
862 1252 1152 1304 <Damnabat
1189 1253 1255 1294 καὶ
1291 1252 1456 1295 δεδιέναι
1490 1255 1561 1302 ’τὴν
1589 1254 1784 1306 ἐκτροπὴν
1810 1255 1908 1298 ταύ-

327 1341 399 1373 την
430 1323 773 1375 ὃΦείλομεν.”

386 1395 481 1438 Non
521 1408 661 1438 senem
696 1393 834 1437 solum
868 1408 910 1436 se
942 1394 1100 1437 fatetur
1131 1393 1433 1438 Chaeronensis
1464 1394 1752 1451 philosophus,
1785 1395 1907 1441 cuius

326 1478 470 1518 tamen
503 1467 752 1522 sapientiam
784 1468 987 1521 expetunt
1026 1479 1184 1516 omnes,
1227 1465 1298 1508 sed
1333 1467 1462 1509 etiam
1500 1466 1551 1508 de
1589 1465 1720 1523 vulgo
1755 1479 1906 1512 senum

327 1538 402 1593 qui
436 1535 554 1579 nulla
585 1550 629 1578 re
660 1533 928 1578 inclaruerit!

386 1607 610 1650 Problema
646 1605 983 1657 „theoreticam”
1015 1610 1194 1650 tractare
1220 1607 1393 1650 videtur
1417 1607 1470 1649 cf.
1498 1621 1539 1663 p.
1559 1606 1717 1651 546B:
1747 1611 1907 1659 „restat

329 1693 535 1735 exponere
567 1677 778 1734 quomodo
809 1691 955 1720 cavere
985 1679 1118 1733 possit
1147 1677 1302 1733 aliquis
1333 1692 1385 1720 ne
1417 1682 1551 1721 semet
1581 1679 1724 1734 ipsum
1754 1679 1906 1723 intem-

326 1751 488 1806 pestive
527 1748 695 1792 laudet:
740 1751 804 1790 est
836 1749 949 1790 enim
982 1753 1285 1804 argumentum
1319 1748 1431 1804 quod
1462 1748 1606 1792 ordine
1638 1750 1695 1792 sit
1725 1752 1906 1793 tractan-

328 1820 460 1864 dum''
483 1820 527 1874 ¹),
569 1823 611 1863 et
653 1820 827 1863 observa
859 1833 989 1875 quam
1021 1833 1143 1876 saepe
1174 1820 1242 1863 hic
1274 1823 1491 1863 recurrant
1522 1819 1730 1864 formulae
1760 1819 1907 1876 quales

327 1892 404 1934 hae
434 1895 555 1934 sunt:
586 1889 781 1946 „porro’',
811 1889 1031 1941 „deinde'',
1061 1890 1249 1940 „accedit
1276 1889 1430 1946 quod'',
1466 1891 1536 1941 „in
1570 1890 1768 1934 omnibus
1799 1891 1908 1934 eius·

326 1962 442 2005 modi
473 1960 641 2004 rebus''.
673 1960 832 2003 Tamen
863 1961 1041 2002 minime
1070 1959 1467 2016 philosophantibus
1498 1959 1599 2003 solis
1630 1961 1812 2017 scriptus
1841 1967 1905 2005 est

327 2031 511 2084 libellus,
553 2031 625 2074 sed
668 2031 864 2074 omnibus
906 2034 948 2073 et
981 2030 1112 2073 doctis
1143 2034 1186 2074 et
1215 2031 1410 2082 indoctis,
1443 2045 1627 2087 quorum
1658 2044 1794 2076 mores
1823 2031 1903 2075 hoc

326 2103 511 2147 remedio
538 2101 710 2145 sanandi
737 2101 973 2144 videantur.
1002 2101 1109 2144 Prae
1126 2102 1275 2144 ceteris
1292 2106 1435 2144 autem
1452 2101 1647 2158 exempla
1663 2116 1714 2145 ex
1729 2102 1905 2145 historia

328 2176 510 2217 Romana
547 2174 681 2230 petita
720 2171 916 2215 libellum
949 2172 1134 2228 produnt
1165 2187 1239 2230 per
1271 2176 1411 2216 totum
1444 2172 1729 2230 spargendum
1761 2173 1904 2216 orbem

327 2250 548 2288 terrarum.
581 2243 690 2286 Sunt
720 2247 864 2286 autem
896 2243 1020 2286 haec:

388 2315 493 2368 (540
505 2315 556 2367 F)
601 2314 808 2366 „Romani
850 2312 1094 2357 Ciceronem
1137 2314 1244 2357 ferre
1275 2328 1359 2357 non
1390 2317 1584 2370 poterant
1614 2327 1779 2371 semper
1808 2313 1900 2371 glo-

327 2389 507 2430 riantem
539 2385 725 2429 consiliis
757 2386 845 2427 suis
877 2386 1031 2442 quibus
1064 2384 1293 2428 Catilinam
1325 2387 1612 2442 oppressisset,
1645 2385 1715 2428 sed
1745 2385 1903 2442 Scipio-

327 2473 426 2502 nem
467 2472 563 2500 cum
608 2456 783 2499 dixisset
827 2470 911 2499 non
942 2455 1067 2499 licere
1099 2458 1154 2498 iis
1185 2455 1235 2498 de
1268 2455 1463 2511 Scipione
1493 2455 1602 2499 ferre
1633 2457 1901 2507 sententiam,

328 2531 448 2572 cuius
480 2542 605 2585 opera
636 2529 689 2570 iis
719 2529 787 2569 ius
819 2531 928 2569 esset
959 2526 1010 2569 de
1040 2527 1237 2570 omnibus
1267 2526 1481 2570 iudicandi
1514 2525 1764 2570 mortalibus
1794 2540 1904 2570 coro—

327 2601 418 2643 nati
462 2600 505 2641 in
555 2596 818 2654 Capitolium
866 2600 965 2639 sunt
1010 2598 1222 2653 prosecuti
1263 2601 1306 2640 et
1350 2611 1449 2640 cum
1491 2611 1539 2640 eo
1578 2610 1669 2641 rem
1711 2595 1902 2641 divinam

327 2668 625 2726 peregerunt''.

375 2859 406 2898 1)
439 2858 558 2891 Confer
581 2856 821 2889 disertissimum
844 2855 903 2887 hoc
926 2855 1002 2895 (546
1014 2855 1070 2894 B):
1102 2853 1150 2886 διὸ
1174 2855 1276 2887 τοῦτο
1300 2854 1359 2894 μὲν
1385 2850 1702 2894 συγκατατετάχθω
1726 2852 1796 2892 τοῖς
1818 2852 1900 2894 εἰρη-

330 2911 437 2951 μένοις
466 2911 511 2949 εἰς
542 2912 581 2943 τὸ
612 2911 789 2952 πρόβλημα
819 2912 850 2941 et
874 2911 948 2941 nota
971 2910 1233 2952 praepositionem
1257 2908 1302 2944 εἷς
1324 2909 1357 2940 in
1381 2907 1616 2940 dialecticorum
1639 2916 1782 2939 sermone
1805 2907 1900 2940 usita-

327 2966 491 2998 tissimum.

1993 315 1998 372 ἴ
