2002 3372
897 224 982 267 221

197 347 335 402 Quem
376 348 540 392 civium
581 361 791 398 meorum,
835 349 927 389 tam
971 349 1045 403 qui
1088 345 1248 390 Graece
1292 348 1449 390 scirent
1490 360 1619 403 quam
1663 349 1738 403 qui

133 420 347 464 nescirent
387 433 528 471 causa,
571 432 699 476 quam
741 419 1063 461 accuratissime
1105 418 1508 475 elegantissimeque
1538 419 1661 474 potui
1692 419 1737 459 in

134 487 416 535 vernaculum
447 504 686 534 samonem
719 481 921 532 transtuli
942 490 988 541 1).
1023 490 1146 532 Nunc
1179 503 1265 541 eos,
1299 490 1374 545 qui
1406 489 1531 532 hasce
1563 493 1738 532 annota-

126 557 270 606 tiones
309 561 465 607 lecturi
508 566 622 614 sunt,
659 575 684 604 a
724 560 948 603 Plutarchi
988 560 1138 604 libello
1181 564 1370 604 recentes
1402 559 1518 617 fingo
1551 574 1735 617 cumque

129 632 184 677 iis
225 633 418 690 primum
459 633 512 677 de
554 637 646 676 tota
688 634 779 675 eius
820 636 974 675 natura
1018 635 1147 688 atque
1178 631 1322 675 indole
1354 645 1490 688 pauca
1522 631 1732 688 quaedam

129 703 316 761 disputo.

127 774 155 801 -’
187 774 326 829 Quam
382 775 648 820 admirabilis
701 788 916 832 quamque
963 774 1100 817 fidelis
1146 776 1361 818 mentium
1409 775 1600 818 medicus
1646 775 1733 818 fuit

125 844 437 892 Chaeronensis
467 845 567 890 ille!
601 845 671 889 An
703 848 895 904 potuisse
928 860 1026 888 eum
1062 848 1122 889 sic
1155 846 1338 889 scribere
1370 848 1622 903 opinamini,
1649 848 1733 890 nisi

122 922 329 976 perpetuo
384 922 522 962 totam
579 920 767 961 mentem
823 931 944 961 suam
993 919 1204 960 intentam
1253 918 1473 961 habuisset
1525 933 1733 973 aeqrorum

123 1003 302 1034 suorum
345 989 489 1042 saluti,
535 994 624 1032 tam
656 1003 805 1033 eorum
839 1003 863 1032 a
894 990 1051 1046 quibus
1083 988 1305 1032 consultus
1337 990 1427 1031 iam
1459 993 1571 1032 esset
1602 1003 1732 1046 quam

124 1061 321 1104 omnium
375 1060 552 1104 illorum
600 1062 674 1118 qui
729 1060 904 1117 posthac
953 1061 1005 1103 ab
1057 1062 1150 1117 ipso
1203 1059 1449 1112 consilium,
1505 1060 1731 1112 solatium,

126 1131 341 1176 auxilium
385 1136 525 1176 essent
566 1130 775 1189 petituri?
816 1131 956 1174 Immo
998 1145 1098 1174 vero
1140 1145 1392 1187 persuasum
1426 1132 1548 1174 nobis
1580 1132 1733 1175 habere

126 1217 356 1260 possumus
401 1203 682 1246 Plutarchum
716 1202 924 1260 quidquid
954 1203 1123 1254 faceret,
1155 1201 1416 1259 loqueretur,
1450 1202 1628 1260 legeret,
1662 1217 1734 1246 au-

126 1274 251 1327 diret,
292 1274 391 1319 illos
431 1289 601 1332 semper
641 1278 741 1318 ante
784 1273 931 1317 oculos
963 1274 1162 1317 habuisse
1189 1278 1232 1316 et
1261 1275 1307 1316 in
1341 1278 1533 1330 tempore
1565 1274 1731 1317 dedisse

123 1359 296 1403 operam
327 1351 376 1390 ut
408 1347 462 1389 iis
493 1345 656 1389 auxilio
688 1347 833 1389 venire
865 1350 1021 1401 posset,
1056 1347 1093 1387 si
1119 1359 1186 1388 res
1211 1346 1274 1388 ita
1300 1345 1536 1401 postularet
1564 1347 1726 1389 statim.

123 1415 254 1461 Domi
297 1431 399 1461 suae
440 1419 676 1461 armarium
719 1417 902 1460 habebat
944 1418 990 1459 in
1033 1415 1196 1459 loculos
1238 1417 1428 1460 divisum
1466 1415 1729 1474 plenumque

123 1491 448 1541 sententiarum,
475 1488 911 1541 narratiuncuhrum,
939 1492 1263 1545 praeceptorum
1292 1502 1413 1545 quae,
1436 1503 1512 1532 suo
1533 1488 1730 1546 quodque

124 1558 330 1617 tempore,
375 1559 564 1618 aliquam
609 1561 763 1604 babere
805 1563 978 1617 possent
1019 1559 1272 1603 utilitatem.
1320 1560 1416 1603 Non
1450 1559 1569 1603 arida
1601 1563 1730 1618 atque

122 1633 354 1690 exsanguis
375 1632 457 1675 'ibi
497 1632 663 1675 iacebat
703 1631 912 1683 doctrina,
955 1631 1027 1674 sed
1056 1622 1168 1674 ¹viva
1198 1633 1422 1688 vitamque
1455 1631 1607 1675 datura
1639 1635 1731 1675 erat

110 1703 296 1747 condita
332 1705 556 1761 sapientia,
590 1717 720 1760 quam
747 1704 878 1746 homo
905 1703 1133 1746 hominum
1160 1716 1308 1746 amans
1334 1702 1565 1760 collegerat
1592 1703 1730 1760 dispo-

106 1779 365 1833 ·sueratque,
407 1777 566 1832 quique
607 1789 702 1818 eam
734 1773 965 1831 collegerat
997 1774 1360 1831 disposueratque,
1390 1788 1474 1830 qua
1506 1779 1598 1817 erat
1629 1789 1729 1831 pru-

58 1838 64 1844 *
123 1845 270 1890 dentia
309 1849 353 1890 et
392 1847 608 1897 comitate,
652 1847 807 1903 quovis
847 1849 938 1888 erat
973 1849 1153 1901 paratus
1186 1848 1377 1902 tempore
1409 1845 1462 1888 ad
1495 1845 1728 1902 promenda

121 1931 171 1962 ea
198 1917 310 1961 unde
336 1922 662 1975 componeretur
687 1917 901 1960 medicina
928 1918 1081 1973 cuique
1110 1918 1298 1960 maxime
1320 1917 1544 1973 profutura
1561 1917 1725 1960 morbo.

116 1988 179 2033 Et
205 2003 336 2047 quam
362 1990 467 2033 bene
495 1989 686 2032 medicus
713 1988 788 2032 ille
814 1990 1023 2045 cuiusque
1040 1989 1181 2032 morbi
1197 1988 1480 2045 perspiciebat
1497 1986 1721 2031 naturam!

120 2060 290 2114 Quanta
328 2064 420 2104 arte
455 2085 511 2093 —
546 2062 583 2104 si
624 2074 692 2103 ars
734 2060 818 2102 dici
860 2063 1000 2117 potest
1041 2061 1187 2103 innata
1229 2060 1394 2102 homini
1428 2061 1582 2112 virtus,
1616 2073 1724 2116 quae

118 2131 182 2175 nil
223 2132 407 2175 humani
445 2145 470 2175 a
512 2146 556 2175 se
602 2131 793 2174 alienum
840 2134 967 2187 putat
999 2155 1056 2163 —
1092 2134 1407 2187 repraesentare
1447 2131 1529 2173 sibi
1559 2134 1724 2187 poterat

119 2204 328 2260 cuiusque
353 2205 490 2261 *aegri
513 2203 817 2253 conditionem,
849 2203 910 2245 ita
941 2206 993 2244 ut
1024 2203 1117 2244 eius
1149 2201 1314 2245 dolores
1344 2203 1518 2258 penitus
1548 2204 1726 2244 sentiret

117 2273 229 2332 ipse!
262 2274 401 2328 Quam
432 2274 538 2318 bene
569 2274 622 2317 ad
654 2287 755 2316 eum
787 2273 840 2316 ab
873 2287 922 2316 ea
954 2277 1089 2329 parte,
1124 2273 1237 2316 unde
1265 2273 1501 2330 oportebat,
1531 2272 1725 2316 accedere

117 2349 301 2403 poterat,
343 2347 406 2389 ita
447 2360 548 2389 eum
591 2346 755 2402 erigere
797 2348 849 2387 ut
888 2343 1008 2388 nullo
1049 2343 1233 2387 afficeret
1271 2344 1427 2395 dolore,
1471 2358 1642 2401 parcere
1686 2345 1724 2387 ei

103 2415 335 2474 simulque
361 2416 504 2460 morbi
529 2418 693 2473 aperire
718 2419 933 2466 naturam,
960 2415 1165 2458 adiuvare
1187 2415 1407 2458 hominem
1425 2430 1562 2472 neque
1578 2423 1721 2458 tamen

102 2489 182 2532 'ita
211 2487 323 2532 alere
353 2489 446 2532 eius
471 2487 693 2540 desidiam,
722 2486 968 2539 mollitiam,
996 2488 1198 2530 inertiam
1226 2491 1275 2529 ut
1302 2487 1352 2529 de
1378 2487 1464 2529 suis
1491 2486 1724 2543 disperaret

119 2560 299 2603 viribus.
332 2560 473 2603 Patris
507 2558 641 2602 simul
673 2560 814 2601 utitur
846 2572 946 2601 voce
979 2558 1252 2609 consolantis,
1287 2559 1487 2615 magistri
1520 2558 1722 2609 docentis,

87 2676 96 2684 „
117 2632 246 2674 amici
277 2632 572 2682 sustentantis,
605 2644 629 2673 a
662 2629 791 2672 solita
824 2629 1074 2673 abducentis
1108 2631 1299 2681 tristitia,
1331 2629 1559 2685 leuemque
1591 2630 1722 2672 inter—

103 2701 223 2745 dum
249 2703 476 2746 excitantis
503 2703 652 2744 risum.
684 2700 849 2754 Quibus
877 2699 1089 2743 molestiis
1114 2700 1279 2744 laboret
1302 2696 1482 2744 Paccius
1498 2701 1557 2743 sic
1574 2701 1737 2751 sentit,.

117 2777 338 2831 tamquam
367 2774 404 2816 si
430 2775 522 2830 ipse
547 2775 592 2815 in
618 2774 673 2815 iis
701 2775 956 2815 versaretur.
990 2771 1055 2814 Ad
1083 2771 1281 2815 altiorem
1304 2771 1556 2815 adscendere
1576 2770 1721 2814 locum

115 2843 248 2887 homo
277 2843 352 2887 ille
383 2843 581 2888 ardenter
613 2845 732 2900 cupit
765 2846 809 2886 et
841 2846 1012 2886 strenue
1045 2842 1118 2886 dat
1150 2856 1347 2899 operam;
1383 2846 1432 2885 ut
1464 2842 1722 2886 admittatur

32 399 47 456 ἐ

165 2997 197 3039 1)
223 2997 289 3029 ‚De
312 2996 482 3045 Avondzon
505 2996 558 3027 des
588 2994 824 3027 Hciiendoms’'
847 2994 997 3027 editionis
1020 2995 1173 3027 secundae
1198 2995 1260 3029 vol.
1286 2995 1301 3027 I
1327 3006 1358 3039 p.
1387 2996 1572 3030 181—160.
