2002 3372
1132 268 1220 311 590

390 400 478 438 tam
518 390 751 437 verecunde
794 388 1050 432 Plutarchus
1090 387 1302 444 loquatur,
1343 387 1623 431 verecundius
1665 387 1962 446 eti-'amquam

391 466 508 516 solet,
549 474 807 520 quamquam
848 472 1066 515 nunquam
1108 457 1227 501 illius
1267 460 1443 503 virtutis
1484 462 1548 501 est
1587 459 1827 502 immemor.
1864 459 1962 502 Non

389 540 529 579 tamen
570 534 725 576 metuit
766 530 1042 574 Academicus
1084 533 1228 572 noster
1267 543 1319 572 ne
1362 530 1412 571 ab
1454 530 1558 585 ipsis
1590 528 1963 574 Platonieiasmn-

389 607 558 663 gantiae
599 606 772 646 notetur
810 602 1009 643 crimine:
1051 601 1178 656 probe
1209 602 1322 643 enim
1355 601 1437 642 sibi
1470 603 1534 642 est
1563 601 1755 643 conscius
1775 601 1963 644 {semitis

389 677 521 719 doctis
555 675 807 730 quibuscum
840 671 1042 714 disserere
1072 675 1115 713 et
1145 670 1402 714 confabulari
1434 669 1567 713 soleat
1590 683 1692 714 eum
1720 669 1853 715 videri
1879 670 1962 722 cni,

389 745 647 801 simulatque
688 744 739 786 de
778 742 955 785 Platone
991 741 1149 784 incidat
1180 755 1331 793 sermo,
1363 754 1438 797 pro
1467 742 1648 797 imperio
1678 740 1962 798 loqniivl'neat,

389 831 516 874 quem
558 815 608 858 de
649 814 824 856 Platone
866 816 1063 869 agentem
1105 813 1240 868 ceteri,
1273 825 1421 855 omnes
1455 811 1963 869 tamquamnagincmm

389 901 514 930 suum
553 885 739 936 audiant,
777 884 955 939 denique
989 885 1064 939 qui
1095 891 1217 926 -nunc
1250 886 1324 925 aut
1355 884 1467 925 inter
1507 896 1652 926 omnes
1690 881 1964 939 philosophos

387 963 462 1000 eut
488 961 600 1000 certe
626 957 736 998 inter
763 954 1033 997 Academicos
1058 952 1377 996 Platonicorum
1403 952 1525 995 facile
1546 952 1962 1009 princepevideatur.

387 1028 525 1071 Lubet
555 1026 670 1069 locos
700 1026 951 1081 insigniores
984 1025 1093 1067 unde
1119 1024 1163 1066 id
1190 1025 1434 1067 etiamnunc
1460 1023 1621 1067 efficere
1644 1023 1964 1080 possumus-hic

387 1109 640 1157 proponere:
681 1095 833 1147 laudis,
868 1106 950 1151 qua
981 1098 1070 1138 toto
1102 1096 1283 1151 imperio
1315 1094 1504 1137 Romano
1535 1093 1809 1141 Plutarclms
1820 1092 1964 1142 floruit

387 1171 533 1226 agitur
572 1181 668 1224 pars
710 1165 778 1209 vel
819 1167 1020 1208 maxima.
1054 1165 1165 1208 Sunt
1195 1169 1280 1208 tres
1311 1179 1334 1208 e
1364 1165 1691 1218 Quaestionibus
1721 1163 1963 1244 6611νί1611-

387 1241 465 1283 bus
496 1239 590 1282 loci
1797 1255 1878 1276 w*

398 1347 400 1349 ,
445 1310 467 1353 I
513 1310 560 1352 11.
594 1309 671 1351 VII
712 1307 846 1364 probl.
880 1308 930 1349 A.
973 1307 1130 1358 Nicias,
1172 1307 1363 1350 medicus
1404 1270 1748 1363 Nicopolitanus,
1776 1271 1965 1364 'graviter

386 1383 430 1423 in
478 1379 702 1422 Platonem
747 1381 942 1421 invectus
984 1382 1069 1430 est,
1117 1379 1191 1433 qui
1232 1378 1447 1433 scripserit
1489 1380 1681 1434 „potum
1708 1382 1870 1420 meare
1879 1390 1965 1433 per

386 1449 664 1507 pulmonem''
671 1481 680 1492 .
713 1449 827 1491 hunc
859 1450 972 1491 enim
1004 1461 1186 1491 errorem
1218 1452 1307 1490 tam
1339 1461 1516 1504 gravem
1547 1461 1636 1491 esse
1660 1446 1965 1491 utdefensieni

386 1521 530 1564 nullus
576 1520 840 1576 relinquatur
881 1519 1020 1562 locus:
1069 1519 1181 1575 quod
1223 1519 1344 1561 docta
1383 1519 1747 1562 demonstratione
1778 1519 1963 1575 exponit.

386 1593 490 1635 Post
515 1591 628 1633 hunc
653 1590 913 1647 Protogenes
938 1590 1246 1646 grammaticus
1272 1589 1475 1645 quosdam
1498 1588 1680 1632 Homeri.
1696 1589 1802 1633 ,citat
1818 1601 1965 1640 versus

386 1664 461 1719 qui
487 1662 538 1705 ad
565 1662 642 1704 hoc
668 1663 877 1717 pertinere
905 1660 1130 1704 videantur
1156 1664 1473 1717 argumentum,
1500 1659 1573 1703 sed
1600 1672 1736 1716 neq-ue
1762 1660 1965 1717 quaestio-

386 1747 484 1776 nem
531 1732 702 1775 adducit
748 1732 799 1774 ad
847 1733 1012 1774 exitum
1058 1745 1192 1787 neque
1239 1731 1452 1774 medicum
1497 1730 1668 1774 refutat.
1704 1729 1964 1775 Conticuere

387 1817 533 1846 omnes
575 1802 854 1857 divinumque
885 1801 1192 1858 philosophum
1240 1803 1299 1844 616
1330 1803 1468 1857 turpis
1499 1802 1963 1845 convictum-inscitiae

386 1873 540 1916 dolent.
584 1871 665 1915 Sed
696 1874 860 1928 rumpit
889 1872 1109 1915 silentium
1138 1872 1342 1914 Mestrius
1365 1871 1526 1915 Florus
1554 1875 1599 1915 et
1634 1872 1963 1923 „sinim-absen-

384 1943 502 1986 tem”
545 1945 604 1986 ait
647 1944 943 1995 „condemnari
984 1943 1211 1987 Platonem
1254 1945 1376 1999 aequi
1417 1943 1599 1999 bonique
1614 1940 1962 1986 ÷>eonsulnmus2''

389 2015 554 2067 „Immo
585 2014 710 2057 vero''
743 2013 968 2071 respondet
998 2014 1252 2057 Plutarchus
1286 2014 1489 2070 „prodere
1516 2013 1635 2057 istud
1665 2015 1724 2058 sit
1743 2013 1964 2057 setss'Plato-

386 2099 483 2128 nem
525 2089 567 2128 et
610 2085 878 2128 Homerum''
922 2085 1156 2141 multisque
1198 2086 1409 2128 versibus
1432 2090 1476 2127 et
1517 2085 1645 2128 docta
1677 2084 1963 2142 disputatione

386 2156 646 2199 demonstrat
670 2155 836 2199 Niciam
865 2157 1039 2212 eiusque
1065 2162 1282 2199 auctorem
1308 2155 1614 2199 Erasistratum
1637 2155 1778 2200 multo
1790 2155 1962 2214 long-ins

387 2241 410 2270 a
437 2241 560 2283 scopo
587 2227 776 2269 aberrare
804 2240 932 2283 quam
961 2226 1185 2269 Platonem
1212 2240 1337 2283 quem
1364 2225 1616 2283 redarguere
1638 2226 1961 2282 studeat.¹Quee

385 2298 617 2354 disputatio
654 2311 908 2354 magnamne
940 2297 1091 2341 habeat
1123 2297 1398 2354 persuadendi
1429 2299 1520 2340 vim
1548 2310 1662 2341 nunc
1691 2299 1841 2350 mittes
1862 2298 1962 2342 ulti-

384 2383 501 2412 mam
545 2368 841 2411 tantummodo
882 2370 973 2411 eius
1013 2372 1178 2424 partem
1222 2369 1290 2411 hic
1334 2382 1451 2424 pono
1486 2380 1592 2424 quae
1631 2367 1782 2426 magni
1822 2372 1888 2412 est
1916 2370 1960 2412 in

384 2442 525 2482 nostra
567 2439 868 2495 disceptatione
907 2441 1137 2482 momenti:
1173 2438 1303 2495 „quid
1332 2440 1380 2482 in
1411 2439 1618 2482 eiusmodi
1646 2440 1961 2496 quaeat-ionibus

386 2511 475 2553 veri
508 2511 562 2552 sit
595 2509 734 2552 simile
766 2513 951 2552 statuere
982 2509 1096 2562 licet,
1129 2512 1221 2566 ipsa
1252 2511 1407 2552 veritas
1439 2524 1514 2553 nos
1545 2510 1717 2566 effugit:
1749 2524 1850 2568 ergo
1881 2512 1960 2553 mi-

385 2583 499 2623 nime
540 2584 706 2636 oportet
746 2582 792 2623 in
824 2582 1108 2624 controversia
1140 2585 1226 2623 tam
1258 2582 1418 2623 incerta
1448 2584 1535 2624 tam
1568 2580 1766 2624 audacter
1796 2585 1839 2625 et
1869 2595 1960 2624 con-

384 2652 611 2694 tumaciter
649 2649 821 2707 obloqui
861 2650 1114 2708 philosopho
1157 2652 1231 2708 qui
1271 2651 1384 2694 fama
1415 2647 1458 2694 e't
1487 2648 1743 2711 auctoritate
1767 2652 1959 2705 omnium

385 2723 580 2778 princeps
611 2721 718 2765 est’.

445 2790 579 2834 Verba
620 2791 722 2834 haec
763 2793 866 2843 eius,
905 2796 956 2834 ut
997 2794 1156 2848 opinor,
1198 2795 1298 2835 sunt
1338 2793 1412 2849 qui
1453 2806 1535 2835 non
1566 2791 1706 2836 solum
1725 2757 1958 2836 Platonem

386 2875 512 2904 suum
555 2866 668 2905 amet
708 2866 1014 2919 veuereturque
1053 2862 1125 2906 sed
1165 2864 1294 2905 etiam
1338 2864 1453 2914 sciat,
1497 2862 1547 2906 de
1587 2862 1763 2906 Platone
1795 2863 1958 2923 quoties

386 2937 552 2988 agatur,
593 2932 721 2976 altius
760 2932 953 2976 attollere
985 2934 1068 2976 sibi
1100 2948 1246 2976 vocem
1278 2932 1404 2978 licere
1437 2947 1565 2989 quam
1596 2922 1739 2982 soleat
1756 2934 1802 2982 in,
1831 2932 1956 2981 collo-

386 3004 496 3057 quiis
529 3002 843 3072 philosophicis.
