2002 3372
870 188 896 230 5

27 318 31 326 ⁴
126 294 337 359 ιιι-18111
363 312 479 379 8111111
521 310 748 355 literarum
789 310 965 355 laudare
1008 314 1101 355 eius
1133 318 1198 356 est
1245 315 1320 370 qui
1350 328 1423 355 sua
1456 329 1577 356 causa
1611 329 1680 358 ess

168 382 254 434 1'3'·‚²t
285 396 369 427 non
410 384 562 426 matris
603 397 712 439 quae
754 386 928 440 propter
968 383 1079 427 filios
1120 385 1291 442 ingrato
1333 386 1416 428 isto
1461 399 1585 442 opere
1617 390 1681 428 est

215 457 315 499 ota
341 453 426 498 Sed
449 453 640 498 nondum
666 453 820 511 plenus
846 458 912 497 est
941 455 1457 509 ν818118;8(1(111111·μήτηρ
1475 463 1678 509 γεγαυῖα.

183 552 188 563 ι
251 529 377 583 poeta
407 539 457 570 88
488 540 572 569 11011
603 527 816 582 posuisset
847 525 925 569 illo
957 526 1047 570 loco
1079 528 1164 570 nisi
1193 528 1272 571 hoc
1307 527 1459 572 vellet:
1500 528 1679 580 „simul-

83 629 136 665 e*
192 617 198 634 ·.
232 600 372 641 mater
394 597 506 641 facta
531 597 652 641 erat’'
671 602 714 641 et
731 612 782 641 ne
800 599 860 641 sic
878 598 1052 654 quidem
1073 603 1279 642 venustus
1295 599 1496 643 evaderet
1512 615 1677 644 versus,

82 674 177 725 ,
215 669 331 713 enim
362 683 492 726 quam
522 667 702 712 ridicule
734 670 944 712 sententia
977 671 1022 713 in
1054 674 1140 714 tres
1172 675 1314 728 partes
1346 672 1403 715 sit
1433 671 1595 715 divisa:

205 763 208 765 ’
257 739 502 792 γράμματα
534 739 618 792 γάρ
647 741 655 799 Ι
682 745 867 790 μνημεῖα.
902 740 1037 792 λόγων
1065 741 1072 798 Ι
1100 742 1234 794 μήτηρ
1266 748 1469 794 γεγαυῖαι.

159 809 316 855 *inulto
345 813 536 870 ineptius
566 818 708 856 noster
739 816 782 856 et
814 816 958 855 contra
990 814 1130 869 ipsam
1163 828 1370 857 versuum
1401 818 1601 858 naturam
1633 816 1677 857 in

215 882 401 926 iver-m
430 897 456 927 a
486 885 658 928 nomine
690 883 805 941 quod
836 889 901 927 est
934 886 1068 935 μήτηρ
1096 885 1405 942 dependentem
1433 886 1536 929 facit
1559 887 1677 944 geni-

56 1006 87 1014 ,
187 975 208 992 ..
261 954 415 998 παίδων
459 953 665 1006 ἡβώντων.
709 955 824 1009 Quae
866 956 996 999 verba
1029 960 1071 999 et
1102 958 1198 1013 ipsa
1227 958 1545 1014 ineptissimum
1580 972 1676 1015 pro-

80 1021 184 1069 ‘aa
229 1025 574 1071 versificatorem.
621 1026 733 1080 Quid
781 1025 926 1070 enim?
974 1027 1091 1070 Num
1135 1028 1277 1070 adulta
1318 1033 1449 1071 aetate
1489 1028 1568 1072 filii
1607 1028 1676 1072 1111

184 1119 213 1135 v<-
251 1097 410 1142 discere
441 1096 699 1156 coeperunt?
729 1098 826 1141 Non
859 1100 1022 1155 opinor,
1056 1099 1127 1142 sed
1161 1100 1239 1142 hoc
1267 1099 1430 1144 voluit:
1466 1115 1595 1152 „cum
1622 1101 1675 1144 ad

69 1160 130 1207 (ἐν,
148 1168 260 1214 ndi
299 1171 594 1229 pervenissent
637 1169 854 1213 aetatem’'
869 1183 884 1225 ;,
922 1170 966 1212 1(1
1008 1175 1155 1213 81118111
1197 1175 1466 1227 pentametro
1498 1187 1575 1215 suo
1609 1174 1671 1215 in-

64 1262 72 1272 -
111 1230 119 1243 ’
161 1243 178 1254 ”·
206 1262 213 1279 ι
249 1254 334 1286 non
362 1243 508 1299 potuit
539 1243 643 1298 quin
676 1243 768 1285 vim
802 1241 958 1284 faceret
992 1243 1074 1299 ipsi
1106 1245 1293 1286 sermoni
1325 1242 1501 1287 Graeco.

2 1311 4 1344 ἶ
72 1310 259 1356 31131381οε
291 1312 463 1370 pueruli
495 1312 665 1357 misella
696 1317 761 1356 est
793 1313 1017 1357 meditatio
1048 1313 1224 1358 libellus
1255 1319 1413 1359 noster.
1446 1317 1504 1359 At
1535 1318 1672 1374 inspe-

151 1404 157 1421 ·
183 1404 204 1421 ιι
241 1385 668 1442 inexspectatumque
694 1387 839 1428 nostra
866 1388 1003 1428 aetate
1030 1385 1235 1429 honorem
1261 1391 1409 1430 nactus
1426 1392 1504 1430 est.
1531 1387 1671 1431 Testis

58 1443 191 1506 &im
221 1459 286 1500 est
312 1455 537 1500 adhibitus
566 1458 612 1500 in
643 1458 902 1514 gravissima
932 1459 1221 1502 controversia
1253 1458 1304 1502 de
1330 1458 1469 1502 Taciti
1495 1460 1671 1514 Dialoyo

133 1527 397 1572 oratoribus.
441 1527 525 1582 Qui
565 1527 676 1572 liber
717 1530 1124 1586 praestantissimus,
1167 1544 1190 1572 a
1226 1529 1373 1574 Tacito
1404 1545 1454 1574 ea
1486 1533 1671 1588 scriptus

69 1601 211 1654 notate
235 1610 336 1643 eum
362 1598 415 1643 ad
441 1590 613 1656 plenam
639 1601 903 1656 pervenisset
930 1602 1242 1653 maturitatem,
1270 1617 1322 1645 ne
1344 1602 1521 1659 posthac
1537 1604 1672 1646 nimia

64 1665 265 1728 §geum
293 1669 495 1728 impleret
526 1671 824 1723 admiratione,
849 1673 954 1728 sous
985 1674 1078 1715 eius
1110 1664 1200 1716 erat
1225 1673 1507 1731 indagandus.
1540 1674 1672 1728 Quasi

70 1754 174 1787 vero
214 1743 254 1786 is
296 1741 474 1786 demum
515 1757 701 1801 magnus
743 1744 801 1786 sit
832 1747 955 1800 poeta
985 1745 1219 1801 scriptorve
1251 1747 1326 1802 qui
1357 1760 1380 1788 e
1412 1747 1525 1802 nullo
1556 1746 1672 1789 fonte

69 1806 265 1868 hauriat!
307 1812 365 1857 Et
403 1813 516 1858 illud
556 1814 746 1866 „fontem
778 1814 1010 1872 indagare’'
1044 1830 1127 1873 quo
1159 1817 1286 1860 modo
1319 1817 1396 1861 hac
1429 1822 1566 1861 aetate
1598 1818 1672 1861 fiat

13 1894 15 1899 “
56 1883 198 1942 ,sueno
225 1885 398 1943 ignorat
427 1887 502 1943 qui
532 1901 614 1930 non
647 1887 694 1929 in
722 1887 789 1930 his
820 1887 947 1930 rebus
979 1887 1106 1944 plane
1138 1890 1195 1931 sit
1226 1889 1391 1946 hospes.
1422 1889 1458 1932 E
1485 1890 1671 1933 tenebris

58 1957 336 2017 *protrahitur
365 1955 554 2002 Graecus
581 1957 738 2016 aliquis
765 1962 925 2011 auctor,
951 1960 1074 2002 8111118
1091 1962 1248 2017 scripta
1262 1960 1386 2018 plane
1401 1962 1670 2014 interierunt,

70 2029 272 2087 aeepfis,
314 2030 353 2072 si
392 2030 457 2072 ita
498 2043 564 2073 res
605 2030 702 2082 fert,
735 2031 884 2086 paucis
920 2030 1139 2074 vocabulis
1171 2031 1241 2074 hic
1272 2031 1363 2075 illic
1395 2035 1566 2089 sparsis.
1600 2032 1670 2076 Sic

48 2100 160 2161 :mr
183 2099 238 2144 nd
262 2103 390 2144 astra.
416 2099 541 2144 Nihil
568 2103 685 2145 enim
711 2101 880 2145 facilius
908 2116 1037 2159 quam
1065 2102 1116 2146 de
1142 2103 1253 2147 libro
1279 2103 1423 2160 aliquo
1451 2104 1670 2161 deperdito

11 2189 13 2192 ·
73 2172 277 2231 quamvis
303 2171 447 2216 doctos
477 2173 742 2217 conscribere
773 2175 1116 2217 commentarios.
1148 2175 1406 2218 Praesertim
1440 2180 1586 2220 autem
1612 2178 1672 2219 sic

50 2241 255 2301 ‚multas
285 2244 478 2287 nascitur
509 2243 731 2287 latinarum
763 2243 988 2288 literarum
1018 2245 1166 2289 laudes
1199 2246 1473 2290 detrectandi.

59 2305 117 2358 551..
260 2313 345 2358 Hic
373 2313 507 2367 labor,
539 2315 620 2359 hoc
651 2316 845 2359 studium
879 2318 1002 2373 parvi
1035 2331 1323 2374 properemus.
1343 2323 1386 2361 et
1418 2318 1553 2376 ampli

48 2444 49 2447 Ἰ
75 2386 199 2431 siunt
238 2387 314 2443 qui
353 2385 486 2430 semel
516 2386 824 2437 intellexerunt
855 2402 962 2444 quae
995 2401 1115 2431 merx
1145 2390 1189 2431 in
1222 2388 1426 2432 hodierno
1460 2390 1675 2434 doctrinae

51 2456 166 2502 «iuro
205 2455 396 2515 plurimo
438 2463 601 2502 veneat.
649 2458 762 2502 Nam
802 2473 887 2516 qua
928 2473 972 2502 re
1016 2458 1127 2502 illud
1168 2459 1243 2503 fiat
1285 2463 1438 2513 nescio,
1483 2462 1555 2504 sed
1597 2463 1676 2505 hoc

46 2570 48 2574 .
74 2523 268 2587 Quotidie
297 2527 390 2573 fieri
419 2528 542 2573 video
571 2533 620 2572 ut
646 2531 683 2573 si
710 2532 806 2587 quis
833 2532 877 2573 in
904 2531 1081 2573 chorum
1111 2545 1239 2582 „vere
1267 2531 1518 2576 doctorum''
1545 2535 1677 2590 recipi

55 2597 188 2645 ‘solit
215 2600 263 2642 in
293 2598 483 2657 aliquem
514 2602 765 2658 scriptorem
798 2606 1024 2658 poetamve
1057 2601 1262 2646 Latinum
1295 2603 1422 2647 faciat
1448 2606 1675 2661 impetum.

53 2668 149 2733 1111·
174 2672 345 2717 munita
386 2673 457 2716 via
499 2676 577 2724 est,
610 2675 798 2730 certique
829 2677 944 2716 stant
974 2675 1113 2730 parati
1145 2674 1285 2718 duces.
1318 2675 1541 2719 Habemus
1572 2691 1678 2733 opus

55 2734 248 2803 Ῡώςποᾰ
285 2755 310 2786 8
343 2743 557 2800 praeclaro
592 2745 752 2788 artifice
783 2745 976 2788 Romano
1009 2750 1224 2789 structum
1253 2747 1363 2803 quod
1397 2747 1681 2804 contemplari

70 2823 203 2859 nomo
242 2816 376 2872 possit
417 2817 523 2872 quin
558 2807 833 2860 vehementer
866 2820 1010 2860 mente
1043 2821 1087 2860 et
1119 2820 1264 2862 animo
1296 2823 1535 2862 moveatur.
1580 2819 1680 2862 Pro-

54 2883 312 2931 sermondus
357 2885 514 2944 aliquis
558 2902 580 2931 e
622 2888 798 2932 latebris
839 2890 1047 2932 recentior
1088 2889 1263 2932 libellus
1305 2891 1379 2946 qui
1421 2895 1496 2933 aut
1530 2890 1680 2941 multa,

47 2960 158 3003 ’1111
201 2981 258 2991 ·-
299 2971 400 3001 nam
442 2973 490 3002 eo
534 2973 703 3017 quoque
746 2965 965 3004 contentos
1009 2975 1086 3003 nos
1128 2975 1218 3005 esse
1260 2965 1426 3019 oportet
1459 2987 1515 2994 —
1548 2976 1683 3019 pauca
