2002 3372
1079 200 1167 243 240

336 320 632 363 dividebantur
675 323 836 375 partes:
882 336 920 361 a.
965 321 998 362 οἱ
1033 321 1246 374 δικολόγοι,
1278 336 1500 366 causarum
1532 327 1698 380 patroni
1728 326 1832 376 sive,
1866 330 1915 369 ut

336 405 383 434 eo
425 396 615 446 tempore
656 390 791 446 vulgo
836 390 1092 444 dicebantur,
1126 392 1332 436 advocati.
1366 394 1400 436 b.
1434 394 1468 436 οἱ
1500 395 1808 445 σοφιστεύοντος
1841 398 1916 453 qui

335 464 468 504 artem
513 462 740 503 oratoriam
781 459 985 503 docebant
1026 465 1069 504 et
1110 462 1286 506 subinde
1324 465 1486 521 ingenii
1525 466 1761 510 ostentandi
1792 479 1916 510 causa

335 533 542 574 orationes
575 531 797 582 habebant,
830 530 1080 588 plerumque
1110 534 1156 574 in
1189 533 1374 578 divitum
1405 534 1642 579 auditoriis.

396 676 529 718 486E
570 676 825 730 (Φυλακτέον
871 677 975 731 ἐστὶ)
1010 710 1018 720 .
1039 709 1048 720 .
1068 709 1077 721 .
1099 710 1107 721 .
1141 681 1331 730 γυναικὸς
1376 679 1484 723 ἔστιν
1515 679 1582 723 ὅτε
1616 687 1665 735 τῇ
1698 680 1910 738 ΦιλοὸοξΙᾳ

334 748 684 797 συνεπιτιθεμένης
718 747 863 798 λόγους
899 749 1098 801 πονηρούς.

366 812 511 861 'Male
552 818 620 861 hic
657 820 976 861 συνεπιτίθεσθοοι
1010 815 1216 877 interpres
1248 823 1376 864 vertit
1412 822 1638 872 „stimulos
1669 822 1913 868 adhibere'’.

332 889 411 932 Est
451 890 565 931 enim
612 891 851 945 „impetum
892 890 1063 933 facienti
1105 905 1228 948 opem
1268 891 1418 935 ferre’'.
1457 892 1665 936 Maritum
1697 898 1915 952 oppugnat

333 959 493 1016 gloriae
519 960 685 1016 cupido,
712 974 839 1017 quam
867 975 975 1004 uxor
1001 961 1132 1004 stulta
1163 966 1204 1005 et
1236 962 1382 1005 invida
1413 963 1588 1006 adiuvat
1618 964 1914 1009 huiuscemodi

334 1032 539 1073 oratione:
571 1030 727 1082 „frater
754 1035 854 1074 tuus
882 1032 1067 1076 abundat
1092 1034 1244 1090 gratia,
1268 1038 1317 1076 te
1345 1035 1516 1090 respicit
1531 1035 1699 1078 nemo’'.
1727 1035 1912 1094 Egregie

332 1101 441 1144 hanc
482 1102 680 1144 vocabuli
718 1104 808 1145 vim
840 1106 965 1159 atque
996 1103 1097 1146 adeo
1129 1108 1270 1147 totum
1301 1104 1414 1147 hunc
1443 1103 1588 1148 locum
1618 1105 1838 1150 illustrant
1866 1121 1915 1150 ea

333 1186 439 1228 quae
480 1171 686 1229 leguntur
731 1174 863 1226 Quom.
906 1174 1094 1216 adulator
1124 1189 1164 1230 p.
1202 1174 1324 1217 GOF:
1367 1174 1558 1223 μάλιστα
1603 1175 1643 1218 δὲ
1687 1177 1775 1229 περ)
1819 1177 1910 1226 τοὺς

334 1241 480 1294 ἔρωτοις
513 1244 564 1296 (οἱ
598 1242 789 1297 κόλακες)
820 1250 901 1292 τοῖς
936 1244 1264 1295 κολακευομένοις
1301 1246 1655 1290 ἐπιτίθενται.

395 1377 531 1421 487Α
577 1379 673 1431 Iure
718 1380 913 1422 homines
961 1380 1024 1422 ἐπὶ
1075 1386 1146 1429 τῆς
1196 1381 1364 1433 χάριτος
1413 1380 1569 1431 ἀξιοῦσι
1611 1381 1777 1437 μείζονα
1819 1385 1911 1434 τοὺς

335 1449 634 1500 λαμβάνοντας
669 1451 870 1501 ἡγεῖσθαι,
903 1450 1140 1504 μικροτέραν
1172 1451 1212 1494 δὲ
1246 1452 1336 1498 ’τοὺς
1369 1452 1564 1499 διδόντας.

394 1519 529 1563 Sensu
571 1534 687 1563 cassa
727 1521 842 1572 haec,
882 1523 965 1564 nisi
997 1525 1109 1578 (post
1143 1523 1329 1572 ἡγεῖσθαι
1364 1522 1433 1566 vel
1465 1523 1548 1566 alio
1578 1523 1686 1578 loco)
1715 1526 1916 1569 inseritur

336 1593 407 1640 την
443 1593 571 1640 αὐτήν
602 1590 671 1634 vel
703 1592 775 1638 την
809 1590 909 1639 ἴσην.

397 1734 528 1779 48'7C
569 1736 728 1779 Parum
760 1735 886 1779 solita
917 1738 1103 1779 oratione
1135 1737 1203 1779 hic
1234 1739 1344 1780 inter
1375 1752 1418 1780 se
1449 1744 1721 1795 opponuntur
1748 1741 1791 1783 ἐκ
1819 1741 1914 1783 ml-

335 1807 407 1848 δων
439 1811 480 1849 et
513 1807 577 1848 ἐπ’
609 1806 795 1858 ἄνδροέσιν
829 1810 945 1860 (cum
977 1807 1028 1849 ad
1063 1807 1253 1850 adultam
1284 1811 1464 1851 aetatem
1500 1812 1820 1866 pervenissent).

394 1953 451 1994 ib.
501 1952 613 1995 Mira
655 1952 724 1995 hic
755 1957 811 2003 et,
844 1953 927 1994 nisi
957 1954 1131 2009 egregie
1162 1953 1296 2006 fallor,
1329 1955 1547 2011 incognita
1579 1955 1788 1999 historicis
1819 1971 1911 2000 nar-

335 2027 483 2066 rantur
509 2023 559 2065 de
573 2022 860 2077 potentissimis
884 2037 930 2065 ea
947 2027 1083 2065 aetate
1102 2021 1377 2077 Graecorum,
1396 2027 1469 2082 qui
1485 2029 1656 2082 propter
1673 2026 1912 2084 Aedepsum

335 2095 510 2149 eiusque
552 2094 828 2136 amoenitates
870 2094 1179 2136 internecivum
1221 2096 1333 2138 inter
1373 2109 1415 2138 se
1447 2108 1641 2153 gerentes
1671 2096 1830 2140 bellum
1862 2097 1914 2140 ad

335 2178 429 2207 eam
471 2165 556 2206 sint
596 2163 782 2220 prolapsi
824 2164 1064 2206 vecordiam
1097 2168 1146 2207 ut
1178 2165 1229 2208 ad
1262 2180 1331 2209 eos
1363 2166 1608 2210 coercendos
1639 2171 1828 2212 extrema
1860 2173 1918 2224 ty-

334 2235 456 2276 ranni
486 2249 591 2290 opus
624 2234 753 2277 fuerit
784 2236 1022 2278 severitate.

397 2367 528 2413 4880
575 2370 743 2412 Imitari
789 2375 954 2427 oportet
1001 2372 1291 2429 Pythagoreos
1341 2374 1414 2428 qui
1458 2372 1565 2423 γένει
1606 2373 1728 2422 μηδὲν
1771 2376 1910 2426 προση-

338 2456 470 2486 κοντες
504 2441 619 2483 ἀλλὰ
653 2444 777 2483 κοινοῦ
812 2442 938 2492 λόγου
971 2442 1233 2495 μετέχοντες,
1268 2444 1304 2484 si
1337 2443 1444 2485 forte
1476 2444 1568 2486 rixa
1592 2445 1705 2486 inter
1729 2458 1800 2488 eos
1825 2449 1911 2488 orta

336 2518 458 2564 esset,
491 2526 709 2569 nunquam
741 2527 823 2556 non
854 2518 951 2556 ante
981 2513 1081 2556 solis
1113 2527 1306 2557 occasum
1340 2513 1507 2556 dextras
1538 2515 1768 2558 iunxerint.

381 2581 646 2635 Prudenter,
690 2588 739 2626 ut
780 2598 957 2640 semper,
1001 2584 1287 2641 Stegmannus
1328 2588 1424 2628 ante
1457 2585 1569 2627 ἑλλοὶ
1604 2585 1806 2630 excidisse
1839 2587 1915 2628 ιέλ-

338 2656 472 2702 λήλοις
507 2655 668 2704 statuit,
702 2656 772 2697 cui
803 2669 878 2697 cur
910 2654 1167 2711 obloquatur
1198 2654 1335 2698 editor
1364 2669 1445 2698 non
1477 2655 1613 2699 video.

400 2794 536 2837 489A
579 2794 744 2838 Proelio
785 2809 882 2838 cum
926 2794 1060 2839 Gallis
1101 2799 1288 2839 conserto
1322 2795 1523 2840 Seleucus
1562 2811 1771 2854 nusquam
1801 2813 1914 2843 com-

337 2867 479 2920 paruit
511 2868 554 2907 et
583 2865 779 2908 cecidisse
808 2880 907 2908 eum
940 2867 1050 2909 fama
1082 2870 1170 2909 erat

399 2933 536 2984 ποέσης
578 2937 675 2985 ὁμοῦ
718 2952 757 2977 τι
792 2941 863 2985 τῆς
896 2940 1092 2988 στρατιᾶς
1128 2937 1201 2978 ὑπὸ
1234 2940 1308 2978 τῶν
1340 2937 1561 2989 βαρβάρων
1594 2940 1909 2988 κατακοπείσης.
