2002 3372
886 226 974 270 307

125 351 219 398 fnit
249 351 463 408 satyricus
494 349 567 395 sed
596 353 754 402 tamen,
788 349 864 392 ubi
895 349 1032 406 ipsius
1063 363 1130 393 res
1161 349 1382 406 agebatur,
1411 349 1590 392 minime
1617 362 1731 392 vere-

219 421 247 465 d
303 453 313 466 .

134 435 398 539 οωὲὶοῃεοίιιε
441 496 580 539 aetate
623 507 665 539 v.
709 491 968 550 praeclaram
1011 492 1236 536 Niebuhrii
1279 491 1613 549 disputationem
1656 490 1728 534 Kl.

134 564 259 611 Schr.
286 563 322 618 1,
354 563 440 609 451
460 578 551 623 sqq.

197 712 328 757 531F
374 714 472 764 ἡμῖν
520 711 564 755 δὲ
609 715 762 765 πρῶτον
811 710 1114 762 ἐμμελετητέον
1162 710 1249 754 ἐστὶ
1297 716 1384 759 τοῖς
1430 709 1612 764 Φαύλοις
1660 710 1728 753 καὶ

127 784 395 838 muceranios
435 783 528 838 περὶ
569 783 627 827 τὸ
670 782 813 837 μικροὶ,
860 782 956 837 πρὸς
999 783 1046 826 τὸ
1089 784 1291 836 ἀρνεῖσθαι
1337 788 1420 830 τοῖς
1465 782 1646 826 αἰτοῦσιν
1685 784 1729 827 οὐ

135 855 410 910 προσηκόντως
443 855 704 909 ληψομένοις.

127 951 144 960 1»
168 953 169 958 =
194 927 392 973 Eundem
435 928 505 971 hic
545 928 740 985 agnoscis
787 926 1062 984 Madvigium
1104 927 1196 970 sine
1235 926 1380 969 hiatus
1417 929 1538 970 metu
1576 940 1730 970 sanum

128 1001 433 1045 'restituentem
462 1013 635 1043 sensum
665 997 847 1056 legendo
878 1003 960 1046 τοῖς
995 992 1025 1042 ἃ
1057 999 1240 1042 αἰτοῦσιν
1270 1012 1346 1054 pro
1379 1003 1461 1045 τοῖς
1496 998 1690 1042 αἰτοῦσιν.

196 1136 335 1181 532A
376 1135 568 1181 Laudato
610 1135 743 1180 nobili
786 1135 862 1179 illo
906 1135 1207 1179 Demosthenis
1250 1135 1385 1178 dicto:
1431 1135 1557 1181 οὐδεὶς
1601 1136 1655 1182 εἰς
1700 1134 1728 1179 ἃ

135 1209 205 1261 μὴ,
237 1208 303 1256 δεῖ
337 1209 592 1257 καταλῶσοις
634 1209 691 1252 τὰ
735 1207 919 1261 παρόντα
949 1211 1028 1250 τῶν
1059 1207 1118 1258 μὴ
1150 1205 1357 1260 παρόντων
1389 1207 1600 1259 εὐπορήσει
1634 1208 1730 1259 πρὸς

130 1274 167 1331 ,ὃ
209 1280 271 1329 δεῒ
310 1284 448 1326 semet
487 1281 631 1339 ipsum
673 1278 862 1337 aliosque
903 1279 1067 1331 morbo,
1102 1277 1152 1322 de
1184 1292 1268 1335 quo
1299 1279 1459 1336 agitur,
1491 1277 1731 1323 laborantes

129 1351 298 1407 ‚oranius
329 1353 462 1397 etiam
492 1353 734 1411 vituperat:

195 1423 391 1476 >olym-m
422 1423 457 1466 δ’
487 1423 583 1473 ἡμῖν
608 1421 927 1466 πολλαπλάσιον
955 1423 1000 1464 τὸ
1028 1421 1215 1475 αἰσχρόν,
1241 1418 1342 1465 ὅταν
1370 1421 1607 1474 ἐλλίπωμεν
1634 1422 1729 1477 πρὸς

130 1494 195 1545 ,τοὶ
224 1495 358 1547 καλά,
391 1495 698 1543 πλεονάσαντες
731 1500 814 1540 τοῖς
848 1498 1067 1547 περιττοῖς.

204 1566 392 1620 Gravius,
435 1567 518 1618 aio,
561 1569 755 1610 accusat:
796 1569 909 1609 certe
951 1566 1030 1609 hoc
1062 1564 1216 1618 voluit,
1259 1563 1332 1608 sed
1363 1564 1502 1609 noluit
1532 1564 1733 1610 librarius

135 1638 332 1690 oscitans,
360 1651 460 1682 nam
487 1637 541 1680 τὰ
571 1637 684 1681 κάλοι
710 1651 882 1694 prorsus
907 1636 1023 1680 idem
1051 1639 1116 1680 est
1141 1640 1268 1693 atque
1296 1630 1325 1679 ἃ
1353 1636 1416 1679 δεῖ
1438 1639 1481 1680 et
1498 1638 1732 1693 requiritur

133 1709 382 1762 ’τάναγκαῖα
424 1707 495 1754 vel
537 1708 699 1767 aliquid
740 1711 784 1752 in
829 1723 924 1752 eam
965 1709 1249 1752 sententiam:
1282 1721 1409 1765 aeger
1439 1712 1583 1752 noster
1613 1707 1733 1751 nulia

133 1782 386 1827 necessitate
428 1784 599 1826 coactus
639 1782 868 1838 pecuniam
900 1794 1023 1827 suam
1052 1779 1284 1837 profundit,
1318 1794 1454 1837 neque
1485 1781 1573 1823 iam
1605 1779 1733 1823 habet

135 1851 248 1911 quod
279 1851 418 1897 solvat
448 1852 741 1896 creditoribus.

197 1998 336 2045 532D
378 1999 528 2046 Cetera
569 2002 726 2044 mentis
769 2002 877 2045 vitia
919 2014 968 2044 ea
1007 2001 1102 2057 ipsa
1145 2000 1265 2044 nobis
1308 1999 1488 2044 afferunt
1519 2013 1626 2057 quae
1657 2014 1733 2044 nos

133 2070 223 2117 illis
250 2073 463 2118 vitaturos
494 2072 770 2129 sperabamus

132 2166 136 2190 .·
195 2148 247 2198 τῦ
290 2142 332 2189 δὲ
374 2143 560 2199 δυσωπίᾳ
602 2143 876 2196 συμβέβηκεν
907 2144 1091 2196 ἀτεχνῶς
1125 2141 1341 2198 Φευγούσιρ
1375 2143 1529 2188 καπνὸν
1563 2143 1619 2190 εἰς
1652 2146 1732 2196 πῦρ

135 2213 371 2265 ἐμβάλλειν
402 2214 566 2264 ἑαυτήν.

195 2283 416 2330 Sententia
439 2287 665 2343 perspicua
690 2289 734 2330 et
759 2285 1024 2343 lepidissime
1050 2287 1292 2330 enuntiata:
1321 2287 1504 2329 incurrit
1520 2286 1589 2329 hic
1605 2300 1733 2344 aeger

133 2356 181 2402 in
221 2355 387 2403 malum
429 2356 541 2414 quod
581 2358 732 2415 fugere
772 2356 884 2409 vult,
922 2356 1051 2414 idque
1084 2356 1224 2402 multo
1253 2359 1433 2415 gravius
1463 2371 1592 2414 quam
1622 2357 1732 2401 illud

134 2431 200 2471 eet
225 2427 339 2486 quod
365 2429 536 2480 metuit,
563 2430 623 2472 sic
650 2427 805 2472 similis
831 2429 880 2471 fit
908 2430 947 2471 ei
975 2430 1050 2486 qui
1075 2429 1246 2472 fumum
1275 2429 1512 2483 (modicum
1529 2429 1732 2483 calorem)

135 2499 306 2556 fugiens
335 2500 382 2542 in
408 2500 558 2557 ignem
589 2503 829 2554 (summum
861 2499 1063 2554 calorem)
1095 2515 1138 2543 se
1164 2502 1317 2544 iniicit.
1351 2500 1434 2544 Sed
1461 2502 1605 2544 omnia
1630 2501 1732 2544 haec

133 2571 326 2629 corrupit
355 2571 431 2627 qui
460 2571 628 2628 primus
653 2575 750 2629 post
775 2572 929 2615 καπνόν
955 2573 1000 2616 in
1028 2575 1199 2616 textum
1226 2573 1386 2629 recepit
1412 2573 1731 2615 annotationem

135 2641 318 2694 ἀδοξίας,
360 2655 468 2699 quae
509 2657 562 2687 ne
603 2656 750 2687 veram
793 2643 967 2701 quidem
1007 2641 1150 2686 lucem
1192 2642 1286 2687 loco
1323 2642 1455 2686 affert.
1489 2642 1584 2686 Non
1615 2644 1731 2687 enim

134 2713 278 2758 solum
315 2714 574 2768 iqnomaebtiam
614 2715 756 2759 vitans
798 2728 927 2772 aeger
967 2719 1111 2759 noster
1153 2715 1237 2758 sibi
1279 2714 1458 2758 attrahit
1499 2714 1730 2771 iufamium,

136 2785 208 2830 sed
249 2786 380 2830 etiam
421 2787 467 2829 in
506 2788 790 2830 internecivas
830 2787 1012 2830 incurrit
1051 2787 1303 2830 inimicitias
1333 2791 1454 2829 metu
1486 2785 1731 2831 levissimae

137 2855 390 2901 offensionis.

197 2999 334 3044 352F
372 3001 455 3055 Qui
496 3003 663 3059 primus
707 3001 816 3044 dixit
858 3016 1005 3046 omnes
1047 3002 1244 3046 barbaros
1285 3003 1362 3045 uni
1393 3003 1552 3046 servire
1582 3003 1649 3045 διὰ
1684 3002 1729 3045 τὸ
