2002 3372
1080 282 1167 326 444

399 405 531 450 ’7280
577 406 634 448 τὰ
674 404 901 456 στρώματα
937 404 1230 456 συνταράττειν
1263 407 1376 453 εὐθὺς
1410 405 1678 454 ἀναστάντας
1708 407 1910 452 iubebmt

336 477 597 533 Pythagorei
627 477 679 523 ὥς
712 475 850 522 νυκτὸς
883 474 1170 518 ἀναπαύεσθαι
1201 475 1300 529 δέον,
1333 476 1486 529 ἡμέρας
1519 476 1561 519 δὲ
1592 476 1786 530 πράττειν
1804 479 1911 522 Ιαἰσιο-

337 546 520 593 στοὶντας
552 546 620 588 καὶ
653 547 711 596 μὴ
742 547 923 598 περιορᾶν
955 542 1030 588 οἷον
1061 545 1171 599 ἴχνος
1205 546 1410 597 σώματος.

396 617 522 660 Recte
554 616 637 659 δέον
669 630 744 672 pro
775 615 856 659 δεῖν
885 615 934 658 Β.
966 616 1195 673 Sequentia
1227 618 1403 661 obscura
1434 619 1526 662 sive
1557 617 1779 676 vulgatam
1803 620 1909 665 nti-

335 702 498 739 nemus,
531 689 620 730 sive
651 701 749 729 cum
780 686 999 730 Doehnero
1030 688 1255 739 πτώματος
1286 687 1472 745 legimus
1501 703 1577 745 pro
1609 689 1836 792 σώματος...

398 827 529 871 ’728Ε
571 829 682 871 Bene
723 828 919 872 lacunam
950 830 1010 872 sic
1042 829 1094 872 B.
1138 828 1302 886 explet.
1336 826 1381 878 ἣν
1414 829 1454 873 δὲ
1486 790 1698 883 Τυνδάρης
1722 830 1742 874 ὃ
1772 837 1911 898 Διακε-

334 899 534 950 δαιμόνιος
568 900 707 942 αἰτίαν
738 897 883 952 ἔλεγεν
915 901 985 942 οὐκ
1017 899 1294 954 ἀποδέχομαι.

394 970 509 1023 Quae
540 974 777 1027 sequuntur
807 972 980 1027 egregie
1011 973 1177 1015 sanavit
1207 971 1530 1015 Herwerdenus.

395 1111 526 1155 ‘729F
569 1112 707 1155 Pisces
737 1113 789 1155 ab
815 1114 931 1155 omni
955 1113 1114 1155 iniuria
1140 1113 1402 1170 Pythagorei
1430 1113 1675 1166 defendunt,
1701 1113 1764 1158 nil
1788 1114 1911 1158 nobis

333 1186 530 1225 nocentes
562 1182 644 1225 οὐδ’
676 1183 709 1226 εἰ
743 1182 852 1225 πάνυ
883 1183 1099 1235 πεφύκασι
1131 1183 1389 1234 δυναμένους.
1793 1204 1795 1206 ·

393 1252 553 1296 Graeca
584 1255 643 1296 eic
670 1256 799 1296 vertit
825 1255 1054 1310 interpres:
1086 1255 1309 1311 „quamvis
1336 1255 1389 1297 ad
1415 1255 1494 1298 hoc
1520 1260 1671 1299 natura
1686 1255 1912 1300 videantur

332 1323 572 1366 instructi.¹’
606 1323 687 1366 Sed
712 1326 771 1367 sic
797 1327 1083 1381 requireretur
1106 1324 1299 1368 δύνασθαι
1318 1357 1328 1368 .
1347 1356 1358 1368 .
1378 1358 1387 1368 .
1405 1330 1448 1369 et
1473 1325 1725 1370 haberemus
1742 1325 1908 1383 ¹aliquid

333 1394 443 1450 quod
475 1408 500 1437 a
530 1396 710 1438 veritate
737 1409 864 1451 quam
889 1397 1078 1439 maxime
1104 1400 1213 1439 esset
1229 1400 1458 1440 remotum.
1490 1397 1603 1440 Nam
1630 1399 1765 1454 pisces
1790 1398 1911 1440 nobis

332 1479 384 1508 ne
423 1479 571 1508 nocere
613 1465 784 1521 quidem
818 1471 1001 1520 possunt.
1049 1467 1131 1510 Pro
1173 1466 1387 1521 πεφύκασι
1431 1482 1532 1524 ergo
1573 1467 1813 1525 legendum
1839 1471 1911 1511 est

333 1536 494 1592 aliquid
525 1536 639 1592 quod
674 1538 906 1593 „cupiunt”
935 1537 1168 1594 significet:
1197 1552 1249 1581 ne
1277 1540 1313 1581 si
1339 1542 1541 1594 cuperent
1564 1538 1751 1623 quidem,
1776 1539 1911 1596 pisces

333 1621 481 1650 nocere
512 1607 631 1650 nobis
660 1611 845 1663 possent.

391 1749 448 1791 ib.
498 1748 643 1797 πλήθει
675 1749 710 1792 δ’
742 1748 1013 1803 ε’πιρχεομένῳ
1045 1749 1344 1804 καθειργόμενοι
1378 1783 1388 1794 .
1407 1783 1417 1794 .
1437 1782 1463 1794 ..
1663 1787 1666 1793 ,

391 1819 460 1862 Sic
506 1819 650 1874 incipit
695 1819 979 1863 demonstrare
1026 1820 1137 1877 quod
1184 1835 1227 1864 se
1269 1821 1658 1894 demonstraturum
1700 1823 1910 1879 promisit.

331 1889 447 1947 Lege
480 1903 581 1946 ergo
614 1892 698 1943 γάρ
729 1905 804 1947 pro
837 1889 892 1933 δέ.

394 2029 526 2074 Ι73οΒ
572 2031 672 2073 ἀλλ’
721 2030 803 2074 οὐδ
847 2047 922 2075 οσα
970 2039 1085 2087 γαλῇ
1134 2049 1203 2075 και
1245 2032 1348 2089 μυίᾳ
1390 2033 1619 2087 κατοικιδίῳ
1659 2034 1910 2087 μικρολόγως

332 2102 596 2153 ἐγκαλοῦμεν
627 2100 715 2155 ἔχοι
749 2118 809 2149 ’τις
844 2119 895 2145 αν
928 2103 1197 2146 αἰτιάσασθαι
1230 2102 1297 2146 τὸν
1329 2104 1528 2156 μέγιστον
1559 2103 1690 2158 ιχθῦν.

391 2171 536 2228 Inepte
578 2187 708 2214 musca
749 2187 848 2215 cum
889 2172 970 2216 fele
1011 2175 1298 2230 coniungitur,
1341 2176 1528 2231 ineptius
1570 2175 1702 2218 etiam
1742 2189 1912 2219 muscae

332 2242 457 2285 datur
486 2243 702 2300 epitheton
733 2243 873 2286 istud:
918 2258 970 2286 an
1002 2244 1109 2288 aliae
1140 2249 1240 2288 sunt
1277 2245 1543 2298 domesticae,
1586 2245 1695 2289 aliae
1725 2245 1913 2303 agrestes

331 2313 529 2357 muscae?
570 2314 761 2371 Denique
803 2315 1061 2368 μικρολογία.
1087 2315 1311 2359 hominum
1350 2320 1413 2359 est
1455 2317 1530 2372 qui
1567 2316 1798 2374 quidquam
1832 2316 1915 2360 sibi

330 2385 456 2427 adimi
501 2385 666 2428 nolunt.
709 2386 791 2429 Vix
832 2390 978 2428 autem
1022 2400 1168 2429 musca
1209 2388 1380 2430 adimere
1420 2388 1584 2431 homini
1627 2387 1803 2444 aliquid·
1829 2387 1913 2431 dici

330 2459 484 2512 potest.
529 2456 612 2499 Sed
653 2457 754 2499 facit
796 2457 887 2509 hoc,
930 2457 1030 2500 licet
1062 2472 1194 2515 parva
1225 2459 1391 2501 furetur
1424 2490 1433 2501 .
1454 2491 1463 2501 .
1484 2491 1493 2502 .
1526 2472 1638 2509 mus,
1671 2463 1721 2501 ut
1751 2460 1912 2515 opinor.

331 2526 388 2569 Et
428 2529 618 2570 murium
661 2532 761 2570 sunt
803 2528 909 2570 duae
953 2529 1125 2584 species,
1168 2528 1346 2585 denique
1389 2542 1485 2572 mus
1505 2527 1508 2531 ’
1526 2543 1625 2572 cnm
1655 2529 1913 2572 internecivo

332 2598 451 2641 hoste
483 2612 709 2640 commune
741 2598 867 2641 habet
899 2598 1068 2641 furandi
1102 2599 1274 2642 vitium.
1307 2598 1422 2656 Lege
1454 2613 1556 2656 ergo
1585 2598 1666 2650 μυΐ
1689 2603 1767 2655 pro
1793 2598 1912 2653 μνία.

394 2738 525 2784 ’7300
567 2740 665 2783 ἀλλ’
697 2739 778 2783 οὐδ’
810 2741 1022 2794 ἁβροβίοις
1054 2738 1227 2789 Φαίαξιν
1264 2774 1273 2784 .
1294 2774 1303 2784 .
1324 2773 1333 2784 .
1353 2773 1363 2785 .

393 2809 522 2853 Recte
557 2810 602 2854 B.
638 2811 679 2854 οὶ.
713 2810 799 2854 οὐδὲ
831 2813 970 2858 αὐτοῖς
1001 2817 1086 2859 τοῖς
1118 2811 1161 2855 οὶ.
1194 2818 1244 2855 Φ.

392 2948 530 2994 730D
577 2951 653 2994 ὑπὸ
684 2958 757 3001 τῆς
790 2953 920 3000 αὐτῆς
952 2953 1138 3005 ἀνάγκης
1172 2953 1309 3007 ἰχθύσι
1340 2970 1387 2997 τε
1416 2952 1697 3008 χρωμένων
1728 2952 1915 2998 καὶτὰς

330 3022 400 3062 τοῦ
436 3020 575 3064 Ἡλίου
606 3021 707 3072 βοῦς
741 3023 1153 3067 κατεσθιόντων.
