2002 3372
1116 211 1240 261 98·

414 339 548 382 126A
591 340 849 382 Aversamur
873 339 1053 382 feminas
1079 341 1285 384 amatoria
1312 342 1535 383 miscent-es
1563 339 1714 397 pocula
1729 332 1773 384 et
1787 331 1937 384 tamem

353 412 563 460 μισθωτοῖς
603 427 648 452 τε
692 409 761 451 καὶ
795 409 947 457 δούλοις
978 411 1272 462 προιέμεθα
1304 413 1359 454 τὰ
1393 412 1506 453 σιτία
1539 411 1609 454 καὶ
1641 412 1696 454 τὰ
1728 411 1838 454 ποτὰ
1865 425 1936 462 μο-

352 482 508 533 νονουχὶ
542 480 831 532 μαγγανεύειν
864 479 931 522 καὶ
966 481 1246 533 φαρμάττειν.

411 551 665 594 Rectissime
709 551 826 601 haec,
876 564 1133 607 quamquam
1178 551 1306 608 paulo
1352 551 1492 595 laxius
1539 555 1676 595 cetera
1724 553 1934 596 sententia

351 625 512 665 structa
553 626 630 665 est.
674 619 761 663 Gur
799 620 937 663 editor
967 620 1154 665 Graecus
1184 622 1254 666 hic
1286 626 1533 676 προσεφιᾶσι
1568 622 1731 666 dederit
1760 635 1934 680 prorsus

351 707 418 735 me
449 692 574 744 latet;
608 706 732 735 sensu
764 705 930 734 cassum
963 695 1077 736 enim
1102 693 1231 745 istud,
1259 708 1395 750 neque
1421 697 1608 750 praestat
1633 693 1747 750 quod
1766 694 1936 737 coniicit

349 765 439 820 ipse
472 763 575 810 τινὲς
607 764 764 815 ἐφιᾶσι.

414 833 546 877 126Β
586 833 710 876 Ν11116
736 833 928 875 sobrium
955 835 1120 877 victum
1147 835 1447 878 commendans
1471 837 1663 891 ipsarum
1688 835 1932 891 voluptatum

350 918 520 948 causam
553 916 657 960 ago.
691 902 782 945 οὔτε
815 903 898 955 γὰρ
931 904 1100 956 προέξεις
1130 904 1213 947 οὔτ’
1247 905 1420 953 ἐλπίδας
1454 905 1538 947 οὔτ’
1571 905 1806 956 ἀποδημίας
1839 905 1933 949 οὔτε

351 974 566 1025 διαγωγὰς
601 974 644 1016 αἱ
679 973 782 1017 νόσοι
814 976 1022 1029 τοσαύτας
1056 973 1153 1023 ἕσας
1188 975 1329 1023 ἡδονὰς
1363 978 1474 1026 ἡμῶν
1506 978 1802 1028 ἀφαιροῦνται.-

409 1045 597 1102 Egregia
628 1045 753 1088 haec:
789 1049 860 1096 „et
889 1045 995 1088 alias
1022 1059 1087 1088 res
1113 1046 1308 1090 adimunt
1336 1047 1455 1090 nobis
1481 1047 1619 1090 morbi
1645 1050 1688 1090 et
1714 1048 1935 1102 vobuptatee

349 1131 499 1172 easque
525 1115 777 1167 maximas'’,
805 1120 847 1159 et
874 1117 1047 1173 egregie
1073 1117 1265 1160 additur:
1295 1114 1379 1160 ὅθεν
1406 1117 1555 1166 ἥκιστα
1583 1122 1795 1162 λυσιτελεῖ
1807 1132 1936 1161 κατα·

349 1193 505 1239 Φρονεῑν
539 1191 609 1234 τῆς
645 1187 803 1238 ὑγιείαις
837 1193 920 1233 τοῖς
954 1189 1146 1237 μάλιστα
1179 1205 1250 1236 τνν
1285 1189 1419 1238 ἡδονὴν
1450 1188 1642 1232 διώκουσι.

408 1257 590 1300 Minime
630 1271 731 1314 ergo
774 1272 871 1300 cum
903 1257 1234 1315 Wyttenbachio
1266 1258 1498 1316 legendum
1531 1259 1680 1312 ἡδοναί,
1721 1258 1833 1350 quod
1864 1259 1934 1303 vel

349 1329 492 1371 hiatus
523 1328 755 1384 redarguit.

413 1397 544 1441 1270
586 1398 774 1440 Navium
806 1398 981 1449 domini,
1015 1401 1089 1454 qui
1119 1399 1229 1442 lucri
1261 1405 1507 1456 appetentes
1539 1411 1691 1444 navem
1722 1411 1845 1444 suam
1872 1402 1935 1444 ni·

349 1470 431 1511 mis
464 1471 638 1511 onerant
669 1470 729 1511 ita
763 1471 810 1511 ut
837 1483 934 1511 cum
963 1469 1150 1525 periculo
1177 1472 1394 1527 navigent,
1422 1473 1466 1513 111
1494 1471 1707 1515 661116111116
1730 1471 1933 1516 dicuntur

349 1539 381 1581 οἱ
427 1539 576 1588 ἀγαθοὶ
617 1539 979 1590 ναύκληροι,-66116
1010 1541 1167 1596 inepte.
1203 1540 1268 1583 W.
1305 1540 1432 1583 ἄθλιοι
1465 1543 1643 1585 coniecit
1673 1542 1931 1594 dubitanter,

349 1610 460 1666 quod
507 1613 618 1652 certe
658 1613 844 1665 praestat
885 1610 1057 1653 editoris
1101 1610 1253 1654 Graeci
1293 1613 1468 1655 invento
1510 1612 1670 1656 ἄπλοοι.
1721 1612 1931 1670 Equidem

347 1683 586 1736 exspectem
614 1679 775 1736 aliquid
802 1681 912 1737 quod
939 1682 1083 1737 ipsum
1109 1681 1216 1724 illud
1247 1681 1382 1734 „lucri
1408 1683 1681 1739 appetentes''
1706 1677 1930 1740 significet.

410 1750 545 1793 130A
595 1751 612 1792 ὅ
654 1751 794 1804 Φήσας
843 1752 966 1801 μηδὲν
1014 1752 1192 1805 γράφειν
1233 1754 1588 1806 παραθαλασσίοις
1630 1755 1720 1806 περὶ
1763 1754 1928 1797 ὀδόντων

349 1820 505 1871 ἐδίδαξε
538 1823 608 1870 τὴν
642 1823 799 1874 χρείαν.
1638 1850 1642 1853 «

409 1892 547 1948 Aegre
595 1892 663 1934 hic
710 1892 899 1935 desidero
947 1895 1206 1936 mentionem
1248 1895 1308 1936 rei
1349 1894 1461 1937 cuius
1500 1894 1575 1938 ille
1618 1909 1746 1939 usum
1788 1895 1934 1940 docuit

348 1965 552 2019 (aquaeue
586 1961 801 2005 marinae?
834 1962 902 2005 Sic
933 1963 1220 2017 Didotianus).

412 2032 543 2076 131O
590 2032 809 2075 Laudatur
845 2034 1108 2086 θερμολουσία
1142 2039 1361 2091 tamquam
1393 2035 1584 2086 ἐνδόσιμα
1619 2042 1670 2090 τῇ
1702 2037 1828 2089 πέψει
1859 2037 1928 2080 καὶ

348 2103 575 2152 μαλακὰ
612 2104 868 2157 παρέχουσα.

409 2173 595 2230 Egregie
627 2173 683 2216 H.
716 2175 981 2224 μαλακτικοὶ.

411 2243 549 2286 131D
591 2245 657 2285 ἐπὶ
693 2245 735 2286 δὲ
767 2247 916 2297 τροφὴν
949 2246 1317 2298 παραγενομένους,
1352 2245 1401 2289 ἂν
1433 2248 1510 2297 μὲν
1541 2246 1565 2302 ᾖ
1594 2264 1634 2291 τι
1661 2250 1738 2292 τῶν
1765 2248 1932 2302 πρόσθεν

353 2315 499 2368 ὄφελος
543 2315 674 2366 λόγων
719 2312 775 2363 οἷς
808 2317 884 2362 τοὶς
918 2316 1062 2368 ὀρέξεις
1098 2320 1300 2367 κηλοῦμεν
1334 2317 1402 2361 καὶ
1437 2319 1793 2372 καταπραΰνομεν,
1827 2320 1934 2363 ἄλλο

350 2402 389 2428 τι
422 2387 501 2438 χρὴ
536 2391 759 2437 παραινεῖν.

409 2458 607 2499 Primum
649 2458 719 2500 hic
755 2472 853 2500 eum
884 2458 1059 2501 Reiskio
1090 2460 1134 2500 in
1165 2459 1415 2515 imperfecto
1445 2459 1676 2517 legendum
1709 2461 1932 2511 ε’κηλοῦμεν

348 2533 390 2571 et
422 2528 776 2581 κατεπραΰνομενς
809 2528 957 2571 deinde
989 2528 1203 2572 tollendus
1235 2531 1431 2585 operarii,
1465 2535 1515 2574 ut
1542 2531 1721 2583 videtur,
1747 2545 1864 2575 error
1889 2536 1934 2575 et

348 2599 692 2649 παραγενομένοις
726 2598 971 2655 legendum,
1011 2599 1122 2655 quod
1154 2599 1196 2642 et
1228 2601 1340 2656 apud
1375 2600 1438 2644 W.
1473 2601 1515 2644 et
1545 2603 1586 2644 in
1621 2601 1846 2646 Didotiana
1877 2602 1935 2645 le·

349 2671 489 2725 gitur:
520 2684 567 2712 ea
593 2671 707 2712 enim
734 2669 831 2712 dare
858 2668 1035 2713 consilia
1063 2670 1265 2713 debemus
1292 2671 1346 2713 iis
1373 2673 1446 2728 qui
1472 2672 1524 2715 ad
1552 2672 1698 2729 epulas
1715 2673 1932 2725 accedunt,

349 2755 433 2782 non
466 2754 563 2782 cum
594 2741 676 2795 ipsi
708 2740 760 2782 ad
791 2740 939 2796 epulas
971 2740 1225 2783 accedimus.

415 2810 544 2852 1311Ρ
589 2810 779 2859 μάλιστα
823 2811 863 2852 δὲ
895 2812 971 2857 τοὶς
1008 2813 1088 2853 ἀπὸ
1122 2816 1197 2854 τῶν
1231 2816 1348 2864 κρεῶν
1379 2813 1584 2863 Φοβητέον
1617 2814 1826 2866 ἀπεψίας·
1861 2808 1931 2856 καὶ

350 2880 433 2930 γὰρ
474 2881 590 2927 εὐθὺς
629 2881 786 2932 σφόδρα
820 2882 928 2935 [καὶ]
959 2881 1192 2934 βαρύνουσι,
1227 2883 1295 2924 καὶ
1329 2883 1524 2934 λείψανον
1556 2885 1733 2932 εἰσαῦθις
1767 2884 1930 2937 πονηρὸν

352 2952 427 2992 ἀπ’
462 2952 593 2992 αὐτῶν
627 2951 866 3003 παραμένει.
