2002 3372
910 189 994 233 123

70 332 74 359 ;
154 309 298 356 «912
314 309 357 355 D
400 311 614 371 Lysandri
653 313 892 357 orationem
925 313 1186 366 seditiosam,
1220 317 1317 371 post
1349 317 1532 358 mortem
1566 316 1657 357 eius
1689 316 1749 357 in-

145 385 335 437 ventam,
381 383 612 442 Agesilaus
656 385 702 427 in
748 383 890 428 lucem
938 384 1060 428 edere
1102 384 1276 429 volebat
1319 389 1367 429 ut
1407 387 1562 429 scirent
1603 400 1749 430 omnes

74 478 77 482 1
143 467 276 513 qum
306 454 451 500 malus
481 455 556 500 ille
586 456 739 500 fuisset
770 457 902 500 civis:

148 526 295 571 walin>
337 526 381 570 δέ
419 543 483 576 τις
526 531 606 572 τῶν
637 527 835 581 γερόντων
867 529 936 572 τὸν
971 527 1095 581 λόγον
1129 529 1305 572 ἐπελθὼν
1340 528 1408 571 καὶ
1443 528 1640 582 Φοβηθεὶς
1675 530 1748 579 τὴν

62 635 63 638 ¹
143 596 363 648 δεινδτητα
389 599 662 652 συνεβούλευε
693 601 752 651 μη
785 598 853 643 τὸν
886 599 1119 653 Λύσανδρον
1154 600 1400 653 ἀνορύττειν,
1435 601 1552 644 ἀλλὰ
1584 600 1651 643 τὸν
1687 601 1749 643 λό-

144 685 219 738 γον
254 672 421 722 μᾶλλον
454 671 566 726 αὐτῷ
599 671 945 724 συγκατορύττειν
980 686 1145 716 morem
1178 673 1218 716 ei
1248 674 1398 730 gessit.

204 739 345 785 Nihili
375 746 441 787 est
473 742 665 787 ἐπελθών.
700 742 815 801 Lege
848 741 1032 787 διελθώνε
1068 743 1202 787 oculis
1235 746 1472 788 orationem
1492 744 1748 799 percucurrit

141 809 220 858 me
250 812 432 858 senator.

205 935 348 981 213ss
394 937 551 995 Turpis
582 942 673 982 erat
704 951 787 996 pax
820 938 1082 990 Antalcidae,
1114 939 1294 982 tradidit
1324 941 1439 983 enim
1470 941 1565 997 regi

175 1067 178 1071 ⁴
205 1009 300 1057 τοὺς
335 1009 374 1058 ἒν
406 1016 457 1064 τῇ
487 1010 613 1066 Ἀσίᾳ
635 1011 864 1061 Ἕλληνας,
895 1011 991 1063 ὑπὲρ
1018 1009 1068 1053 ὧν
1099 1011 1353 1060 ἐπολέμησεν
1371 1012 1630 1062 Ἀγησίλαος
1659 1044 1668 1054 .
1685 1043 1693 1054 .
1710 1044 1718 1055 .
1736 1044 1745 1054 .

145 1068 232 1124 ἶθέν
256 1072 307 1130 3λῆ
328 1072 511 1124 ’κάκιστα
535 1082 688 1133 συνέβη
706 1086 778 1129 τῆς
798 1081 1035 1131 κακοδοξίας
1057 1082 1212 1129 ταύτης
1232 1083 1478 1136 Ἀγησιλάῳ
1496 1088 1744 1136 μετασχεῖν.

205 1149 392 1196 Iannotii
424 1154 713 1196 coniecturam
746 1153 894 1204 ἥκιστα
929 1157 1022 1211 (pro
1055 1153 1236 1197 absurdo
1270 1153 1471 1207 κάκιστα)
1504 1155 1664 1210 recepit
1696 1153 1745 1196 B.

142 1220 227 1267 Sed
257 1223 368 1267 nihil
399 1238 449 1268 ea
479 1224 740 1282 proficimus.
774 1224 1027 1283 Legendum
1059 1227 1268 1276 μάλιστα.
1302 1225 1496 1268 Maxima
1526 1238 1625 1282 pars
1656 1229 1747 1267 tur-

66 1350 70 1351 ?
145 1294 356 1353 pitudinis
397 1297 442 1339 in
484 1295 738 1353 Agesilaum
779 1296 1058 1340 redundavit:
1092 1296 1344 1354 privabatur
1375 1297 1490 1339 enim
1522 1297 1749 1352 praecipua

145 1381 224 1411 sua
254 1366 408 1426 gloria,
441 1381 572 1425 quam
605 1369 645 1410 ei
676 1366 841 1411 bellum
873 1367 1086 1412 afferebat.

143 1473 159 1480 l
207 1479 354 1538 213D
403 1493 590 1538 Καλλίου
621 1497 693 1538 τοῦ
726 1495 1200 1546 Λακεδαιμονίου.

204 1565 271 1610 Eu
303 1564 571 1624 praeclarum
602 1564 880 1610 historicum!

205 1691 348 1748 2141?
394 1691 544 1746 Dolus,
587 1706 672 1750 quo
713 1694 759 1736 in
799 1706 845 1736 re
877 1692 1026 1738 divina
1057 1693 1248 1738 facienda
1279 1693 1511 1752 Agesilaus
1544 1698 1593 1737 ut
1626 1694 1751 1737 sociis

141 1764 282 1808 anxiis
314 1765 513 1819 animum
544 1764 718 1808 adderet
748 1779 852 1808 usus
884 1769 961 1816 est,
996 1766 1057 1808 sic
1087 1769 1308 1809 narratur:

144 1885 146 1889 ‚
201 1835 269 1880 ir>
303 1837 377 1886 τὴν
408 1837 624 1888 ἀριστερὰν
659 1836 949 1890 ὑπεστρωμένῃ
984 1843 1035 1891 τῇ
1069 1838 1176 1891 χειρὶ
1213 1839 1323 1887 νίκην
1357 1838 1640 1891 προσέγραψε.

198 1906 427 1953 Praeclare
447 1907 514 1952 W.
542 1907 791 1952 emendavit
818 1907 1166 1962 ὑπεστραμμένην
1197 1909 1329 1959 νίκηνε
1359 1911 1509 1953 manui
1529 1909 1748 1965 inscripsit

63 1968 68 1976 ³
143 1978 403 2024 vocabulum
445 1979 556 2028 νίκην
597 1981 890 2024 sinistrorsum
934 1994 1203 2025 conversum.
1248 1980 1361 2035 Quid
1400 1980 1550 2024 deinde
1583 1979 1747 2023 factum

140 2051 198 2095 sit
227 2064 329 2096 cum
358 2052 654 2108 imponeretur
684 2053 804 2095 iecur
835 2056 986 2109 sponte
1018 2057 1208 2110 apparet.

202 2177 292 2223 216
308 2178 346 2222 Β
386 2178 566 2233 Quantis
592 2178 753 2222 fuerint
780 2178 987 2222 obnoxiae
1014 2179 1218 2236 periculis
1235 2179 1535 2224 huiuscemodi
1551 2179 1745 2238 syllegae

141 2251 316 2313 egregie
357 2249 480 2294 docet
521 2250 591 2294 hic
630 2249 762 2294 locus·
806 2250 1010 2294 Relatum
1044 2255 1109 2295 est
1139 2251 1334 2309 lepidum
1365 2251 1477 2294 illud
1509 2255 1746 2308 notumque

141 2320 309 2367 dictum
341 2337 426 2380 quo
459 2323 567 2380 Agis
593 2322 802 2366 refutavit
834 2324 1126 2380 antiquarium
1154 2322 1465 2367 lamentantem
1494 2322 1600 2366 τᾶνω
1632 2323 1744 2365 κάτω

141 2391 329 2447 ’γ’ἔγονεν.
360 2392 596 2450 Respondit
628 2393 767 2436 enim:
804 2407 935 2450 „ergo
968 2395 1112 2437 omnia
1142 2409 1255 2438 nunc
1286 2398 1398 2438 recte
1429 2395 1601 2447 habent,
1627 2393 1746 2436 istud

140 2466 258 2514 enim
297 2468 419 2522 pater
449 2479 572 2508 meus
605 2478 735 2522 puero
767 2465 878 2507 mihi
910 2465 1048 2508 dicere
1079 2465 1287 2510 solebat''.
1320 2466 1403 2509 Sed
1433 2465 1597 2509 addidit
1630 2464 1746 2508 stoli-

139 2537 344 2582 dissimus
387 2536 563 2594 quidam
600 2536 855 2580 homuncio:
890 2535 972 2590 ἔφη
1007 2537 1046 2580 δὲ
1081 2536 1149 2579 καὶ
1183 2537 1251 2579 τὸν
1283 2537 1446 2589 πατέρα
1481 2537 1593 2589 αὐτῷ
1628 2536 1742 2578 παιδῖ

140 2607 223 2670 ἔνσι
266 2610 380 2653 τοῦτ’
422 2609 640 2662 εἰρηκέναι·
687 2605 782 2650 ὥστ’
823 2608 865 2650 οὗ
908 2610 989 2662 xp&
1034 2607 1259 2662 θαυμάζειν
1303 2610 1335 2652 εἰ
1376 2609 1500 2662 χείρω
1540 2608 1596 2650 τοὶ
1628 2607 1743 2659 μετὰ

141 2683 282 2741 ταῦτα
315 2685 391 2725 τῶν
423 2679 634 2734 προτέρων,
668 2680 766 2722 ἀλλ’
800 2678 838 2722 εἴ
866 2696 943 2722 που
975 2679 1132 2731 βελτίω
1168 2680 1236 2722 καὶ
1265 2681 1541 2733 παραπλήσια
1572 2680 1742 2732 γένοιτο,

140 2766 249 2811 quae
279 2751 391 2796 nihil
419 2751 703 2809 intelligentis
735 2754 849 2794 sunt.
883 2751 986 2805 Quis
1017 2752 1103 2794 iam
1138 2752 1370 2808 praefracte
1402 2755 1532 2809 neget
1562 2755 1604 2795 et
1635 2751 1743 2795 hanc

138 2828 184 2868 et
209 2823 331 2868 alias
374 2822 644 2867 collectiones
685 2826 910 2879 tamquam
951 2836 1003 2865 ex
1046 2824 1251 2879 primario
1283 2823 1398 2867 fonte
1431 2837 1483 2866 ex
1515 2821 1659 2879 aliqua
1689 2824 1742 2866 ab

139 2896 235 2953 ipso
279 2894 513 2939 Plutarcho
560 2887 817 2951 composito*
842 2893 1016 2937 fluxisse
1063 2893 1299 2952 opusculo?
1357 2894 1423 2939 Cf.
1471 2894 1559 2938 216
1583 2894 1620 2938 E
1671 2895 1742 2938 ubi

143 2966 384 3020 Acrotatus,
417 2965 659 3010 adolescens
691 2979 790 3009 vere
820 2964 1068 3023 Spartanus,
1100 2966 1304 3010 verbosus
1337 2966 1384 3009 fit
1416 2966 1619 3023 sophista.
