2002 3372
1904 0 2002 123 Ἳ

1134 224 1190 267 64

433 350 492 393 Ut
532 353 642 391 recte
683 349 751 390 hic
793 360 856 388 res
872 347 1007 388 inter
1047 360 1090 389 se
1135 353 1385 402 opponantur
1425 352 1466 391 et
1509 350 1680 392 omnino
1722 353 1774 393 ut
1811 351 1944 394 totius

374 421 604 463 sententiae
635 422 796 461 constet
825 418 946 468 ratio,
979 418 1128 473 utique
1159 423 1252 474 post
1286 418 1602 469 ἐπιδεικνύμενος
1633 419 1874 500 inserenda.
1883 425 1947 465 est

373 490 579 547 particula
610 489 698 540 μέν,
733 501 837 544 quae
870 486 1174 544 haplographia
1205 489 1373 531 excidit.

433 561 489 603 82
508 559 540 603 C
573 559 746 615 Oportet
778 557 949 613 quidem
982 561 1025 600 et
1046 558 1209 614 famam
1239 561 1373 602 vitare
1404 558 1585 602 malam:

432 632 449 673 ὁ
477 632 515 673 δὲ
546 633 615 678 τὴν
643 630 780 671 οὐσίαν
808 631 970 678 μᾶλλον
998 633 1066 677 τῆς
1096 630 1319 682 μοχθηρίας
1350 631 1370 680 ἢ
1400 631 1472 679 τὴν
1493 630 1656 680 ἀδοξίαν
1674 629 1944 689 δυσχεραίνων

371 704 412 744 οὐ
455 701 602 752 φεύγει
648 702 690 742 τὸ
726 701 858 744 κακῶς
892 700 1061 740 ἀκοῦσαι
1097 700 1164 741 καὶ
1198 701 1325 742 εἰπεῖν
1359 701 1424 742 ἐπὶ
1458 702 1511 752 τῷ
1544 700 1711 752 βέλτιον
1740 702 1944 754 γενέσθαί.

429 771 563 814 Verbo
594 769 855 811 maledicendi
886 769 954 811 hic
986 768 1130 812 nullus
1161 770 1296 822 locus;
1331 770 1402 814 sed
1428 785 1511 814 non
1537 785 1642 828 opus
1667 776 1732 815 est
1757 771 1945 817 delendis

367 841 584 885 vocabulis
617 842 682 883 καὶ
718 842 843 883 εἰπεῖν
876 840 1098 883 admittere
1130 841 1321 893 hiatum3
1353 844 1601 897 persanatur
1629 843 1744 899 enim
1769 843 1942 887 morbus

366 913 547 954 addendo
580 911 720 953 ἑαυτόν
754 914 848 966 post
881 911 1021 953 εἰπεῖν.
1055 910 1148 954 Hoc
1180 926 1284 967 opus
1317 926 1405 954 esse
1436 914 1628 968 proxime
1653 913 1942 970 praecedentia

366 983 513 1025 docent
545 984 620 1025 ubi
651 983 841 1038 primum
873 996 962 1030 esse
995 981 1152 1024 dicitur
1183 984 1227 1025 τὸ
1261 982 1402 1024 ἑαυτὸν
1428 983 1622 1033 ἀλγύνειν
1651 984 1941 1036 ἁμαρτάνοντα

364 1053 411 1106 (l.
446 1053 704 1106 ἁμαρτόντα)
738 1052 804 1094 καὶ
834 1051 1025 1103 κακίζειν,
1054 1052 1286 1095 secundum
1313 1057 1447 1096 semet
1473 1054 1802 1111 vituperandum
1828 1069 1944 1112 prae·

364 1124 460 1166 bere
491 1123 599 1166 aliis.
1929 1165 1935 1170 ff

423 1195 479 1237 ib.
527 1193 656 1236 Nulla
687 1207 731 1235 re
763 1195 902 1250 magis
926 1194 1248 1236 commendatur
1273 1193 1492 1237 Plutarchi
1517 1194 1787 1252 philosophia
1811 1211 1940 1254 quam

364 1266 631 1307 suavissimis
685 1263 772 1305 illis
825 1263 1149 1306 narratiunculis
1197 1265 1350 1320 quibus
1396 1269 1618 1322 praecepta
1663 1279 1740 1309 sua
1785 1267 1940 1312 condit.

364 1335 533 1377 Habent
574 1334 674 1377 illae
716 1348 798 1376 non
842 1333 981 1376 solum
1022 1335 1074 1376 ad
1115 1348 1203 1377 rem
1248 1334 1298 1377 de
1339 1349 1422 1391 qua
1460 1338 1606 1393 agitur
1643 1335 1940 1382 illustrandam

364 1405 626 1461 permultum
655 1404 856 1447 utilitatis
882 1404 952 1447 sed
980 1406 1109 1447 etiam
1137 1407 1348 1462 propriam
1376 1407 1589 1462 quandam
1616 1411 1658 1450 et
1683 1407 1940 1464 peculiarem

362 1480 644 1518 venustatem.
678 1475 942 1531 Quapropter
973 1477 1046 1531 qui
1078 1475 1306 1518 amabilem
1331 1475 1460 1519 illum
1485 1479 1698 1521 mentium
1725 1478 1938 1523 medicum

362 1548 466 1590 bene
508 1549 729 1603 cognitum
770 1547 922 1589 habere
962 1549 1093 1602 cupit,
1126 1549 1162 1589 is
1193 1549 1303 1590 inter
1334 1547 1564 1604 legendum
1596 1563 1763 1606 semper
1792 1550 1939 1594 sedulo

362 1619 555 1661 observet
588 1631 670 1673 quo
701 1616 775 1659 ille
806 1618 994 1660 iocorum
1027 1621 1069 1659 et
1099 1617 1348 1660 facetiarum
1379 1632 1533 1675 genere
1565 1621 1750 1663 maxime
1776 1622 1840 1664 *sit
1869 1621 1937 1665 de-

359 1688 552 1731 lectatus.
596 1688 723 1730 Velut
765 1701 825 1739 ea,
868 1687 920 1730 ad
952 1701 1080 1744 quam
1112 1690 1198 1730 iam
1230 1690 1514 1744 pervenimus,
1546 1704 1693 1733 revera
1722 1695 1787 1734 est
1817 1701 1939 1734 πλου-

359 1759 652 1812 ταρχειοταέτη.
695 1758 842 1814 Neque
872 1772 1053 1814 usquam
1086 1758 1190 1801 alibi
1217 1760 1435 1802 invenitur
1462 1759 1537 1803 illa
1567 1762 1650 1804 nisi
1679 1763 1724 1805 in
1763 1762 1869 1805 Vibia
1899 1763 1944 1805 X

359 1834 556 1871 oratorum
592 1844 632 1885 p.
666 1828 752 1872 847
771 1829 819 1879 E,
864 1830 937 1884 qui
968 1829 1075 1872 liber
1107 1833 1169 1872 est
1201 1844 1222 1872 e
1253 1830 1696 1886 pseudo—Plutarcheie
1726 1831 1828 1885 illie,
1859 1834 1934 1890 qui

358 1915 436 1942 non
466 1901 612 1956 scripti
638 1899 808 1955 quidem
837 1903 936 1941 sunt
963 1914 986 1942 a
1015 1899 1242 1942 Plutarcho
1271 1901 1343 1943 sed
1359 1904 1499 1943 tamen
1516 1901 1931 1960 illumspraecipuum

357 1971 512 2013 habent
543 1975 774 2013 auctorem.
807 1970 888 2013 Sed
918 1972 1060 2027 inepte
1092 1971 1291 2013 mutilata
1321 1971 1396 2014 illa
1428 1976 1504 2024 est,
1537 1976 1579 2015 et
1605 1975 1678 2016 sic·
1691 1975 1934 2018 etiamnunc

357 2042 667 2093 circumfertur,
699 2041 800 2084 licet
831 2041 993 2084 dudum
1024 2043 1079 2084 sit
1109 2044 1284 2086 inventa
1315 2042 1536 2094 medicina,
1569 2057 1652 2100 qua
1678 2043 1767 2088 sola
1793 2047 1932 2088 sanari

355 2114 499 2168 possit.
534 2112 639 2154 Prae
667 2111 820 2154 tradita
845 2111 1026 2154 lectione
1052 2114 1265 2168 spernitur
1290 2112 1366 2155 illa
1391 2117 1434 2155 et
1459 2127 1558 2169 prae
1583 2114 1717 2157 doctis
1732 2115 1930 2159 remediis

354 2184 398 2224 in
442 2183 596 2238 quibus
633 2183 728 2224 boni
762 2182 869 2224 nihil
900 2187 976 2225 est.
1010 2181 1265 2226 Considebat
1295 2181 1532 2226 adolescens
1563 2185 1738 2240 quidam
1767 2186 1812 2228 in
1841 2200 1930 2228 oau-

348 2268 458 2306 pona
500 2254 557 2305 (ἐν
590 2254 842 2306 καπηλείῳ);
890 2255 965 2309 qui
1006 2268 1104 2297 cum
1146 2253 1411 2296 accedentem
1452 2259 1643 2298 cerneret
1679 2255 1930 2313 Diogenem,

355 2325 611 2379 magistrum
644 2338 784 2374 suum,
817 2324 1010 2380 confugit
1042 2326 1114 2375 „in
1147 2324 1411 2380 cauponam''
1445 2327 1521 2378 (sic
1548 2327 1664 2369 enim
1689 2325 1851 2394 legitur
1877 2329 1932 2374 εἷς

354 2396 398 2436 τὸ
428 2398 678 2447 καπηλεῖον).
707 2394 989 2450 Conspexerat
1016 2399 1156 2437 tamen
1184 2409 1283 2438 eum
1310 2395 1587 2451 philosophus
1610 2400 1675 2439 et.
1704 2397 1837 2448 „heus
1853 2399 1915 2441 tu'
1905 2397 1931 2416 '’

353 2465 562 2507 clamabat
605 2467 691 2516 „sic
732 2465 859 2507 efficis
900 2469 950 2507 ut
988 2467 1126 2522 magis
1168 2467 1298 2508 etiam
1340 2466 1383 2508 in
1425 2482 1602 2521 caupona
1643 2466 1729 2510 sis”
1735 2467 1929 2511 .Sensit

352 2534 562 2577 librorum
603 2537 760 2578 vitium
803 2535 937 2578 editor
968 2534 1167 2588 Graecus,
1201 2536 1270 2579 sed
1303 2550 1431 2592 quam
1461 2535 1536 2579 ille
1567 2539 1761 2593 proponit
1791 2553 1930 2582 emen-

353 2605 565 2647 dationem
598 2606 654 2652 εἱς
687 2607 730 2647 τὸ
765 2611 982 2654 καπηλεῖον
1010 2605 1097 2657 ἔσω,
1126 2620 1173 2648 ea
1199 2621 1280 2649 non
1307 2608 1448 2650 minus
1475 2606 1779 2650 balbutientem
1805 2609 1925 2652 nobis

352 2675 630 2718 Plutarchum
663 2676 833 2718 exhibet
864 2690 991 2731 quam
1024 2676 1458 2732 Wyttenbachianum
1489 2676 1597 2719 illud
1627 2676 1719 2720 εἵσω
1751 2681 1822 2720 τοῦ
1854 2696 1930 2721 κα-.

350 2746 529 2795 πηλείου.
560 2747 623 2787 An
650 2748 709 2788 sic
726 2761 912 2789 narrasse
926 2746 1239 2803 lepidissimum
1257 2751 1566 2804 praeceptorem
1585 2746 1920 2792 Chaeronensem

349 2821 572 2872 putemus:
607 2817 807 2858 νεανίσκον
840 2817 1013 2869 ὀφθέντα
1049 2817 1122 2866 μὲν
1156 2818 1204 2859 ἐν
1238 2821 1517 2871 καπηλείῳ
1549 2819 1855 2871 καταφυγόντα
1887 2821 1922 2862 δ’

350 2888 426 2933 εἰς
468 2887 523 2927 τὸ
557 2892 856 2934 καπηλεῖον
889 2886 977 2939 ἔσω,
1012 2887 1083 2930 vel
1115 2887 1292 2939 ὀφθέντα
1326 2889 1399 2938 μὲν
1435 2889 1482 2930 ἐν
1516 2889 1817 2942 καπηλείῳ,
1851 2906 1924 2932 κα-

348 2957 598 3008 ταφυγόντα
632 2957 664 2997 δ’
698 2956 817 2998 εἴσω
851 2961 940 2998 τοῦ
974 2959 1292 3010 καπηλείου,
1326 2958 1396 3001 vel
1428 2958 1606 3015 denique
1638 2960 1814 3013 ὅφθέντξα
1845 2961 1921 3011 μὲν
