2002 3372
144 531 146 535 .
158 526 162 537 .
174 524 251 547 ᾸᾸᾸᾸᾸ

649 771 940 829 CAPUT
982 771 1172 829 XVII.

784 1113 1039 1146 Amwomus.

173 1236 258 1282 Hic
297 1236 405 1280 liber
445 1236 758 1294 quodammodo
800 1235 936 1279 effecit
978 1241 1028 1278 ut
1059 1237 1104 1278 in
1139 1236 1275 1278 vitam
1309 1238 1579 1276 revocaretur
1609 1232 1709 1275 Plu-

113 1308 310 1371 tarchus:
351 1308 451 1352 hinc
492 1310 606 1351 enim
649 1308 864 1365 profectus
905 1307 1146 1363 Levequius
1187 1308 1423 1363 imaginem
1464 1303 1584 1347 illam
1616 1304 1709 1361 phi-

112 1380 282 1438 losophi
312 1378 621 1424 Chaemuensis
653 1381 828 1436 eiusque
855 1378 1102 1436 aequalium
1129 1378 1337 1434 depinxit,
1366 1389 1495 1433 quam
1522 1391 1560 1419 a.
1593 1373 1707 1418 1867

113 1449 396 1496 bibliothecae
429 1465 464 1494 c.
497 1455 528 1493 t.
561 1451 699 1493 Revue
728 1451 798 1493 des
827 1452 932 1493 deum
962 1450 1134 1492 Mondes
1164 1450 1370 1491 insertam
1403 1461 1483 1504 ego
1515 1460 1554 1490 a.
1591 1446 1708 1490 1903

113 1527 305 1567 seorsum
349 1522 556 1566 edendam
598 1523 747 1565 curavi
767 1522 812 1574 ¹).
854 1521 1003 1579 Neque
1047 1522 1232 1564 mirum:
1277 1521 1397 1562 vitam
1437 1520 1552 1562 enim
1587 1518 1709 1562 illius

112 1593 320 1653 temporis
362 1598 478 1638 totus
520 1592 632 1638 liber
670 1595 816 1650 spirat.
860 1593 917 1636 Et
946 1594 1022 1636 vix
1055 1591 1172 1636 ullus
1203 1590 1314 1635 alius
1344 1590 1570 1634 Plutarchi
1601 1589 1711 1633 liber

111 1670 203 1710 tam
232 1665 355 1710 ‘clare
394 1664 516 1710 nobis
555 1667 702 1723 ipsum
744 1666 995 1722 scriptorem
1035 1665 1159 1722 ponit
1201 1668 1298 1707 ante
1330 1661 1488 1706 oculos.
1533 1661 1592 1705 Ut
1624 1661 1710 1705 alia

113 1738 257 1782 omnia
284 1737 476 1790 mittam,
503 1741 548 1780 et
572 1735 830 1794 philosopho
858 1741 901 1779 et
926 1737 1125 1794 scriptori
1152 1734 1385 1778 Plutarcho
1408 1747 1516 1791 quae
1539 1746 1711 1776 summa

112 1807 296 1852 sit⁴³visa
326 1806 467 1866 gloria
494 1807 596 1851 hinc
627 1807 699 1852 vel
729 1809 919 1851 maxime
951 1806 1115 1851 elucet:
1147 1805 1375 1850 Platonem
1405 1805 1606 1848 imitatur
1635 1803 1710 1848 sed

112 1877 259 1932 simul,
301 1880 340 1923 si
380 1878 473 1923 fieri
505 1882 662 1936 potest,
695 1878 921 1922 Platonem
954 1892 1154 1935 superare
1186 1878 1354 1920 nititur.
1388 1877 1709 1934 Argumentum

111 1949 390 1995 simillimum
435 1958 501 1994 est
527 1949 614 1993 villi
660 1950 773 2007 quod
813 1952 859 1992 in
902 1949 1093 1992 Platonis
1137 1951 1347 1992 tractatur
1393 1947 1593 1999 Convivio,
1637 1947 1711 1990 sed

110 2020 254 2066 multo
284 2023 424 2066 maior
453 2025 519 2065 est
550 2020 863 2078 colloquiorum
894 2022 1104 2064 varietas:
1140 2034 1292 2072 „scena
1323 2019 1556 2062 dramatis'’
1585 2017 1711 2062 modo

108 2092 157 2137 in
185 2090 398 2137 Helicone
416 2095 482 2136 eet
506 2091 635 2136 modo
660 2094 705 2135 in
732 2093 826 2150 ipso
852 2091 1047 2149 Thespiis
1076 2091 1244 2150 oppido,
1277 2104 1391 2134 nunc
1423 2091 1470 2133 hi
1499 2100 1613 2133 nunc
1643 2088 1711 2132 illi

113 2160 381 2222 disputantes
406 2162 684 2215 inducuntur,
711 2162 947 2206 identidem
974 2166 1042 2217 (ut
1065 2164 1110 2206 in
1138 2161 1250 2205 libro
1279 2162 1343 2204 De
1369 2161 1494 2204 Genio
1519 2160 1710 2213 Socrati-³)

111 2239 204 2280 tota
243 2234 478 2294 disputatio
519 2236 683 2278 nuntiis
725 2234 776 2277 de
817 2235 958 2286 rebus,
991 2248 1099 2292 quae
1131 2235 1295 2277 interea
1325 2232 1429 2277 alibi
1460 2236 1709 2284 evenerunt,

110 2306 457 2364 interrumpitur,
491 2306 671 2363 denique
703 2307 843 2349 omnis
874 2305 1113 2349 includitur
1137 2303 1283 2349 fabula
1309 2303 1523 2362 colloquio
1549 2318 1633 2360 quo
1660 2303 1711 2346 de

112 2387 162 2423 ea
179 2377 396 2422 *Flaviano
427 2382 575 2421 narrat
607 2377 867 2421 Autobulus.

173 2448 443 2493 Autobulum
488 2449 619 2501 hunc,
659 2450 732 2505 qui
775 2450 918 2492 omnia
960 2463 1003 2492 se
1045 2465 1067 2491 e
1098 2453 1221 2503 patre
1250 2463 1321 2490 mo
1353 2448 1603 2506 cognovisse
1635 2447 1710 2498 ait,

111 2519 191 2564 ‘non
232 2534 322 2565 esse
365 2519 588 2564 Plutarchi
631 2520 769 2563 filium
801 2520 872 2574 (de
902 2521 1024 2564 cuius
1056 2521 1220 2577 nuptiis
1252 2521 1399 2577 agitur
1429 2519 1478 2572 Q.
1512 2517 1558 2562 G.
1591 2517 1620 2561 l.
1654 2517 1710 2560 IV

110 2592 238 2636 initio
265 2590 549 2636 Problematis
577 2591 618 2643 3,
647 2596 691 2634 et
717 2593 840 2635 cuius
867 2606 992 2635 causa
1017 2591 1178 2635 librum
1204 2593 1253 2634 de
1268 2591 1426 2633 animae
1432 2590 1712 2646 procreatione

113 2663 158 2707 in
187 2663 342 2707 finaeo
367 2665 457 2724 ipse
489 2669 612 2722 pater
637 2665 920 2720 conscripsit),
949 2678 1084 2720 neque
1109 2677 1211 2721 ergo
1240 2669 1406 2720 patrem
1421 2662 1550 2706 illum
1566 2663 1711 2719 ipsum

113 2748 204 2780 esse
242 2734 525 2779 Plutarchum
568 2734 859 2779 demonstrare
896 2734 1193 2778 Volkmannus
1238 2734 1381 2778 studet
1423 2734 1711 2792 disputatione

114 2815 222 2865 quae
252 2811 344 2850 tota
377 2806 543 2850 duobus
574 2807 732 2850 nititur
763 2808 1054 2864 argumentis:

158 2952 197 3005 ἱ)
226 2961 384 2994 Orantem
408 2960 468 2993 hoe
493 2959 607 2993 titulo:
635 2960 741 2993 Caroli
764 2958 902 3003 Le‘oeque
924 2959 1069 2993 libellum
1093 2970 1226 2994 aureum
1250 2961 1288 2994 de
1313 2960 1486 2994 Plutarcho
1510 2961 1627 2995 mentis
1651 2970 1713 2995 me-

113 3016 187 3050 ὃοο
206 3016 313 3050 denuo
334 3016 490 3050 edendum
516 3015 641 3049 curavit
664 3015 698 3049 J.
721 3015 753 3049 J.
779 3016 940 3049 Hartman
965 3016 999 3048 L.
1015 3016 1055 3050 B.
1077 3016 1210 3058 Sythofl'.
