2002 3372
897 236 984 280 259

199 358 335 405 5010
375 359 509 417 Saepe
544 359 597 403 ad
627 358 972 416 persuadendum
1006 361 1044 402 ei
1077 360 1151 415 qui
1184 371 1357 415 corpore
1390 357 1555 401 laborat
1585 360 1636 400 ut
1667 371 1739 400 ne-

137 433 364 477 eessariam
406 432 490 474 sibi
531 432 722 488 quietem
764 432 902 487 capiat
936 430 1092 474 sufficit
1126 431 1340 474 monitum
1372 429 1499 486 quale
1530 432 1595 472 est
1626 427 1738 471 illud

137 503 230 556 μέν’
260 501 289 547 ὦ
321 502 554 556 ταλαίπωρ’
587 501 752 554 ἀτρέμα
782 506 868 549 σοῖς
896 502 935 543 ἐν
966 501 1156 552 δεμνίοις.
1190 502 1246 544 At
1274 503 1348 558 qui
1375 504 1519 544 mente
1545 499 1740 544 laborant

137 574 235 618 τότε
266 574 463 627 μάλιστα
495 575 738 628 πράττουσι,
771 572 859 616 τότ’
895 571 1045 623 ἥκιστα
1079 572 1372 627 ἡσυχάζουσιν.

197 645 317 691 Haec
357 659 528 704 quoque
568 645 718 688 morbo
759 644 954 688 laborare
991 645 1122 702 probe
1154 646 1287 688 sensit
1318 644 1470 697 editor,
1503 643 1576 687 sed
1608 657 1738 700 quam

134 716 212 762 ille
253 716 374 762 affert
414 717 675 761 medicinam
717 714 802 770 (ὅτε
846 731 922 773 pro
951 718 1091 773 priore
1124 715 1220 759 τότε
1251 715 1418 774 legens)
1449 730 1586 773 neque
1619 719 1739 758 sanat

137 787 374 846 quidquam
405 792 450 832 et
479 787 655 832 ridiculi
686 787 851 844 aliquid
884 787 1014 830 addit.
1053 787 1158 841 Quis
1189 789 1304 831 enim
1335 787 1574 831 monendus
1606 789 1739 831 etiam

137 863 318 918 est2quo
349 861 530 918 quisque
561 861 702 917 magis
735 873 843 916 opus
874 860 1003 902 faciat
1037 873 1085 903 eo
1112 861 1257 902 minus
1284 874 1383 903 eum
1411 858 1650 917 quiescere?
1682 859 1740 918 Et

136 938 328 976 remanet
351 931 396 975 id
422 931 535 989 quod
562 935 604 974 et
630 930 835 974 traditam
860 930 1091 974 lectionem
1118 935 1162 974 et
1187 932 1422 988 repositam
1447 932 1548 974 vitii
1568 935 1737 988 arg-nat.

49 992 58 1048 s
135 1002 390 1060 Requiritur
415 1004 532 1046 enim
557 1002 656 1046 hoc:
689 1016 816 1054 „cum
844 1003 1034 1045 maxime
1061 1017 1159 1057 opus
1173 1002 1351 1059 faciunt
1377 1006 1420 1046 et
1445 1017 1487 1044 ee
1514 1002 1738 1045 exercent''.

137 1073 222 1118 Sed
250 1074 296 1118 id
326 1076 374 1118 in
403 1073 630 1128 πράττουσι
663 1089 748 1118 non
778 1075 904 1117 inest.
939 1073 1099 1117 'Potum
1127 1072 1239 1116 illud
1265 1073 1360 1117 τότε
1389 1073 1585 1125 μάλιστα
1612 1074 1741 1127 προέτ-

136 1161 250 1190 τουσι
282 1145 496 1190 insulsum
529 1160 620 1189 esse
646 1147 1080 1203 interpretamentum
1111 1146 1386 1202 sequentium
1417 1147 1621 1202 suspicor.
1656 1145 1739 1188 Vix

139 1231 333 1276 unquam
376 1231 401 1262 a
442 1231 488 1262 se
529 1219 766 1275 impetrant
806 1216 926 1261 scioli
969 1220 1018 1260 ut
1062 1216 1114 1260 ad
1156 1218 1380 1260 enuntiata
1411 1217 1600 1272 neqativa
1630 1216 1740 1260 nihil

136 1289 390 1334 adscribant.

198 1436 284 1481 501
299 1435 338 1480 D
369 1436 534 1480 Mentis
561 1436 702 1480 morbi
728 1436 949 1479 homiuem
975 1450 1062 1479 non
1087 1437 1235 1479 sinunt
1258 1437 1303 1479 in
1331 1437 1488 1493 quietis
1511 1436 1738 1494 confugere

135 1511 334 1568 portum,
387 1513 516 1566 atque
556 1510 617 1552 sic
655 1507 730 1552 ille
773 1522 849 1565 per
889 1507 1113 1551 turbidum
1156 1521 1273 1551 mare
1314 1509 1405 1551 sine
1445 1508 1738 1566 gubernaculo

135 1592 343 1626 ancorave
372 1581 560 1624 iactatur
589 1580 720 1625 donec
750 1579 811 1628 εἷς
844 1595 883 1621 τι
917 1579 1114 1631 ναυάγιον
1147 1579 1325 1632 Φοβερόν
1360 1578 1544 1629 ἐξέπεσε.

195 1651 374 1697 Insolito
414 1666 542 1697 sensu
571 1651 643 1695 hic
675 1650 872 1704 ναυάγιον
903 1666 987 1695 non
1020 1655 1084 1695 est
1115 1653 1238 1696 nav-is
1259 1651 1552 1708 frcwneutum,
1586 1650 1658 1695 sed
1690 1651 1736 1694 id

136 1723 252 1783 quod
269 1724 445 1782 franqit
473 1737 644 1768 navem.
677 1723 888 1779 Scopulum
917 1724 1129 1780 interpres
1164 1724 1307 1767 vertit.

199 1870 335 1917 50113}
366 1871 471 1916 ὥστε
499 1872 568 1916 καὶ
598 1871 664 1916 διὰ
692 1874 832 1915 rafim
862 1871 931 1914 και)
957 1871 1116 1919 τούτοις
1143 1876 1280 1925 χεῖρον
1305 1876 1434 1914 νοσεῖν
1457 1875 1552 1919 ταῖς
1569 1875 1738 1925 ψυχαῖς

137 1941 162 1994 ἢ
195 1948 278 1992 τοῖς
311 1943 513 1997 σώμασιν.

145 2065 151 2070 ,
195 2013 295 2059 Non
337 2015 421 2059 fert
450 2015 559 2059 hanc
591 2015 896 2059 verbositatem
931 2013 1071 2057 editor
1102 2016 1145 2056 et
1177 2016 1254 2057 aut
1287 2013 1353 2056 διὰ
1388 2016 1528 2057 ταῦτα
1562 2016 1638 2057 aut
1670 2013 1739 2057 καὶ

135 2085 296 2135 τούτοις
326 2085 516 2130 damnat.
550 2086 710 2130 Abesse
741 2085 821 2129 hoc
853 2084 1053 2143 equidem
1085 2084 1251 2128 malim.

196 2233 256 2278 ib.
308 2232 359 2276 In
402 2232 498 2277 loco
546 2247 674 2290 supra
717 2232 893 2276 laudato
937 2232 988 2276 de
1030 2231 1303 2290 litigantium
1343 2231 1626 2275 multitudine
1666 2233 1742 2288 qui

136 2307 252 2348 certo
292 2305 394 2348 anni
434 2307 627 2362 tempore
669 2318 720 2347 ex
761 2304 864 2347 Asia
906 2303 1090 2346 affluunt
1132 2302 1184 2346 ad
1225 2305 1465 2360 praetorem
1495 2302 1741 2346 Romanum

135 2373 247 2419 illud
289 2379 394 2418 certo
436 2375 537 2418 anni
580 2380 753 2430 tempore
783 2377 876 2419 sive
908 2374 976 2417 die
1005 2379 1111 2417 stato
1143 2374 1322 2416 condicto
1354 2373 1549 2417 inaudito
1581 2372 1741 2430 signifi-

137 2449 260 2490 catur
283 2445 492 2490 vocabulo
521 2446 826 2500 ἐμπροθέσμως,
855 2445 970 2503 quod
996 2449 1148 2489 natum
1173 2447 1321 2503 opinor
1340 2459 1392 2488 ex
1416 2445 1460 2487 ἐκ
1478 2445 1739 2498 προθεσμίαις.

137 2515 348 2562 Proclivis
379 2531 496 2562 error
525 2516 614 2561 ille.
