2002 3372
1055 184 1144 227 282

371 306 578 361 „denique
619 308 662 347 et
703 307 868 360 praeter
910 317 958 346 ea
1003 317 1109 360 quae
1149 304 1262 348 dicta
1303 307 1390 348 iam
1433 308 1555 356 sunt,
1595 306 1640 348 in
1686 308 1889 362 promptu

309 377 460 419 habere
502 388 749 431 semperque
797 374 1006 416 recordari
1047 378 1213 430 oportet
1253 374 1483 418 Simonidis
1524 374 1688 418 dictum
1729 374 1889 418 multos

308 447 564 502 paenituisse
590 445 872 500 loquacitatis,
899 443 1059 487 silentii
1085 447 1323 498 neminem3
1350 445 1498 488 deinde
1525 446 1889 502 cogitarequanta

309 518 374 559 vis
406 518 462 558 sit
494 516 822 565 exercitationis,
862 528 967 570 quae
999 516 1142 558 omnia
1172 518 1356 572 superat.
1401 515 1543 557 Etiam
1575 514 1815 572 singultum
1846 518 1889 558 et

307 588 462 630 tussim
494 587 700 635 homines,
732 586 768 627 si
800 584 962 637 volunt,
996 584 1227 641 expellunt,
1262 587 1460 642 quamvis
1487 599 1586 628 cum
1610 584 1752 629 labore
1776 583 1888 628 illud

308 657 381 699 fiat
422 660 464 699 et
505 655 658 698 dolore.
701 654 932 698 Silentium
963 669 1076 708 vero,
1117 670 1200 699 non
1231 656 1387 709 solum,
1420 660 1469 699 ut
1500 670 1598 699 cum
1630 655 1889 713 Hippocrate

307 727 465 782 loquar,
500 728 618 768 sitim
650 740 732 768 non
762 729 922 778 movet,
955 726 1028 769 sed
1053 740 1106 769 ne
1133 726 1373 770 molestiam
1400 726 1572 782 quidem
1599 726 1887 770 doloremve.”

368 796 433 838 Ad
463 795 660 838 libellum
693 810 791 838 vero
821 797 871 837 de
902 796 1129 838 curiositate
1156 792 1269 852 'quod
1303 798 1470 848 attinet,
1499 799 1726 853 postquam
1752 809 1891 840 narra-

307 868 371 910 vit
402 871 443 908 et
478 866 721 917 „aliterios”
755 870 797 908 et
829 867 1123 923 sycophantas,
1158 867 1313 923 quibus
1342 866 1483 909 nullos
1515 866 1710 910 homines
1736 864 1888 910 Graeci

307 937 505 980 detestati
532 938 617 978 sint
642 938 796 993 magis,
823 951 979 979 nomen
1005 951 1133 980 suum
1161 938 1315 980 habere
1343 941 1514 994 propter
1540 951 1589 980 ea
1615 950 1721 993 quae
1746 936 1889 980 odiosa

307 1007 488 1062 quadam
530 1010 572 1049 et
612 1006 790 1050 molesta
832 1009 1076 1050 curiositate
1119 1009 1226 1050 moti
1259 1008 1392 1051 facere
1423 1008 1508 1050 sint
1540 1006 1672 1058 soliti,
1703 1008 1763 1050 sic
1793 1020 1888 1050 eam

306 1092 397 1120 rem
427 1079 470 1120 in
501 1077 768 1120 audientium
798 1079 1008 1121 convertit
1041 1077 1298 1121 utilitatem:

369 1163 448 1199 „en
496 1147 675 1204 aliquid.
704 1148 815 1204 quod
863 1152 1059 1205 reputent
1102 1150 1284 1202 curiosi3
1330 1149 1408 1191 hoc
1449 1149 1503 1191 iis
1545 1146 1746 1204 proderit,
1787 1159 1886 1190 nam

306 1219 480 1275 pudebit
526 1232 596 1261 eos
644 1219 817 1274 posthac
858 1233 906 1262 ea
947 1219 1082 1262 facere
1123 1233 1229 1275 quae
1272 1219 1497 1261 hominum
1527 1218 1887 1260 invisissimorum

306 1289 791 1345 molestissimorumque
823 1289 1076 1332 facinoribus
1108 1288 1267 1332 similia
1297 1291 1383 1332 sint
1412 1293 1455 1332 et
1485 1287 1707 1345 cognata.”

367 1360 601 1416 Utrobique
648 1359 692 1401 id
734 1359 894 1403 efficere
937 1361 1133 1416 equidem
1176 1360 1355 1403 arbitror
1397 1359 1676 1403 Plutarchum
1716 1359 1888 1414 propter

307 1431 418 1487 quod
444 1430 653 1473 Periclem
680 1430 875 1486 aequales
902 1430 1004 1474 adeo
1030 1431 1362 1482 admirabantur,
1390 1433 1439 1472 ut
1461 1429 1658 1473 aculeum
1672 1429 1718 1471 in
1733 1428 1888 1471 animis

308 1501 574 1544 audientium
606 1500 830 1556 relinquat.
864 1501 1020 1554 Quodsi
1052 1503 1148 1557 quis
1173 1506 1313 1544 tamen
1339 1502 1407 1544 hic
1432 1503 1624 1558 expectat
1647 1497 1888 1556 postulatve

307 1571 468 1627 aliquid
511 1571 619 1627 quod
664 1570 730 1614 vel
762 1573 939 1628 gravius
970 1571 1038 1615 vel
1071 1572 1227 1615 clarius
1258 1575 1390 1622 sonet,
1423 1572 1539 1623 satis,
1571 1574 1622 1613 ut
1650 1571 1810 1627 opinor,
1841 1569 1885 1611 in

306 1647 394 1685 arte
436 1642 599 1685 dicendi
640 1642 724 1684 fuit
767 1646 960 1685 versatus
1001 1642 1258 1686 Plutarchus
1301 1645 1346 1684 ut
1388 1656 1464 1698 pro
1506 1655 1550 1685 re
1592 1643 1690 1684 nata
1720 1651 1887 1695 semper

306 1713 432 1756 illum
474 1712 711 1765 flosculum,
756 1727 839 1768 quo
880 1727 976 1755 cum
1021 1715 1209 1756 maxime
1253 1727 1359 1769 opus
1400 1726 1489 1755 esse
1530 1710 1807 1768 intelligeret,
1839 1723 1888 1751 ee·

308 1788 475 1838 tempore
516 1797 617 1826 suae
659 1783 809 1826 addere
852 1784 1032 1826 orationi
1074 1786 1227 1839 posset.
1270 1783 1319 1825 In
1351 1780 1716 1838 disputatiuncula
1744 1782 1887 1823 nostra

305 1854 355 1897 de
380 1853 526 1897 libello
553 1855 602 1896 de
623 1854 757 1907 qloria
785 1854 1082 1896 Atheniensium
1097 1855 1264 1910 insigne
1281 1857 1323 1896 et
1339 1852 1609 1896 luculentum
1626 1849 1885 1908 protulimus

304 1924 549 1980 exemplum
582 1924 744 1967 flosculi
775 1939 826 1967 ex
859 1929 1049 1981 tempore
1082 1925 1132 1967 ab
1165 1928 1328 1968 oratore
1360 1928 1504 1967 nostro
1527 1921 1756 1978 praemissi.

364 1994 508 2038 Oratio
552 1998 616 2037 est
656 1994 828 2037 libellus
869 1995 952 2046 hic,
995 1995 1068 2038 sed
1110 2010 1194 2038 non
1234 1995 1329 2038 ideo
1370 1996 1523 2050 scripta
1555 1997 1606 2036 ut
1641 1993 1886 2036 Chaeroneae

303 2066 541 2108 haberetur.
574 2064 725 2108 Elucet
756 2066 835 2108 hoc
867 2079 916 2108 ex
950 2067 1002 2108 iis
1036 2079 1142 2121 quae
1173 2080 1213 2122 p.
1250 2063 1383 2109 5150
1415 2064 1625 2121 legimus:

366 2135 498 2187 „olim
529 2137 668 2191 patria
699 2149 793 2178 mea
824 2135 1020 2193 Zephyro
1051 2137 1136 2178 fuit
1169 2137 1376 2192 opposita,
1406 2133 1595 2179 Chaeron
1626 2147 1720 2177 eam
1750 2133 1884 2176 orien—

303 2210 390 2248 tem
433 2219 579 2248 versus
622 2205 928 2262 transposuit.''
971 2205 1156 2248 Ubinam
1199 2220 1300 2262 ergo
1342 2206 1533 2261 primum
1563 2208 1627 2247 est
1657 2203 1815 2254 habita,
1848 2203 1885 2244 si

303 2290 383 2319 non
427 2274 720 2319 Chaeroneae?
762 2276 925 2331 Ecquid
967 2275 1153 2319 Romae?
1196 2276 1324 2319 Haud
1358 2277 1509 2332 opinor
1539 2279 1642 2317 tunc
1670 2275 1716 2316 in
1746 2273 1884 2328 capite

303 2347 413 2389 orbis
455 2350 665 2389 terrarum
707 2346 867 2389 multos
907 2347 1039 2389 fuisse
1083 2346 1295 2389 auditores
1332 2348 1405 2402 qui
1436 2345 1524 2388 illis
1557 2345 1696 2388 verbis
1727 2342 1885 2386 auditis

302 2418 448 2459 statim
483 2418 637 2459 scirent
668 2420 795 2472 atque
821 2417 923 2460 adeo
949 2418 1054 2460 scire
1080 2421 1275 2460 curarent
1301 2430 1408 2472 quae
1434 2419 1544 2460 esset
1569 2415 1745 2458 oratoris
1764 2412 1884 2456 illius

301 2487 451 2544 patria.
500 2486 593 2529 Non
640 2488 727 2528 iam
775 2487 837 2529 ibi
884 2491 977 2530 tum
1021 2487 1225 2531 vivebant
1270 2486 1461 2542 Philippi
1501 2489 1544 2529 et
1586 2483 1883 2528 Demosthenis

301 2558 472 2600 nomina
503 2556 571 2599 vel
602 2557 927 2600 Atheniensium
959 2557 1338 2613 Thebanorumque
1370 2558 1444 2612 qui
1467 2555 1558 2599 illic
1582 2569 1658 2611 pro
1683 2552 1883 2598 Graeciae

303 2631 542 2683 pugnantes
581 2627 778 2670 libertate
820 2629 1108 2671 occubuerunt
1150 2629 1368 2677 memoria,
1411 2630 1454 2669 et
1494 2630 1544 2669 ut
1585 2626 1722 2669 denuo
1756 2623 1882 2667 incla-

302 2702 482 2740 resceret
508 2697 748 2741 Chaeronea
778 2700 869 2754 ipse
900 2699 969 2740 hic
1000 2699 1177 2754 perfecit
1206 2701 1346 2741 orator
1377 2696 1750 2753 philosophusque.

362 2767 453 2810 Hoc
487 2772 627 2811 tamen
660 2770 816 2811 certius
848 2772 913 2811 est
943 2772 1250 2825 argumentum
1281 2782 1364 2810 non
1391 2781 1480 2810 esse
1506 2765 1664 2810 Romae
1689 2765 1880 2810 habitam

302 2838 533 2880 orationem
577 2838 687 2894 quod
731 2839 781 2881 de
823 2842 1012 2894 tempore
1053 2838 1167 2894 quod
1207 2838 1369 2880 Romae
1410 2837 1529 2893 degit
1568 2841 1788 2891 tamquam
1829 2835 1880 2878 de

302 2912 490 2964 tempore
522 2908 751 2951 admodum
783 2912 944 2952 remoto
977 2908 1234 2951 Plutarchus
1263 2907 1465 2963 loquitur.
1498 2906 1655 2950 Audite
1685 2904 1835 2948 modo:
