<?xml version="1.0" encoding="UTF-8"?>
<!DOCTYPE html PUBLIC "-//W3C//DTD XHTML 1.0 Transitional//EN"
    "http://www.w3.org/TR/xhtml1/DTD/xhtml1-transitional.dtd">
<html xmlns="http://www.w3.org/1999/xhtml" xml:lang="en" lang="en">
 <head>
  <title>
</title>
<meta http-equiv="Content-Type" content="text/html;charset=utf-8" />
  <meta name='ocr-system' content='tesseract 3.04.00' />
  <meta name='ocr-capabilities' content='ocr_page ocr_carea ocr_par ocr_line ocrx_word'/>
</head>
<body>
  <div class='ocr_page' id='page_1' title='image "./deplutarchoscrip00hartuoft_0596.png"; bbox 0 0 2002 3372; ppageno 0'>
   <div class='ocr_carea' id='block_1_1' title="bbox 1103 275 1189 319">
    <p class='ocr_par' dir='ltr' id='par_1_1' title="bbox 1103 275 1189 319">
     <span class='ocr_line' id='line_1_1' title="bbox 1103 275 1189 319; baseline 0 -1"><span class='ocrx_word' id='word_1_1' title='bbox 1103 275 1189 319; x_wconf 85' lang='lat'><strong>580</strong></span> 
     </span>
    </p>
   </div>
   <div class='ocr_carea' id='block_1_2' title="bbox 359 394 1936 668">
    <p class='ocr_par' dir='ltr' id='par_1_2' title="bbox 359 394 1935 523">
     <span class='ocr_line' id='line_1_2' title="bbox 419 394 1935 452; baseline -0.004 -8"><span class='ocrx_word' id='word_1_2' title='bbox 419 402 477 444; x_wconf 86' lang='lat' dir='ltr'><strong>ib.</strong></span> <span class='ocrx_word' id='word_1_3' title='bbox 527 402 573 443; x_wconf 80' lang='grc' dir='ltr'><strong>ἐῶ</strong></span> <span class='ocrx_word' id='word_1_4' title='bbox 615 399 697 451; x_wconf 69' lang='grc' dir='ltr'><strong>γὰρ</strong></span> <span class='ocrx_word' id='word_1_5' title='bbox 739 397 915 452; x_wconf 81' lang='grc' dir='ltr'><em>ἰχνεύειν</em></span> <span class='ocrx_word' id='word_1_6' title='bbox 956 396 1177 444; x_wconf 67' lang='grc' dir='ltr'><strong>σκύλακας</strong></span> <span class='ocrx_word' id='word_1_7' title='bbox 1222 395 1290 439; x_wconf 75' lang='grc' dir='ltr'><strong>καὶ</strong></span> <span class='ocrx_word' id='word_1_8' title='bbox 1327 394 1512 449; x_wconf 77' lang='grc' dir='ltr'><strong>βαδίζειν</strong></span> <span class='ocrx_word' id='word_1_9' title='bbox 1545 395 1585 437; x_wconf 83' lang='grc' dir='ltr'><strong><em>ἕν</em></strong></span> <span class='ocrx_word' id='word_1_10' title='bbox 1615 395 1748 449; x_wconf 69' lang='grc' dir='ltr'><strong><em>ῥυθμῷ</em></strong></span> <span class='ocrx_word' id='word_1_11' title='bbox 1776 397 1935 443; x_wconf 62' lang='lat' dir='ltr'><strong>meuc</strong></span> 
     </span>
     <span class='ocr_line' id='line_1_3' title="bbox 359 466 1409 523; baseline -0.005 -9"><span class='ocrx_word' id='word_1_12' title='bbox 359 475 636 523; x_wconf 76' lang='grc' dir='ltr'><strong>μελετῶντας,</strong></span> <span class='ocrx_word' id='word_1_13' title='bbox 668 470 781 511; x_wconf 67' lang='grc' dir='ltr'><strong>ἄλλα</strong></span> <span class='ocrx_word' id='word_1_14' title='bbox 817 467 993 520; x_wconf 72' lang='grc' dir='ltr'><strong><em>κόρακας</em></strong></span> <span class='ocrx_word' id='word_1_15' title='bbox 1026 466 1291 518; x_wconf 70' lang='grc' dir='ltr'><strong>διαλέγεσθαι</strong></span> <span class='ocrx_word' id='word_1_16' title='bbox 1326 467 1409 510; x_wconf 82' lang='grc' dir='ltr'><strong>κτὲ.</strong></span> 
     </span>
    </p>

    <p class='ocr_par' dir='ltr' id='par_1_3' title="bbox 361 533 1936 668">
     <span class='ocr_line' id='line_1_4' title="bbox 420 533 1936 596; baseline -0.004 -11"><span class='ocrx_word' id='word_1_17' title='bbox 420 543 502 585; x_wconf 91' lang='lat' dir='ltr'><strong>Pro</strong></span> <span class='ocrx_word' id='word_1_18' title='bbox 534 541 649 583; x_wconf 66' lang='grc' dir='ltr'><strong><em>«ἑλλοὶ</em></strong></span> <span class='ocrx_word' id='word_1_19' title='bbox 681 540 850 596; x_wconf 83' lang='lat' dir='ltr'><strong>legatur</strong></span> <span class='ocrx_word' id='word_1_20' title='bbox 882 540 964 590; x_wconf 73' lang='lat' dir='ltr'><strong>nal,</strong></span> <span class='ocrx_word' id='word_1_21' title='bbox 999 551 1100 581; x_wconf 88' lang='lat' dir='ltr'><strong>nam</strong></span> <span class='ocrx_word' id='word_1_22' title='bbox 1130 551 1236 595; x_wconf 81' lang='lat' dir='ltr'><strong>quae</strong></span> <span class='ocrx_word' id='word_1_23' title='bbox 1263 541 1513 594; x_wconf 73' lang='lat' dir='ltr'><strong>opponuntur</strong></span> <span class='ocrx_word' id='word_1_24' title='bbox 1538 550 1562 580; x_wconf 82' lang='lat' dir='ltr'><strong>a</strong></span> <span class='ocrx_word' id='word_1_25' title='bbox 1589 533 1776 581; x_wconf 57' lang='lat' dir='ltr'><strong>verbis*</strong></span> <span class='ocrx_word' id='word_1_26' title='bbox 1754 552 1869 583; x_wconf 65' lang='lat' dir='ltr'><strong>mm</strong></span> <span class='ocrx_word' id='word_1_27' title='bbox 1893 537 1936 580; x_wconf 77' lang='grc' dir='ltr'><strong>δὲ</strong></span> 
     </span>
     <span class='ocr_line' id='line_1_5' title="bbox 361 613 689 668; baseline -0.006 -13"><span class='ocrx_word' id='word_1_28' title='bbox 361 614 432 655; x_wconf 70' lang='grc' dir='ltr'><strong>καί</strong></span> <span class='ocrx_word' id='word_1_29' title='bbox 463 613 689 668; x_wconf 84' lang='lat' dir='ltr'><strong>incipiunt.</strong></span> 
     </span>
    </p>
   </div>
   <div class='ocr_carea' id='block_1_3' title="bbox 358 753 1934 955">
    <p class='ocr_par' dir='ltr' id='par_1_4' title="bbox 358 753 1934 955">
     <span class='ocr_line' id='line_1_6' title="bbox 422 753 1829 808; baseline -0.001 -9"><span class='ocrx_word' id='word_1_30' title='bbox 422 757 554 799; x_wconf 78' lang='lat' dir='ltr'>992ss</span> <span class='ocrx_word' id='word_1_31' title='bbox 595 755 786 806; x_wconf 75' lang='grc' dir='ltr'><strong><em>ἐπίδειξιν</em></strong></span> <span class='ocrx_word' id='word_1_32' title='bbox 817 756 872 803; x_wconf 75' lang='grc' dir='ltr'><strong>εἷς</strong></span> <span class='ocrx_word' id='word_1_33' title='bbox 908 754 1014 798; x_wconf 77' lang='grc' dir='ltr'><strong><em>ἄλλο</em></strong></span> <span class='ocrx_word' id='word_1_34' title='bbox 1047 755 1155 799; x_wconf 76' lang='grc' dir='ltr'><strong><em>οὐδὲν</em></strong></span> <span class='ocrx_word' id='word_1_35' title='bbox 1188 755 1372 804; x_wconf 76' lang='grc' dir='ltr'><em>οὐδαμῶς</em></span> <span class='ocrx_word' id='word_1_36' title='bbox 1406 755 1603 807; x_wconf 73' lang='grc' dir='ltr'><strong><em>χρήσιμον</em></strong></span> <span class='ocrx_word' id='word_1_37' title='bbox 1636 753 1829 808; x_wconf 71' lang='grc' dir='ltr'><strong><em>ἔχουσαν.</em></strong></span> 
     </span>
     <span class='ocr_line' id='line_1_7' title="bbox 418 825 1934 884; baseline 0 -15"><span class='ocrx_word' id='word_1_38' title='bbox 418 826 487 870; x_wconf 81' lang='lat' dir='ltr'><strong>Sic</strong></span> <span class='ocrx_word' id='word_1_39' title='bbox 518 826 749 884; x_wconf 83' lang='lat' dir='ltr'><strong>legendum</strong></span> <span class='ocrx_word' id='word_1_40' title='bbox 782 841 880 870; x_wconf 89' lang='lat' dir='ltr'><strong>cum</strong></span> <span class='ocrx_word' id='word_1_41' title='bbox 911 825 978 870; x_wconf 89' lang='lat' dir='ltr'><strong>W.</strong></span> <span class='ocrx_word' id='word_1_42' title='bbox 1011 826 1168 870; x_wconf 86' lang='lat' dir='ltr'><strong>Misere</strong></span> <span class='ocrx_word' id='word_1_43' title='bbox 1199 830 1460 869; x_wconf 77' lang='lat' dir='ltr'><strong>structuram</strong></span> <span class='ocrx_word' id='word_1_44' title='bbox 1487 826 1822 882; x_wconf 74' lang='lat' dir='ltr'><strong>sententiamque</strong></span> <span class='ocrx_word' id='word_1_45' title='bbox 1847 839 1934 883; x_wconf 86' lang='lat' dir='ltr'><strong>per-</strong></span> 
     </span>
     <span class='ocr_line' id='line_1_8' title="bbox 358 893 1439 955; baseline -0.002 -14"><span class='ocrx_word' id='word_1_46' title='bbox 358 899 550 941; x_wconf 76' lang='lat' dir='ltr'>turbavit</span> <span class='ocrx_word' id='word_1_47' title='bbox 584 897 784 941; x_wconf 86' lang='lat' dir='ltr'><strong>librarius</strong></span> <span class='ocrx_word' id='word_1_48' title='bbox 817 899 891 954; x_wconf 92' lang='lat' dir='ltr'><strong>qui</strong></span> <span class='ocrx_word' id='word_1_49' title='bbox 922 899 1086 955; x_wconf 87' lang='lat' dir='ltr'><strong>primus</strong></span> <span class='ocrx_word' id='word_1_50' title='bbox 1118 893 1278 951; x_wconf 74' lang='grc' dir='ltr'><strong><em>ἔχουσιν</em></strong></span> <span class='ocrx_word' id='word_1_51' title='bbox 1311 896 1439 939; x_wconf 80' lang='lat' dir='ltr'><strong>dedit.</strong></span> 
     </span>
    </p>
   </div>
   <div class='ocr_carea' id='block_1_4' title="bbox 355 1036 1936 1809">
    <p class='ocr_par' dir='ltr' id='par_1_5' title="bbox 355 1036 1936 1809">
     <span class='ocr_line' id='line_1_9' title="bbox 416 1036 1936 1101; baseline -0.003 -13"><span class='ocrx_word' id='word_1_52' title='bbox 416 1046 472 1088; x_wconf 89' lang='lat' dir='ltr'><strong>ib.</strong></span> <span class='ocrx_word' id='word_1_53' title='bbox 522 1045 722 1088; x_wconf 87' lang='lat' dir='ltr'><strong>dicuntur</strong></span> <span class='ocrx_word' id='word_1_54' title='bbox 766 1044 953 1101; x_wconf 88' lang='lat' dir='ltr'><strong>perdices</strong></span> <span class='ocrx_word' id='word_1_55' title='bbox 999 1043 1138 1101; x_wconf 87' lang='lat' dir='ltr'><strong>pullos</strong></span> <span class='ocrx_word' id='word_1_56' title='bbox 1180 1043 1325 1086; x_wconf 87' lang='lat' dir='ltr'><strong>docere</strong></span> <span class='ocrx_word' id='word_1_57' title='bbox 1369 1041 1634 1095; x_wconf 71' lang='grc' dir='ltr'><strong><em>προΐσχεσθαι</em></strong></span> <span class='ocrx_word' id='word_1_58' title='bbox 1675 1041 1823 1092; x_wconf 62' lang='grc' dir='ltr'><strong>βῶλονΔ</strong></span> <span class='ocrx_word' id='word_1_59' title='bbox 1848 1036 1936 1084; x_wconf 62' lang='grc' dir='ltr'><strong><em>ἄνθ’</em></strong></span> 
     </span>
     <span class='ocr_line' id='line_1_10' title="bbox 358 1107 1934 1170; baseline -0.003 -10"><span class='ocrx_word' id='word_1_60' title='bbox 358 1117 520 1168; x_wconf 70' lang='grc' dir='ltr'><strong><em>ἑαυτῶν,</em></strong></span> <span class='ocrx_word' id='word_1_61' title='bbox 570 1116 761 1159; x_wconf 78' lang='lat' dir='ltr'><strong>absurde.</strong></span> <span class='ocrx_word' id='word_1_62' title='bbox 810 1115 857 1158; x_wconf 89' lang='lat' dir='ltr'><strong>B.</strong></span> <span class='ocrx_word' id='word_1_63' title='bbox 887 1107 978 1158; x_wconf 69' lang='grc' dir='ltr'><strong><em>ἄνω</em></strong></span> <span class='ocrx_word' id='word_1_64' title='bbox 1029 1116 1180 1158; x_wconf 73' lang='grc' dir='ltr'><strong><em>ἑαυτῶν</em></strong></span> <span class='ocrx_word' id='word_1_65' title='bbox 1231 1114 1341 1170; x_wconf 91' lang='lat' dir='ltr'><strong>quod</strong></span> <span class='ocrx_word' id='word_1_66' title='bbox 1382 1115 1458 1157; x_wconf 80' lang='lat' dir='ltr'><strong>vix</strong></span> <span class='ocrx_word' id='word_1_67' title='bbox 1500 1111 1710 1156; x_wconf 85' lang='lat' dir='ltr'><strong>Graecum</strong></span> <span class='ocrx_word' id='word_1_68' title='bbox 1749 1111 1934 1156; x_wconf 84' lang='lat' dir='ltr'><strong>videtur.</strong></span> 
     </span>
     <span class='ocr_line' id='line_1_11' title="bbox 356 1181 1934 1243; baseline -0.003 -14"><span class='ocrx_word' id='word_1_69' title='bbox 356 1187 565 1243; x_wconf 81' lang='lat' dir='ltr'><strong>Equidem</strong></span> <span class='ocrx_word' id='word_1_70' title='bbox 607 1192 749 1229; x_wconf 89' lang='lat' dir='ltr'><strong>totum</strong></span> <span class='ocrx_word' id='word_1_71' title='bbox 789 1186 907 1229; x_wconf 87' lang='lat' dir='ltr'><strong>istud</strong></span> <span class='ocrx_word' id='word_1_72' title='bbox 947 1186 1034 1228; x_wconf 71' lang='grc' dir='ltr'><strong><em>ἀνθ’</em></strong></span> <span class='ocrx_word' id='word_1_73' title='bbox 1075 1186 1228 1228; x_wconf 75' lang='grc' dir='ltr'><strong><em>ἑαυτῶν</em></strong></span> <span class='ocrx_word' id='word_1_74' title='bbox 1263 1184 1507 1235; x_wconf 86' lang='lat' dir='ltr'><strong>deleverim,</strong></span> <span class='ocrx_word' id='word_1_75' title='bbox 1539 1198 1637 1226; x_wconf 78' lang='lat' dir='ltr'><strong>nam</strong></span> <span class='ocrx_word' id='word_1_76' title='bbox 1670 1181 1934 1238; x_wconf 70' lang='grc' dir='ltr'><strong>προΐσχεσθαι</strong></span> 
     </span>
     <span class='ocr_line' id='line_1_12' title="bbox 357 1254 1935 1312; baseline -0.001 -12"><span class='ocrx_word' id='word_1_77' title='bbox 357 1258 488 1309; x_wconf 80' lang='grc' dir='ltr'><strong><em>βῶλον</em></strong></span> <span class='ocrx_word' id='word_1_78' title='bbox 531 1263 615 1305; x_wconf 82' lang='grc' dir='ltr'><strong><em>τοῖς</em></strong></span> <span class='ocrx_word' id='word_1_79' title='bbox 653 1259 769 1300; x_wconf 79' lang='grc' dir='ltr'><strong><em>ποσὶν</em></strong></span> <span class='ocrx_word' id='word_1_80' title='bbox 802 1259 966 1304; x_wconf 82' lang='grc' dir='ltr'><strong><em>ὑπτίους</em></strong></span> <span class='ocrx_word' id='word_1_81' title='bbox 1001 1257 1284 1303; x_wconf 66' lang='grc' dir='ltr'><strong><em>ἀναπεσόντας</em></strong></span> <span class='ocrx_word' id='word_1_82' title='bbox 1319 1255 1491 1312; x_wconf 91' lang='lat' dir='ltr'><strong>plenum</strong></span> <span class='ocrx_word' id='word_1_83' title='bbox 1522 1258 1586 1297; x_wconf 78' lang='lat' dir='ltr'><strong>est</strong></span> <span class='ocrx_word' id='word_1_84' title='bbox 1616 1254 1935 1311; x_wconf 70' lang='lat' dir='ltr'><strong>perfectumque</strong></span> 
     </span>
     <span class='ocr_line' id='line_1_13' title="bbox 357 1323 1936 1385; baseline -0.003 -14"><span class='ocrx_word' id='word_1_85' title='bbox 357 1332 400 1371; x_wconf 89' lang='lat' dir='ltr'><strong>et</strong></span> <span class='ocrx_word' id='word_1_86' title='bbox 445 1328 546 1385; x_wconf 87' lang='lat' dir='ltr'><strong>quid</strong></span> <span class='ocrx_word' id='word_1_87' title='bbox 593 1328 901 1371; x_wconf 85' lang='lat' dir='ltr'><strong>semibarbarus</strong></span> <span class='ocrx_word' id='word_1_88' title='bbox 945 1329 1251 1384; x_wconf 85' lang='lat' dir='ltr'><strong>grammaticus</strong></span> <span class='ocrx_word' id='word_1_89' title='bbox 1297 1340 1373 1369; x_wconf 86' lang='lat' dir='ltr'><strong>suo</strong></span> <span class='ocrx_word' id='word_1_90' title='bbox 1421 1325 1707 1369; x_wconf 77' lang='lat' dir='ltr'><strong>additamento</strong></span> <span class='ocrx_word' id='word_1_91' title='bbox 1730 1323 1936 1368; x_wconf 66' lang='lat' dir='ltr'><strong>&#39;voluerit</strong></span> 
     </span>
     <span class='ocr_line' id='line_1_14' title="bbox 356 1394 1933 1455; baseline -0.003 -14"><span class='ocrx_word' id='word_1_92' title='bbox 356 1403 417 1441; x_wconf 82' lang='lat' dir='ltr'><strong>est</strong></span> <span class='ocrx_word' id='word_1_93' title='bbox 463 1400 748 1455; x_wconf 83' lang='lat' dir='ltr'><strong>perspicuum.</strong></span> <span class='ocrx_word' id='word_1_94' title='bbox 807 1398 918 1441; x_wconf 84' lang='lat' dir='ltr'><strong>Satis</strong></span> <span class='ocrx_word' id='word_1_95' title='bbox 965 1397 1141 1440; x_wconf 78' lang='lat' dir='ltr'><strong>ridicule</strong></span> <span class='ocrx_word' id='word_1_96' title='bbox 1196 1411 1294 1440; x_wconf 90' lang='lat' dir='ltr'><strong>cum</strong></span> <span class='ocrx_word' id='word_1_97' title='bbox 1349 1395 1426 1440; x_wconf 89' lang='lat' dir='ltr'><strong>illo</strong></span> <span class='ocrx_word' id='word_1_98' title='bbox 1481 1395 1811 1448; x_wconf 66' lang='grc' dir='ltr'><strong>ἀποκρύπτεσθαι</strong></span> <span class='ocrx_word' id='word_1_99' title='bbox 1865 1394 1933 1437; x_wconf 67' lang='grc' dir='ltr'><strong>καὶ</strong></span> 
     </span>
     <span class='ocr_line' id='line_1_15' title="bbox 357 1465 1936 1525; baseline -0.003 -13"><span class='ocrx_word' id='word_1_100' title='bbox 357 1469 622 1523; x_wconf 73' lang='grc' dir='ltr'><strong><em>προΐσχεσθαι</em></strong></span> <span class='ocrx_word' id='word_1_101' title='bbox 664 1471 872 1525; x_wconf 80' lang='lat' dir='ltr'><strong>interpres</strong></span> <span class='ocrx_word' id='word_1_102' title='bbox 913 1470 1058 1525; x_wconf 86' lang='lat' dir='ltr'><strong>iungit</strong></span> <span class='ocrx_word' id='word_1_103' title='bbox 1097 1467 1346 1524; x_wconf 85' lang='lat' dir='ltr'><strong>praecedens</strong></span> <span class='ocrx_word' id='word_1_104' title='bbox 1389 1467 1428 1509; x_wconf 82' lang='grc' dir='ltr'><strong><em>ἐν</em></strong></span> <span class='ocrx_word' id='word_1_105' title='bbox 1458 1468 1512 1519; x_wconf 77' lang='grc' dir='ltr'><strong>τῷ</strong></span> <span class='ocrx_word' id='word_1_106' title='bbox 1544 1467 1801 1519; x_wconf 34' lang='grc' dir='ltr'><strong><em>προφεύγειν*</em></strong></span> <span class='ocrx_word' id='word_1_107' title='bbox 1824 1465 1936 1522; x_wconf 88' lang='lat' dir='ltr'><strong>quod</strong></span> 
     </span>
     <span class='ocr_line' id='line_1_16' title="bbox 357 1537 1936 1597; baseline -0.003 -14"><span class='ocrx_word' id='word_1_108' title='bbox 357 1555 455 1584; x_wconf 91' lang='lat' dir='ltr'><strong>cum</strong></span> <span class='ocrx_word' id='word_1_109' title='bbox 497 1541 663 1594; x_wconf 82' lang='grc' dir='ltr'><em>ἐθίζουσι</em></span> <span class='ocrx_word' id='word_1_110' title='bbox 704 1540 970 1597; x_wconf 85' lang='lat' dir='ltr'><strong>iungendum</strong></span> <span class='ocrx_word' id='word_1_111' title='bbox 1007 1542 1092 1582; x_wconf 88' lang='lat' dir='ltr'><strong>est:</strong></span> <span class='ocrx_word' id='word_1_112' title='bbox 1134 1537 1320 1595; x_wconf 88' lang='lat' dir='ltr'><strong>periculo</strong></span> <span class='ocrx_word' id='word_1_113' title='bbox 1352 1538 1713 1594; x_wconf 83' lang='lat' dir='ltr'><strong>appropinquante</strong></span> <span class='ocrx_word' id='word_1_114' title='bbox 1742 1539 1936 1593; x_wconf 82' lang='lat' dir='ltr'><strong>parentes</strong></span> 
     </span>
     <span class='ocr_line' id='line_1_17' title="bbox 357 1603 1934 1668; baseline -0.003 -14"><span class='ocrx_word' id='word_1_115' title='bbox 357 1612 545 1668; x_wconf 83' lang='lat' dir='ltr'><strong>fugiunt,</strong></span> <span class='ocrx_word' id='word_1_116' title='bbox 577 1610 717 1668; x_wconf 80' lang='lat' dir='ltr'><strong>pullos</strong></span> <span class='ocrx_word' id='word_1_117' title='bbox 750 1610 915 1662; x_wconf 77' lang='grc' dir='ltr'><strong><em>μηδέπω</em></strong></span> <span class='ocrx_word' id='word_1_118' title='bbox 942 1610 1116 1663; x_wconf 73' lang='grc' dir='ltr'><strong><em>φεύγειν</em></strong></span> <span class='ocrx_word' id='word_1_119' title='bbox 1142 1608 1382 1658; x_wconf 73' lang='grc' dir='ltr'><strong><em>δυναμένους</em></strong></span> <span class='ocrx_word' id='word_1_120' title='bbox 1411 1607 1479 1660; x_wconf 91' lang='lat' dir='ltr'><strong>(de</strong></span> <span class='ocrx_word' id='word_1_121' title='bbox 1505 1606 1596 1650; x_wconf 86' lang='lat' dir='ltr'><strong>soll.</strong></span> <span class='ocrx_word' id='word_1_122' title='bbox 1625 1619 1691 1650; x_wconf 81' lang='lat' dir='ltr'><strong>au.</strong></span> <span class='ocrx_word' id='word_1_123' title='bbox 1718 1620 1759 1663; x_wconf 86' lang='lat' dir='ltr'><strong>p.</strong></span> <span class='ocrx_word' id='word_1_124' title='bbox 1784 1603 1934 1658; x_wconf 73' lang='grc'>9710)</span> 
     </span>
     <span class='ocr_line' id='line_1_18' title="bbox 357 1677 1930 1737; baseline -0.003 -12"><span class='ocrx_word' id='word_1_125' title='bbox 357 1682 464 1725; x_wconf 88' lang='lat' dir='ltr'><strong>hanc</strong></span> <span class='ocrx_word' id='word_1_126' title='bbox 505 1682 698 1724; x_wconf 88' lang='lat' dir='ltr'><strong>fraudem</strong></span> <span class='ocrx_word' id='word_1_127' title='bbox 740 1681 910 1733; x_wconf 83' lang='lat' dir='ltr'><strong>docent3</strong></span> <span class='ocrx_word' id='word_1_128' title='bbox 954 1684 1017 1724; x_wconf 83' lang='lat' dir='ltr'><strong>est</strong></span> <span class='ocrx_word' id='word_1_129' title='bbox 1049 1694 1150 1737; x_wconf 86' lang='lat' dir='ltr'><strong>ergo</strong></span> <span class='ocrx_word' id='word_1_130' title='bbox 1193 1681 1232 1722; x_wconf 80' lang='grc' dir='ltr'><strong><em>ἐν</em></strong></span> <span class='ocrx_word' id='word_1_131' title='bbox 1275 1681 1328 1733; x_wconf 83' lang='grc' dir='ltr'><strong>τῷ</strong></span> <span class='ocrx_word' id='word_1_132' title='bbox 1373 1678 1622 1733; x_wconf 73' lang='grc' dir='ltr'><strong><em>προφεύγειν</em></strong></span> <span class='ocrx_word' id='word_1_133' title='bbox 1661 1677 1783 1721; x_wconf 60' lang='grc' dir='ltr'><strong><em>ἕπε’·</em></strong></span> <span class='ocrx_word' id='word_1_134' title='bbox 1801 1690 1930 1730; x_wconf 85' lang='lat' dir='ltr'><strong>„cum</strong></span> 
     </span>
     <span class='ocr_line' id='line_1_19' title="bbox 355 1752 879 1809; baseline 0.002 -15"><span class='ocrx_word' id='word_1_135' title='bbox 355 1754 459 1809; x_wconf 86' lang='lat' dir='ltr'><strong>ipsis</strong></span> <span class='ocrx_word' id='word_1_136' title='bbox 490 1752 742 1809; x_wconf 84' lang='lat' dir='ltr'><strong>fugiendum</strong></span> <span class='ocrx_word' id='word_1_137' title='bbox 772 1752 879 1795; x_wconf 87' lang='lat' dir='ltr'><strong>est&#39;’.</strong></span> 
     </span>
    </p>
   </div>
   <div class='ocr_carea' id='block_1_5' title="bbox 949 2106 1344 2140">
    <p class='ocr_par' dir='ltr' id='par_1_6' title="bbox 949 2106 1344 2140">
     <span class='ocr_line' id='line_1_20' title="bbox 949 2106 1344 2140; baseline -0.008 -1"><span class='ocrx_word' id='word_1_138' title='bbox 949 2108 1004 2139; x_wconf 76' lang='lat' dir='ltr'><strong>DE</strong></span> <span class='ocrx_word' id='word_1_139' title='bbox 1035 2107 1113 2140; x_wconf 74' lang='grc' dir='ltr'><strong>ΕΒΗ</strong></span> <span class='ocrx_word' id='word_1_140' title='bbox 1142 2106 1344 2138; x_wconf 78' lang='grc' dir='ltr'><strong>ΟΑΒΝῙΠΜ.</strong></span> 
     </span>
    </p>
   </div>
   <div class='ocr_carea' id='block_1_6' title="bbox 357 2234 1932 3070">
    <p class='ocr_par' dir='ltr' id='par_1_7' title="bbox 357 2234 1932 3070">
     <span class='ocr_line' id='line_1_21' title="bbox 416 2234 1932 2294; baseline -0.001 -14"><span class='ocrx_word' id='word_1_141' title='bbox 416 2237 610 2281; x_wconf 88' lang='lat' dir='ltr'><strong>Medium</strong></span> <span class='ocrx_word' id='word_1_142' title='bbox 655 2236 963 2294; x_wconf 90' lang='lat' dir='ltr'><strong>quodammodo</strong></span> <span class='ocrx_word' id='word_1_143' title='bbox 1006 2237 1083 2279; x_wconf 88' lang='lat' dir='ltr'><strong>hae</strong></span> <span class='ocrx_word' id='word_1_144' title='bbox 1127 2235 1414 2279; x_wconf 83' lang='lat' dir='ltr'><strong>oratiunculae</strong></span> <span class='ocrx_word' id='word_1_145' title='bbox 1454 2234 1596 2278; x_wconf 90' lang='lat' dir='ltr'><strong>locum</strong></span> <span class='ocrx_word' id='word_1_146' title='bbox 1640 2238 1783 2278; x_wconf 83' lang='lat' dir='ltr'><strong>tenent</strong></span> <span class='ocrx_word' id='word_1_147' title='bbox 1821 2236 1932 2279; x_wconf 83' lang='lat' dir='ltr'><strong>inter</strong></span> 
     </span>
     <span class='ocr_line' id='line_1_22' title="bbox 361 2305 1930 2365; baseline -0.002 -14"><span class='ocrx_word' id='word_1_148' title='bbox 361 2309 695 2365; x_wconf 83' lang='lat' dir='ltr'><strong>„sophisticum”</strong></span> <span class='ocrx_word' id='word_1_149' title='bbox 746 2312 788 2351; x_wconf 76' lang='lat' dir='ltr'><strong>et</strong></span> <span class='ocrx_word' id='word_1_150' title='bbox 836 2307 1237 2364; x_wconf 77' lang='lat' dir='ltr'><strong>„philosophicum”</strong></span> <span class='ocrx_word' id='word_1_151' title='bbox 1283 2320 1432 2364; x_wconf 82' lang='lat' dir='ltr'><strong>genus,</strong></span> <span class='ocrx_word' id='word_1_152' title='bbox 1482 2306 1552 2349; x_wconf 84' lang='lat' dir='ltr'><strong>sed</strong></span> <span class='ocrx_word' id='word_1_153' title='bbox 1597 2307 1737 2349; x_wconf 84' lang='lat' dir='ltr'><strong>neutri</strong></span> <span class='ocrx_word' id='word_1_154' title='bbox 1775 2305 1930 2349; x_wconf 74' lang='lat' dir='ltr'><strong>horum</strong></span> 
     </span>
     <span class='ocr_line' id='line_1_23' title="bbox 357 2376 1930 2436; baseline -0.001 -14"><span class='ocrx_word' id='word_1_155' title='bbox 357 2379 589 2436; x_wconf 86' lang='lat' dir='ltr'><strong>quidquam</strong></span> <span class='ocrx_word' id='word_1_156' title='bbox 616 2379 776 2422; x_wconf 88' lang='lat' dir='ltr'><strong>addunt</strong></span> <span class='ocrx_word' id='word_1_157' title='bbox 802 2379 974 2422; x_wconf 85' lang='lat' dir='ltr'><strong>decoris.</strong></span> <span class='ocrx_word' id='word_1_158' title='bbox 1004 2379 1099 2422; x_wconf 92' lang='lat' dir='ltr'><strong>Non</strong></span> <span class='ocrx_word' id='word_1_159' title='bbox 1125 2382 1266 2421; x_wconf 82' lang='lat' dir='ltr'><strong>tamen</strong></span> <span class='ocrx_word' id='word_1_160' title='bbox 1296 2378 1441 2421; x_wconf 89' lang='lat' dir='ltr'><strong>dubito</strong></span> <span class='ocrx_word' id='word_1_161' title='bbox 1465 2379 1570 2434; x_wconf 90' lang='lat' dir='ltr'><strong>quin</strong></span> <span class='ocrx_word' id='word_1_162' title='bbox 1589 2378 1675 2420; x_wconf 86' lang='lat' dir='ltr'><strong>sint</strong></span> <span class='ocrx_word' id='word_1_163' title='bbox 1690 2376 1930 2420; x_wconf 73' lang='lat' dir='ltr'><strong>Plutarchi:</strong></span> 
     </span>
     <span class='ocr_line' id='line_1_24' title="bbox 357 2448 1930 2507; baseline -0.001 -15"><span class='ocrx_word' id='word_1_164' title='bbox 357 2454 569 2493; x_wconf 82' lang='lat' dir='ltr'><strong>auctorem</strong></span> <span class='ocrx_word' id='word_1_165' title='bbox 596 2452 682 2493; x_wconf 88' lang='lat' dir='ltr'><strong>iam</strong></span> <span class='ocrx_word' id='word_1_166' title='bbox 710 2452 792 2493; x_wconf 87' lang='lat' dir='ltr'><strong>tria</strong></span> <span class='ocrx_word' id='word_1_167' title='bbox 817 2449 892 2493; x_wconf 87' lang='lat' dir='ltr'><strong>illa</strong></span> <span class='ocrx_word' id='word_1_168' title='bbox 918 2450 1104 2507; x_wconf 88' lang='lat' dir='ltr'><strong>produnt</strong></span> <span class='ocrx_word' id='word_1_169' title='bbox 1126 2450 1252 2492; x_wconf 87' lang='lat' dir='ltr'><strong>verba</strong></span> <span class='ocrx_word' id='word_1_170' title='bbox 1279 2448 1383 2502; x_wconf 87' lang='lat'>(995</span> <span class='ocrx_word' id='word_1_171' title='bbox 1396 2448 1449 2501; x_wconf 77' lang='lat' dir='ltr'><strong>E)</strong></span> <span class='ocrx_word' id='word_1_172' title='bbox 1475 2448 1566 2496; x_wconf 79' lang='grc' dir='ltr'><strong><em>τοὺς</em></strong></span> <span class='ocrx_word' id='word_1_173' title='bbox 1595 2448 1786 2496; x_wconf 82' lang='grc' dir='ltr'><strong><em>Βοιωτοὺς</em></strong></span> <span class='ocrx_word' id='word_1_174' title='bbox 1805 2448 1930 2500; x_wconf 71' lang='grc' dir='ltr'><strong><em>ἡμᾶς,</em></strong></span> 
     </span>
     <span class='ocr_line' id='line_1_25' title="bbox 357 2518 1930 2578; baseline -0.001 -14"><span class='ocrx_word' id='word_1_175' title='bbox 357 2521 428 2564; x_wconf 90' lang='lat' dir='ltr'><strong>sed</strong></span> <span class='ocrx_word' id='word_1_176' title='bbox 465 2520 602 2564; x_wconf 89' lang='lat' dir='ltr'><strong>multo</strong></span> <span class='ocrx_word' id='word_1_177' title='bbox 633 2520 707 2564; x_wconf 88' lang='lat' dir='ltr'><strong>ille</strong></span> <span class='ocrx_word' id='word_1_178' title='bbox 739 2521 788 2564; x_wconf 78' lang='lat' dir='ltr'><strong>fit</strong></span> <span class='ocrx_word' id='word_1_179' title='bbox 819 2521 1082 2564; x_wconf 80' lang='lat' dir='ltr'><strong>manifestior</strong></span> <span class='ocrx_word' id='word_1_180' title='bbox 1112 2519 1308 2578; x_wconf 85' lang='lat' dir='ltr'><strong>longiore</strong></span> <span class='ocrx_word' id='word_1_181' title='bbox 1337 2518 1430 2562; x_wconf 90' lang='lat' dir='ltr'><strong>loco</strong></span> <span class='ocrx_word' id='word_1_182' title='bbox 1461 2519 1540 2562; x_wconf 84' lang='lat' dir='ltr'><strong>sub</strong></span> <span class='ocrx_word' id='word_1_183' title='bbox 1571 2518 1698 2562; x_wconf 88' lang='lat' dir='ltr'><strong>finem</strong></span> <span class='ocrx_word' id='word_1_184' title='bbox 1728 2519 1930 2563; x_wconf 84' lang='lat' dir='ltr'><strong>orationis</strong></span> 
     </span>
     <span class='ocr_line' id='line_1_26' title="bbox 357 2588 1929 2648; baseline -0.001 -14"><span class='ocrx_word' id='word_1_185' title='bbox 357 2592 560 2635; x_wconf 87' lang='lat' dir='ltr'><strong>secundae</strong></span> <span class='ocrx_word' id='word_1_186' title='bbox 590 2591 740 2644; x_wconf 83' lang='lat' dir='ltr'>(998F</span> <span class='ocrx_word' id='word_1_187' title='bbox 773 2605 906 2648; x_wconf 86' lang='lat' dir='ltr'><strong>usque</strong></span> <span class='ocrx_word' id='word_1_188' title='bbox 939 2591 991 2634; x_wconf 90' lang='lat' dir='ltr'><strong>ad</strong></span> <span class='ocrx_word' id='word_1_189' title='bbox 1021 2590 1302 2642; x_wconf 70' lang='grc' dir='ltr'><strong><em>ἐξελαύνοντες</em></strong></span> <span class='ocrx_word' id='word_1_190' title='bbox 1338 2589 1424 2632; x_wconf 87' lang='grc'><strong>999</strong></span> <span class='ocrx_word' id='word_1_191' title='bbox 1437 2589 1502 2644; x_wconf 89' lang='grc' dir='ltr'><strong>Β),</strong></span> <span class='ocrx_word' id='word_1_192' title='bbox 1531 2590 1605 2632; x_wconf 88' lang='lat' dir='ltr'><strong>ubi</strong></span> <span class='ocrx_word' id='word_1_193' title='bbox 1636 2591 1826 2646; x_wconf 85' lang='lat' dir='ltr'><strong>primum</strong></span> <span class='ocrx_word' id='word_1_194' title='bbox 1851 2588 1929 2632; x_wconf 87' lang='lat' dir='ltr'><strong>cle·</strong></span> 
     </span>
     <span class='ocr_line' id='line_1_27' title="bbox 358 2659 1930 2719; baseline -0.001 -14"><span class='ocrx_word' id='word_1_195' title='bbox 358 2664 512 2705; x_wconf 87' lang='lat' dir='ltr'><strong>mentis</strong></span> <span class='ocrx_word' id='word_1_196' title='bbox 557 2662 675 2705; x_wconf 83' lang='lat' dir='ltr'><strong>illius</strong></span> <span class='ocrx_word' id='word_1_197' title='bbox 723 2664 923 2719; x_wconf 85' lang='lat' dir='ltr'><strong>mitisque</strong></span> <span class='ocrx_word' id='word_1_198' title='bbox 964 2661 1219 2705; x_wconf 87' lang='lat' dir='ltr'><strong>animalium</strong></span> <span class='ocrx_word' id='word_1_199' title='bbox 1263 2662 1389 2704; x_wconf 84' lang='lat' dir='ltr'><strong>amici</strong></span> <span class='ocrx_word' id='word_1_200' title='bbox 1431 2663 1474 2703; x_wconf 84' lang='lat' dir='ltr'><strong>et</strong></span> <span class='ocrx_word' id='word_1_201' title='bbox 1515 2660 1694 2703; x_wconf 76' lang='lat' dir='ltr'><strong>fautoris</strong></span> <span class='ocrx_word' id='word_1_202' title='bbox 1732 2659 1930 2704; x_wconf 79' lang='lat' dir='ltr'><strong>audimus</strong></span> 
     </span>
     <span class='ocr_line' id='line_1_28' title="bbox 360 2730 1932 2789; baseline -0.001 -14"><span class='ocrx_word' id='word_1_203' title='bbox 360 2746 517 2784; x_wconf 86' lang='lat' dir='ltr'><strong>vocem,</strong></span> <span class='ocrx_word' id='word_1_204' title='bbox 551 2733 699 2776; x_wconf 88' lang='lat' dir='ltr'><strong>deinde</strong></span> <span class='ocrx_word' id='word_1_205' title='bbox 730 2732 858 2789; x_wconf 86' lang='lat' dir='ltr'><strong>paulo</strong></span> <span class='ocrx_word' id='word_1_206' title='bbox 889 2735 1094 2776; x_wconf 86' lang='lat' dir='ltr'><strong>acriorem</strong></span> <span class='ocrx_word' id='word_1_207' title='bbox 1124 2732 1252 2775; x_wconf 89' lang='lat' dir='ltr'><strong>illum</strong></span> <span class='ocrx_word' id='word_1_208' title='bbox 1283 2732 1552 2789; x_wconf 84' lang='lat' dir='ltr'><strong>agnoscimus</strong></span> <span class='ocrx_word' id='word_1_209' title='bbox 1582 2730 1823 2774; x_wconf 79' lang='lat' dir='ltr'><strong>Stoicorum</strong></span> <span class='ocrx_word' id='word_1_210' title='bbox 1852 2731 1932 2773; x_wconf 90' lang='lat' dir='ltr'><strong>ini-</strong></span> 
     </span>
     <span class='ocr_line' id='line_1_29' title="bbox 357 2801 1930 2860; baseline -0.001 -15"><span class='ocrx_word' id='word_1_211' title='bbox 357 2805 516 2846; x_wconf 90' lang='lat' dir='ltr'><strong>micum</strong></span> <span class='ocrx_word' id='word_1_212' title='bbox 548 2805 607 2846; x_wconf 87' lang='lat' dir='ltr'><strong>sic</strong></span> <span class='ocrx_word' id='word_1_213' title='bbox 638 2803 968 2846; x_wconf 84' lang='lat' dir='ltr'><strong>declamantem:</strong></span> <span class='ocrx_word' id='word_1_214' title='bbox 1006 2817 1140 2860; x_wconf 84' lang='lat' dir='ltr'><strong>„quae</strong></span> <span class='ocrx_word' id='word_1_215' title='bbox 1172 2806 1235 2845; x_wconf 81' lang='lat' dir='ltr'><strong>est</strong></span> <span class='ocrx_word' id='word_1_216' title='bbox 1265 2803 1347 2844; x_wconf 84' lang='lat' dir='ltr'><strong>ista</strong></span> <span class='ocrx_word' id='word_1_217' title='bbox 1371 2802 1481 2844; x_wconf 85' lang='lat' dir='ltr'><strong>ratio</strong></span> <span class='ocrx_word' id='word_1_218' title='bbox 1506 2814 1651 2844; x_wconf 88' lang='lat' dir='ltr'><strong>omnes</strong></span> <span class='ocrx_word' id='word_1_219' title='bbox 1675 2801 1930 2857; x_wconf 79' lang='lat' dir='ltr'><strong>proscribere</strong></span> 
     </span>
     <span class='ocr_line' id='line_1_30' title="bbox 358 2870 1930 2930; baseline -0.001 -15"><span class='ocrx_word' id='word_1_220' title='bbox 358 2873 597 2930; x_wconf 84' lang='lat' dir='ltr'><strong>voluptates</strong></span> <span class='ocrx_word' id='word_1_221' title='bbox 639 2873 894 2930; x_wconf 84' lang='lat' dir='ltr'><strong>deliciasque</strong></span> <span class='ocrx_word' id='word_1_222' title='bbox 935 2878 976 2917; x_wconf 84' lang='lat' dir='ltr'><strong>et</strong></span> <span class='ocrx_word' id='word_1_223' title='bbox 1011 2879 1100 2916; x_wconf 88' lang='lat' dir='ltr'><strong>tam</strong></span> <span class='ocrx_word' id='word_1_224' title='bbox 1132 2874 1404 2929; x_wconf 83' lang='lat' dir='ltr'><strong>pertinaciter</strong></span> <span class='ocrx_word' id='word_1_225' title='bbox 1436 2873 1508 2920; x_wconf 67' lang='grc' dir='ltr'><strong><em>τὴν</em></strong></span> <span class='ocrx_word' id='word_1_226' title='bbox 1539 2870 1832 2924; x_wconf 52' lang='grc' dir='ltr'><strong><em>σαρκοφαγῶν</em></strong></span> <span class='ocrx_word' id='word_1_227' title='bbox 1859 2871 1930 2913; x_wconf 85' lang='lat' dir='ltr'><strong>de-</strong></span> 
     </span>
     <span class='ocr_line' id='line_1_31' title="bbox 357 2941 1929 2994; baseline -0.001 -10"><span class='ocrx_word' id='word_1_228' title='bbox 357 2942 549 2986; x_wconf 82' lang='lat' dir='ltr'><strong>fendere?</strong></span> <span class='ocrx_word' id='word_1_229' title='bbox 591 2944 649 2986; x_wconf 87' lang='lat' dir='ltr'><strong>At</strong></span> <span class='ocrx_word' id='word_1_230' title='bbox 690 2946 804 2987; x_wconf 89' lang='lat' dir='ltr'><strong>enim</strong></span> <span class='ocrx_word' id='word_1_231' title='bbox 845 2943 907 2986; x_wconf 88' lang='lat' dir='ltr'><strong>nil</strong></span> <span class='ocrx_word' id='word_1_232' title='bbox 947 2944 1066 2986; x_wconf 81' lang='lat' dir='ltr'><strong>nobis</strong></span> <span class='ocrx_word' id='word_1_233' title='bbox 1106 2957 1330 2987; x_wconf 88' lang='lat' dir='ltr'><strong>commune</strong></span> <span class='ocrx_word' id='word_1_234' title='bbox 1373 2956 1473 2985; x_wconf 87' lang='lat' dir='ltr'><strong>cum</strong></span> <span class='ocrx_word' id='word_1_235' title='bbox 1512 2941 1782 2988; x_wconf 75' lang='lat' dir='ltr'><strong>animalibus,</strong></span> <span class='ocrx_word' id='word_1_236' title='bbox 1820 2941 1929 2994; x_wconf 80' lang='lat' dir='ltr'><strong>Quid</strong></span> 
     </span>
     <span class='ocr_line' id='line_1_32' title="bbox 357 3010 1929 3070; baseline -0.001 -15"><span class='ocrx_word' id='word_1_237' title='bbox 357 3027 457 3069; x_wconf 83' lang='lat' dir='ltr'><strong>ergo</strong></span> <span class='ocrx_word' id='word_1_238' title='bbox 499 3028 723 3056; x_wconf 87' lang='lat' dir='ltr'><strong>commune</strong></span> <span class='ocrx_word' id='word_1_239' title='bbox 765 3029 863 3056; x_wconf 91' lang='lat' dir='ltr'><strong>cum</strong></span> <span class='ocrx_word' id='word_1_240' title='bbox 906 3016 1136 3070; x_wconf 85' lang='lat' dir='ltr'><strong>unguent-is</strong></span> <span class='ocrx_word' id='word_1_241' title='bbox 1177 3014 1539 3070; x_wconf 83' lang='lat' dir='ltr'><strong>condimentisque</strong></span> <span class='ocrx_word' id='word_1_242' title='bbox 1581 3010 1816 3056; x_wconf 71' lang='lat' dir='ltr'><strong>exoticie?’&#39;</strong></span> <span class='ocrx_word' id='word_1_243' title='bbox 1847 3011 1929 3055; x_wconf 76' lang='lat' dir='ltr'><strong>Sed</strong></span> 
     </span>
    </p>
   </div>
  </div>
 </body>
</html>
