2002 3372
1098 211 1185 253 214
1936 0 2002 257 1

1988 258 2002 294 -ἓ

410 331 547 374 454Α
589 334 620 375 οἱ
663 333 896 384 πολιορκίαν
929 330 1244 383 προσδεχόμενοι
1277 332 1499 383 συνάγουσι
1532 330 1599 373 καὶ
1634 331 1929 384 παρατίθενται
1996 342 2002 349 “

350 403 613 452 τάπιτήδεια.

410 473 660 515 Rectissime
702 486 778 528 pro
821 473 1113 524 παρατίθενται
1156 473 1418 515 ἀποτίθενται
1457 473 1648 528 reposuit
1689 471 1882 516 Naberus
1913 472 1932 514 ὁ

352 544 585 595 μακαρίτης
607 541 651 595 ¹).

415 686 546 729 454F
579 690 658 739 πῦρ
690 686 707 729 o‘
739 687 797 736 μὴ
830 688 1059 739 παρασχὼν
1089 686 1188 737 ὕλην
1210 687 1377 742 ἔσβεσε,
1405 688 1474 731 καὶ
1503 689 1623 742 ὀργῆν
1649 689 1668 732 ὃ
1695 690 1754 740 μὴ
1781 687 1931 742 θρέψας

355 758 393 799 ἐν
426 758 535 809 άρχῇ
569 757 638 800 καὶ
671 759 729 809 μὴ
763 757 1014 808 φυσήσας
1047 758 1239 819 ἑαυτὸν
1272 759 1514 812 ἐφυλάξατο
1547 760 1615 802 καὶ
1649 761 1848 803 καθεῖλεν.

416 827 519 880 Quis
547 827 615 870 hic
642 841 741 870 cum
767 829 1012 884 interprete,
1042 830 1116 885 qui
1143 843 1307 885 „neque
1334 843 1422 873 sese
1447 829 1597 873 inflat''
1614 830 1735 874 nobis
1750 829 1936 881 exhibet,

356 898 424 939 hic
471 897 521 939 de
567 911 692 940 ranae
731 901 774 939 et
815 899 936 940 bovis
978 900 1164 955 cogitare
1205 899 1300 942 vult
1341 898 1511 943 fabula?
1553 899 1790 944 Delendum
1818 899 1938 944 istud

357 968 499 1010 ἑαυτόν
540 972 627 1010 est:
670 967 867 1011 liberiore
909 970 1023 1011 enim
1065 970 1336 1027 metaphorae
1375 985 1471 1023 usu,
1510 985 1638 1028 quem
1669 972 1796 1015 toties
1826 970 1940 1028 apud

356 1037 538 1082 Graecos
578 1038 835 1095 Latinosque
874 1033 1228 1095 deprehendimus
1269 1043 1505 1098 scriptores,
1547 1041 1598 1085 de
1626 1042 1694 1084 ira
1724 1042 1794 1085 bic
1821 1041 1938 1085 idem

356 1109 467 1165 quod
508 1109 559 1151 de
588 1110 767 1164 flamma,
811 1123 994 1165 quacum
1036 1115 1318 1166 comparatur,
1360 1111 1539 1155 dicitur:
1581 1112 1755 1155 flamma
1793 1115 1938 1156 autem

357 1184 540 1236 augetur
571 1180 798 1223 nutriendo
831 1180 1107 1236 afflandoque.

418 1314 552 1357 455ss
593 1316 665 1367 πρὸ
697 1317 903 1369 χείματος
934 1315 1029 1359 ὥστ’
1061 1317 1140 1359 aiv&
1173 1318 1340 1360 ποντίαν
1373 1316 1503 1371 ἄκραν
1535 1317 1820 1369 στελλόμενος.

416 1385 572 1428 Versus
614 1387 682 1429 hic
724 1388 891 1443 saepius
931 1402 954 1430 a
995 1387 1226 1431 Plutarcho
1270 1387 1441 1439 allatus,
1484 1389 1559 1432 ubi
1601 1403 1740 1432 sermo
1781 1392 1846 1433 est
1886 1389 1936 1432 de

356 1456 527 1498 homine
569 1456 774 1512 prudente
817 1458 891 1513 qui
932 1459 977 1499 in
1017 1462 1208 1514 tempore
1250 1463 1372 1502 cavet
1412 1473 1464 1501 ne
1495 1460 1559 1502 ira
1589 1458 1844 1511 exardescat,
1875 1461 1938 1502 ita

356 1531 420 1568 est
459 1526 746 1570 emendandus
786 1532 834 1570 ut
876 1542 975 1570 cum
1019 1532 1148 1571 nauta
1180 1532 1449 1585 comparetur
1478 1528 1553 1573 ille
1584 1533 1682 1574 ante
1711 1529 1939 1587 procellam

356 1596 452 1640 vela
485 1596 726 1654 colligente.

416 1741 550 1784 455E
594 1743 672 1793 ἐγὼ
705 1746 816 1794 γοῦν,
849 1744 882 1786 εἲ
915 1744 989 1793 μὲν
1022 1744 1135 1797 ὀρθῶς
1170 1746 1239 1787 οὐκ
1271 1742 1374 1796 οἴδα,
1401 1746 1557 1796 ταύτην
1584 1746 1625 1789 δὲ
1652 1751 1724 1795 τῆς
1752 1747 1932 1799 ἰατρείας

356 1813 488 1866 ἀρχὴν
532 1814 816 1866 ποιησάμενος,
859 1813 990 1866 ὥσπερ
1024 1816 1057 1857 οἱ
1090 1815 1402 1866 Λακεδαιμόνιοι
1435 1817 1474 1858 ἐν
1505 1822 1588 1863 τοῖς
1621 1814 1756 1860 εἵλωσι
1787 1817 1833 1859 τὸ
1866 1833 1938 1867 με·

356 1883 458 1925 θύειν
490 1882 564 1925 οἱόν
598 1885 697 1935 ἐστι,
732 1886 1038 1934 κατεμάνθανον
1069 1887 1141 1935 τὴν
1172 1887 1292 1938 ὀργὴν
1326 1888 1365 1928 ἐν
1396 1886 1553 1938 ἑτέροις.
1592 1884 1593 1887 “

415 1953 518 1996 Dele
559 1956 849 2011 importunam
890 1955 1119 2013 virgulam,
1150 1960 1246 2013 post
1287 1955 1376 1999 οἶδα
1409 1961 1452 2000 et
1484 1971 1615 2014 aeque
1644 1959 1935 2014 importunam

354 2024 607 2080 particulam
651 2026 692 2068 δέ
732 2029 828 2082 post
860 2027 1030 2075 ταύτην.
1063 2027 1179 2070 Haec
1212 2029 1327 2070 enim
1359 2031 1423 2070 est
1454 2029 1686 2071 sententia:
1721 2029 1836 2079 „irae
1866 2042 1937 2071 na-

353 2101 495 2138 turam
542 2110 620 2152 ego
665 2098 710 2139 in
753 2096 861 2148 aliis,
903 2101 953 2139 ut
994 2097 1318 2141 Lacedaemonii
1358 2100 1403 2140 in
1445 2100 1592 2150 servis,
1633 2099 1933 2142 observabam:

354 2169 501 2208 utrum
533 2170 644 2209 recte
676 2167 754 2209 hoc
785 2168 871 2210 mei
902 2167 1076 2210 sanandi
1108 2169 1279 2211 fecerim
1310 2169 1486 2211 initium
1518 2182 1648 2212 necne
1678 2168 1864 2212 nescio''.

413 2311 548 2354 456ss
579 2313 647 2354 καὶ
681 2313 764 2366 γὰρ
798 2314 865 2356 καὶ
900 2315 972 2362 τὴν
1004 2316 1177 2363 Ἀθηνᾶν
1204 2313 1392 2364 λέγουσιν
1418 2315 1452 2357 οἱ
1481 2313 1695 2368 παίζοντες
1721 2315 1932 2358 αὐλοῦσαν

353 2381 427 2424 ὑπὸ
461 2385 531 2424 τοῦ
564 2382 738 2435 σατύρου
770 2385 1035 2426 νουθετεῖσθαι
1070 2386 1137 2426 καὶ
1170 2386 1227 2435 μὴ
1261 2385 1476 2438 προσέχειν

350 2457 586 2509 sequuntur
611 2454 812 2497 versiculi
840 2455 995 2511 quibus
1021 2455 1202 2512 Satyrus
1227 2454 1302 2498 ille
1329 2469 1431 2498 usus
1456 2459 1534 2498 est.
1564 2455 1678 2507 „At”
1705 2444 1764 2499 sic
1787 2460 1931 2500 noster

350 2525 490 2580 pergit
524 2524 658 2574 „facie
691 2538 767 2567 sua
797 2526 843 2567 in
876 2526 1007 2569 fluvio
1037 2530 1257 2582 conspecta
1287 2526 1453 2569 fistulas
1485 2525 1682 2570 abiecit’'.

409 2593 454 2635 Si
479 2593 651 2637 editoris
677 2597 994 2639 annotationem
1021 2597 1125 2639 bene
1151 2595 1361 2653 intelligo,
1389 2596 1588 2639 Reiskius
1614 2610 1689 2653 pro
1715 2596 1929 2651 παίζοντες

348 2665 528 2706 coniecit
573 2668 754 2712 ποιηταί.
803 2665 949 2709 Certe·
972 2666 1081 2709 nihil
1127 2672 1191 2710 est
1237 2665 1464 2718 παίζοντες,
1506 2666 1579 2710 sed
1619 2681 1754 2723 neque
1785 2671 1929 2722 poetae

347 2733 476 2776 huius
522 2748 609 2777 esse
656 2734 737 2778 loci
783 2736 996 2779 videntur.
1043 2736 1254 2793 Equidem
1299 2740 1437 2780 totum
1479 2737 1596 2779 istud
1638 2737 1671 2779 οἱ
1713 2736 1925 2789 παίζοντες

347 2808 566 2860 tamquam
597 2805 751 2848 inutile
780 2808 1211 2863 interpretamentum
1230 2808 1485 2850 abiecerim.

393 2964 427 3006 l)
451 2964 564 2995 Tribus
588 2965 662 2996 baec
684 2967 753 3006 post
777 2965 844 2996 eius
867 2966 1027 3008 exsequias
1049 2966 1220 2998 scribebam
1245 2967 1364 2999 diebus.
