2002 3372
1092 232 1176 275 118

403 353 543 398 176A
590 354 757 410 Hospes
799 353 972 410 quidam
1014 353 1221 411 Dionysio
1264 352 1546 410 pollicebatur
1587 365 1631 395 se
1672 352 1712 395 ei
1750 349 1925 395 insidias

341 425 543 481 quasdam
570 428 830 481 aperturum.
865 423 947 468 Cui
973 439 1072 467 cum
1098 439 1245 468 aurem
1272 438 1346 467 rex
1373 423 1648 480 praebuisset,
1679 421 1760 474 „da
1784 420 1922 466 mihi”
1958 464 1962 468 f
2000 418 2002 423 ¹

340 497 482 551 inquit
516 495 753 547 „talentum
785 499 835 537 ut
867 494 1048 538 videaris
1084 497 1226 538 omnia
1263 496 1351 537 iam
1387 492 1684 550 cognovisse”.
1722 491 1780 536 Et
1810 491 1927 536 dedit

342 579 417 608 rex
455 567 788 617 προσποιούμενος
833 565 1046 615 ἀκηκοέναι
1090 566 1157 608 καὶ
1203 564 1426 618 θαυμάζειν
1459 565 1531 612 τὴν
1562 562 1733 615 μέθοδον
1755 565 1827 607 τοῦ
1859 565 1930 607 oe’v-

347 637 510 689 θρώπου.

405 707 514 759 Non,
563 711 612 749 ut
654 708 815 764 opinor,
858 706 1059 750 admirari
1101 721 1143 750 se
1185 705 1415 749 simulabat
1457 706 1565 748 hanc
1608 705 1818 748 rationem
1857 703 1930 749 sed

346 792 493 821 revera
524 782 566 820 et
596 779 689 820 iure
717 777 1006 820 admirabatur
1015 792 1026 830 3
1055 781 1143 821 erat
1169 779 1282 820 enim
1310 777 1652 834 prudentissima.
1685 774 1800 834 Lege
1827 789 1930 832 erg-0

351 846 567 900 θαυμάζων
599 862 674 904 pro
707 847 945 901 θαυμάζειν.

411 972 497 1017 176
515 973 551 1016 Ε
599 972 868 1030 Agathocles,
902 973 1035 1030 *figuli
1066 973 1193 1024 filium
1228 987 1373 1016 rerum
1405 974 1567 1030 potitus
1599 972 1760 1017 solebat
1791 971 1834 1016 et
1864 971 1935 1016 fic-

351 1043 444 1086 tilia
475 1047 517 1086 et
549 1058 676 1086 aurea
708 1058 806 1086 vasa
837 1046 990 1100 apponi
1021 1044 1166 1087 iubere
1199 1047 1242 1086 et
1275 1044 1377 1087 haec
1410 1043 1510 1086 filiis
1542 1043 1703 1087 diceret

417 1118 618 1166 „ramora
661 1119 778 1157 ποιῶν
821 1117 1005 1168 πρότερον
1050 1118 1117 1157 νῦν
1149 1117 1323 1157 τοιαῦτα
1357 1120 1464 1157 ποιεῖ
1492 1115 1558 1157 διά
1591 1115 1663 1163 τὴν
1697 1112 1936 1164 ἐπιμέλειαν

355 1186 422 1227 καὶ
457 1187 527 1234 τὴν
560 1185 788 1238 ἀνδρείαν”.
1456 1203 1508 1229 ππ

414 1255 548 1298 Seusu
590 1271 704 1299 cassa
745 1257 859 1300 haec.
903 1256 1060 1313 Lepide
1093 1256 1255 1299 dictum
1288 1257 1485 1300 restitues
1517 1271 1593 1314 pro
1627 1260 1735 1299 ποιεῖ
1760 1255 1939 1313 legendo

358 1330 564 1387 ποιοῦμαι.
601 1327 721 1383 „Ipse
754 1327 856 1370 olim
889 1330 995 1371 meis
1029 1328 1225 1370 manibus
1257 1327 1461 1371 faciebam
1489 1327 1647 1380 fictilia,
1675 1341 1786 1370 nunc
1812 1340 1938 1370 aurea

355 1397 459 1440 alios
490 1398 599 1441 mihi
630 1399 765 1441 facere
796 1398 966 1442 iubeo”.

421 1521 502 1564 181
523 1522 560 1564 D
607 1522 717 1566 Cum
760 1523 934 1579 quidam
968 1523 1197 1567 Alexandri
1227 1538 1293 1567 res
1325 1527 1467 1581 gestas
1498 1526 1712 1581 praestare
1741 1522 1941 1567 Herculis

357 1593 556 1648 operibus
588 1593 776 1646 dixisset,
813 1593 889 1637 ille
923 1595 1052 1645 »ἀλλ’
1084 1594 1193 1646 ἐγώ”
1228 1592 1318 1637 εἶπε
1353 1596 1458 1646 ,μὰς
1491 1595 1598 1644 ἐμὰς
1629 1594 1940 1648 πράξειςζμετδι

358 1667 430 1709 τῆς
475 1664 696 1713 ἡγεμονίας
740 1664 823 1711 ἑνὸς
864 1666 907 1707 οὖ
951 1663 1093 1717 νομίζω
1136 1666 1314 1717 ῥήματος
1349 1664 1550 1715 ἀνταξίας
1581 1663 1681 1708 εἶναι
1714 1668 1938 1718 roudwa-

359 1733 544 1781 κλέους”.

416 1804 599 1847 Ver-tunt
630 1804 808 1848 ultima:
855 1820 934 1856 „ne
966 1808 1041 1848 uni
1075 1806 1246 1862 quidem
1279 1807 1392 1850 dicto
1426 1807 1625 1850 Herculis
1657 1806 1848 1864 aequalia
1878 1820 1942 1850 ar-

357 1875 532 1917 bitror”.
565 1875 611 1918 Si
642 1889 768 1918 sanus
796 1876 928 1928 locus,
955 1877 1058 1920 haec
1084 1892 1173 1920 esse
1202 1878 1324 1921 debet
1350 1880 1580 1921 sententia:
1611 1880 1780 1936 „ipsum
1807 1892 1944 1921 nomen

358 1945 556 1988 Herculis
586 1947 776 2002 ineptam
805 1951 990 1990 vestram
1022 1948 1212 1991 confutat
1242 1948 1573 1993 adulationem'-’.

422 2067 506 2110 182
524 2067 560 2110 E
602 2068 843 2125 Antigonus
874 2083 974 2112 cum
999 2068 1278 2114 Anaximenis
1304 2071 1485 2114 rhetoris
1510 2071 1768 2128 discipulum
1793 2073 1944 2116 oratio-

358 2152 457 2180 nem
499 2138 727 2181 habentem
761 2139 939 2190 audiret,
974 2154 1104 2196 quam
1137 2142 1241 2184 bene-
1271 2141 1345 2185 ille
1377 2142 1610 2186 meditatus
1642 2147 1745 2195 erat,
1778 2141 1941 2199 aliquid

359 2222 458 2250 eum
490 2210 674 2264 rogavit.
707 2209 797 2262 Quo
830 2214 992 2253 tacente
1028 2213 1097 2262 „ri
1128 2211 1296 2262 λέγεις”
1330 2209 1456 2265 εἶπεν,
1493 2215 1515 2263 ἢ

421 2281 571 2329 ,,ταῦτ’
605 2280 691 2322 ἐστὶ
723 2282 800 2321 τάν
832 2280 1030 2323 δέλτοισιν
1063 2282 1397 2333 ἐγγεγραμμένα
1410 2283 1451 2334 ;”

419 2349 595 2392 Nullam
638 2350 736 2393 hinc
778 2351 962 2394 extundo
1005 2354 1274 2396 sententiam.
1318 2352 1531 2409 Suspicor,
1562 2367 1692 2398 versu
1721 2353 1941 2411 Euripidis

359 2418 511 2462 leviter
538 2424 718 2471 mutato,
750 2423 809 2463 sic
841 2421 943 2464 olim
976 2423 1184 2478 scriptum
1215 2424 1368 2467 fuisse:
1405 2425 1476 2475 ηϊί
1507 2423 1676 2475 λέγεις”
1709 2421 1822 2467 εἶπεν
1857 2426 1938 2475 ,,οὖ

421 2492 543 2532 ταῦτ’
578 2490 685 2532 ἐστὶν
719 2492 756 2532 ἐν
788 2491 986 2534 δέλτοισιν
1017 2493 1375 2547 ἐγγεγραμμένα;

419 2560 511 2603 Hoc
542 2574 686 2604 sensu:
724 2562 858 2612 „heus
890 2566 951 2614 tu,
985 2563 1135 2619 ecquid
1166 2564 1209 2606 id
1242 2564 1355 2620 quod
1387 2579 1467 2621 ego
1500 2569 1541 2607 te
1573 2578 1676 2622 rogo
1708 2579 1790 2608 non
1815 2564 1944 2608 habes

358 2632 402 2672 in
447 2630 592 2674 libello
639 2646 766 2687 quem
813 2637 903 2675 tam
944 2633 1176 2690 diligenter
1215 2635 1425 2678 edidicisti
1436 2633 1482 2678 ?'’
1529 2634 1592 2678 De
1634 2635 1676 2677 τί
1717 2634 1855 2686 λέγεις
1899 2649 1941 2680 v.

359 2702 584 2745 Avondzon
617 2702 682 2756 (2⁸²
713 2703 797 2757 ed.)
827 2718 870 2748 v.
902 2704 922 2746 I
955 2704 1057 2747 269.

422 2823 560 2865 1841)
603 2825 817 2876 ’Λντίοχος
849 2825 866 2867 ὂ
900 2826 1159 2877 στρατεύσας
1192 2826 1372 2878 δεύτερον
1404 2826 1470 2869 ἐπὶ
1503 2826 1680 2878 Πάρθους
1715 2827 1801 2869 κτὲ.

421 2893 680 2945 Quantocius
706 2908 857 2951 repone
884 2896 1095 2948 Ἀντίοχος
1126 2896 1143 2938 ὃ
1173 2895 1349 2950 δεύτερος
1379 2897 1637 2947 στρατεύσας
1665 2897 1696 2940 ἒ.
1715 2903 1766 2940 Π.
1798 2896 1941 2940 Etiam

361 2964 407 3008 in
440 2964 785 3022 praecedentibus
817 2967 973 3009 citatur
1006 2966 1214 3019 Ἀντίοχος
1244 2968 1261 3010 ὁ
1289 2971 1455 3020 πρῶτος,
1482 2967 1500 3010 ὂ
1528 2967 1719 3020 δεύτερος,
1747 2967 1765 3009 o‘
1794 2962 1940 3020 τρίτος.
