2002 3372
1062 225 1150 268 290

316 365 437 392 mum
468 350 545 391 hoc
578 348 772 390 habebis:
805 347 998 389 aconitus
1028 360 1126 389 eum
1160 348 1234 403 qui
1259 348 1348 390 vim
1377 349 1468 389 eius
1493 346 1581 388 vult
1606 347 1787 403 experiri
1813 347 1897 399 (τὸν

316 419 621 471 αἰσθανόμενον)
655 417 807 461 occidit
838 418 1088 474 priusquam
1119 419 1459 473 experimentum
1490 416 1603 460 illud
1633 417 1824 474 perfecit.

378 564 510 609 5180
554 564 640 606 ἔστι
684 563 766 615 γάρ
812 565 833 612 ἡ
878 563 1257 615 πολυπραγμοσύνη
1300 563 1580 615 φιλοπευστία
1621 565 1698 604 τῶν
1728 563 1768 604 ἐν
1799 564 1898 606 ἀπο-

316 638 458 689 κρύψει
491 635 559 678 καὶ
595 633 883 676 λανθανόντων.

376 707 487 749 Mire
520 706 680 748 dictum
714 704 829 747 istud
862 708 938 746 τῶν
972 704 1008 745 ἐν
1041 703 1268 756 ἀποκρύψει
1301 718 1377 759 pro
1410 704 1487 745 τῶν
1519 702 1896 754 ἀποκρυπτομένων.

316 776 484 834 Duplex
525 790 669 819 rerum
711 789 847 831 genus
889 775 958 817 hic
995 774 1282 831 significatur:
1315 788 1386 816 eae
1417 787 1523 829 quae
1554 773 1660 816 forte
1690 772 1826 816 latent
1856 776 1899 815 et

316 862 386 890 eae
419 862 525 903 quae
558 847 607 889 de
638 846 848 888 industria
881 845 1207 888 absconduntur.

376 982 513 1024 518F
559 981 767 1024 Strenuus
809 979 994 1037 agricola
1035 981 1094 1022 sic
1138 981 1410 1036 conqueritur
1451 979 1501 1022 de
1542 980 1653 1022 servi
1695 980 1763 1022 sui
1803 992 1898 1035 gar-

316 1052 513 1095 rulitate:

738 1120 830 1163 εἶτά
862 1136 928 1170 μοι
960 1120 1155 1162 σκάπτων
1189 1121 1270 1171 ἐρεῖ

739 1193 807 1244 ἐφ’
839 1189 892 1238 οἷς
925 1190 1146 1242 γεγόνασιν
1179 1191 1220 1232 αἱ
1254 1189 1473 1236 διαλύσεις.

376 1263 533 1306 Servus
574 1262 660 1314 ille,
694 1267 743 1304 ut
775 1264 936 1318 opinor,
969 1261 1092 1304 modo
1126 1261 1177 1304 ab
1209 1261 1313 1303 urbe
1344 1260 1528 1312 advenit,
1560 1274 1643 1316 quo
1674 1274 1699 1304 a
1730 1260 1899 1304 domino

317 1336 474 1377 missus
514 1338 577 1376 est
619 1332 670 1376 ad
711 1333 941 1389 petendum
986 1331 1053 1375 vel
1084 1333 1418 1374 instrumentum
1451 1330 1521 1374 vel
1552 1330 1680 1374 aliam
1710 1345 1801 1375 rem
1831 1330 1900 1374 illi

315 1406 605 1447 necessariam.
648 1403 702 1445 Et
743 1405 842 1459 quia
882 1403 1027 1458 loquum
1064 1402 1132 1444 hic
1166 1401 1425 1457 depingitur,
1459 1416 1540 1445 non
1573 1403 1719 1445 statim
1747 1416 1900 1446 manus

317 1477 432 1531 operi
463 1475 674 1517 admovet.
710 1473 802 1515 Hoc
834 1474 869 1514 si
901 1473 1078 1523 fecisset,
1111 1471 1220 1513 nihil
1251 1472 1470 1514 habuisset
1502 1471 1612 1528 quod
1644 1471 1695 1516 de
1726 1486 1776 1516 eo
1803 1486 1899 1528 que-

316 1548 479 1587 reretur
523 1544 733 1587 dominus.
779 1542 952 1585 Accedit
993 1542 1106 1598 quod
1139 1542 1188 1584 de
1221 1541 1431 1584 eiusmodi
1461 1541 1602 1585 labore
1633 1543 1791 1599 agitur,
1825 1543 1900 1598 qui

316 1629 397 1657 non
431 1615 623 1657 admittit
654 1613 875 1669 colloquia.
909 1614 990 1654 Aut
1020 1612 1127 1655 fodit
1158 1611 1312 1668 aliquis
1343 1617 1414 1654 aut
1445 1614 1595 1668 garrit,
1627 1627 1709 1655 non
1736 1615 1900 1655 utrum-

317 1699 397 1740 que
440 1684 583 1727 simul.
625 1683 704 1726 Sed
748 1684 859 1725 servi
902 1682 1206 1738 loquacitatem
1239 1697 1320 1724 non
1352 1682 1431 1724 fert
1467 1683 1651 1725 rusticus
1683 1683 1783 1738 quia
1813 1682 1898 1735 ipse

317 1757 433 1811 operi
476 1759 539 1798 est
577 1756 780 1796 intentus.
824 1753 938 1809 Lege
980 1767 1080 1809 ergo
1123 1753 1347 1794 σκάπτοντ’
1391 1754 1482 1803 ἐρεῖ,
1515 1753 1689 1796 elisione
1720 1767 1802 1796 non
1835 1754 1897 1795 in-

317 1826 460 1868 audita
492 1825 662 1881 quidem
694 1824 764 1866 sed
796 1827 937 1866 tamen
970 1825 1125 1866 rariore
1152 1823 1331 1879 ideoque
1362 1823 1623 1879 corruptelae
1654 1824 1844 1867 obnoxia.

378 1969 512 2012 519A
547 1968 714 2013 Curiosi
745 1971 883 2012 vitant
916 1970 986 2016 τὴν
1021 1968 1245 2019 ἀγροικίαν.

377 2042 610 2096 Aptissime
643 2041 716 2091 sic,
750 2039 821 2081 sed
853 2040 1008 2081 rariore
1039 2037 1234 2081 vocabuli
1267 2052 1360 2089 usu,
1393 2054 1461 2080 rus
1493 2042 1535 2081 et
1566 2039 1686 2080 vitam
1713 2038 1898 2081 rusticam
1939 2042 1942 2045 ’

316 2110 558 2167 significans
588 2110 806 2152 inducitur
837 2122 981 2151 scurra
1012 2109 1211 2152 urbanus.

378 2253 510 2298 5190
561 2255 584 2304 ἥ
627 2271 672 2296 τε
716 2254 1095 2305 πολυπραγμοσύνη
1140 2254 1374 2305 παράλυσίς
1415 2256 1500 2296 ἐστι
1543 2254 1612 2296 καὶ
1655 2254 1784 2306 φθορὰ
1829 2255 1896 2296 καὶ

317 2326 609 2375 ἀπογύμνωσις
644 2329 720 2366 τῶν
753 2325 996 2376 ἀπορρήτων.

378 2397 461 2438 Pro
504 2395 634 2448 φθορά
681 2395 878 2437 Reiskius
919 2396 1095 2438 coniecit
1137 2395 1332 2447 Φώρασις,
1375 2395 1427 2438 ad
1465 2409 1635 2438 sensum
1669 2397 1793 2445 recte,
1825 2394 1899 2438 sed

317 2467 570 2521 exquisitius
602 2465 762 2522 aliquid
795 2466 976 2521 requiro,
1009 2465 1168 2521 aliquid
1198 2467 1243 2507 in
1276 2480 1371 2521 quo,
1404 2469 1454 2507 ut
1482 2466 1527 2507 in
1559 2466 1708 2508 ceteris
1735 2464 1898 2508 duobus

318 2535 544 2586 vocabulis,
579 2535 721 2591 aliqua
751 2537 855 2577 insit
886 2536 1152 2589 methaphora.
1185 2535 1304 2578 Nihil
1333 2536 1401 2578 hic
1426 2550 1500 2578 nos
1526 2535 1700 2578 adiuvat
1726 2535 1899 2579 editoris

315 2605 423 2647 illud
455 2606 569 2657 Φώρα
604 2620 655 2648 ex
688 2605 903 2662 Hesychio
936 2609 1121 2648 erutum.

378 2741 514 2783 519D
556 2740 649 2783 οὔτε
682 2742 839 2793 πρᾶξαί
871 2758 909 2783 τι
944 2740 1285 2792 πολυπράγμονος
1320 2742 1482 2792 ὁρῶντος
1513 2728 1596 2783 οὖν’
1623 2742 1751 2784 εἰπεῖν
1781 2740 1899 2783 ἀκού-

316 2828 425 2858 οντος
460 2811 617 2859 ἡδέως
653 2811 856 2864 ἔχουσι.

377 2882 555 2923 Locutio
595 2883 856 2937 exquisitior,
900 2895 1027 2937 quam
1069 2895 1144 2924 suo
1190 2895 1352 2937 „neque
1383 2881 1549 2922 libenter
1579 2884 1728 2936 agunt,
1762 2894 1896 2936 neque

315 2950 575 3006 loquuntur'’
604 2965 754 3006 parum
782 2955 974 2993 accurate
999 2951 1183 2993 reddidit
1208 2953 1429 3007 interpres.
1459 2950 1712 3006 Oportebat:
1733 2964 1896 3007 „neque
