2002 3372
903 213 991 256 295

146 335 584 395 disputatiunculam:
633 336 677 378 οὐ
721 334 879 387 ψευδῶς
921 334 1011 386 μέν,
1056 336 1225 387 γελοίως
1279 335 1321 378 δὲ
1373 335 1441 376 καὶ
1498 336 1677 384 ἀνοήτως
1727 335 1745 377 ὖ

51 391 73 434 .'
146 405 278 461 ἔτερος
327 409 382 461 τῷ
427 407 545 461 ἑτέρῳ
587 401 782 459 ἃπροσῆν
826 407 1074 458 ἀμφοτέροις
1119 404 1371 458 ὀνειδίζοντες
1424 430 1481 438 —
1528 407 1589 449 sic
1635 405 1746 448 illud

58 518 61 522 ,
145 478 290 526 ἅπλῶς
340 483 537 521 πλουτεῖν
582 477 766 521 Senecae
812 477 959 533 potius
1005 490 1096 519 esse
1140 477 1311 520 videtur
1352 490 1481 533 quam
1524 475 1747 519 Plutarchi

143 547 360 601 δξύμυρον.
393 547 475 592 Sed
507 549 576 591 hic
607 561 748 591 errare
779 561 971 604 possum,
1004 551 1048 590 at
1080 562 1164 591 non
1195 562 1372 604 possum
1402 549 1448 590 in
1482 547 1647 590 duobus
1676 562 1747 591 vo-

9 675 11 678 ,
50 610 56 652 Ᾰ
138 619 324 672 -cabuhs,
367 633 476 676 quae
518 617 658 662 multo
697 620 857 662 certius
897 619 1007 661 mihi
1039 619 1242 676 praebent
1272 618 1481 662 indicium
1515 633 1614 661 cum
1649 618 1747 661 Plu—

57 729 63 737 τ
145 691 292 736 tarcho
323 691 394 735 hic
426 690 548 734 nobis
582 704 672 733 rem
704 704 788 733 non
820 704 922 732 esse.
957 689 1090 743 Quale
1123 689 1233 733 illud
1265 692 1323 733 sit
1349 689 1479 747 paulo
1506 692 1747 733 accuratius

145 776 356 821 exponere
378 764 516 806 iuvat.
550 761 676 818 Apud
708 760 942 804 Horatium
969 760 1034 814 (G.
1067 761 1138 812 IV,
1175 760 1219 814 7)
1251 761 1463 819 legentes:

327 846 428 877 cum
461 831 596 876 semel
626 832 829 876 occideris
862 837 905 874 et
937 832 989 875 de
1016 837 1071 884 te,
1106 831 1339 889 splendide,
1375 831 1517 874 Minos

386 904 536 948 fecerit
566 904 758 955 arbitria,

325 990 426 1028 non,
455 974 680 1032 Torquate,
713 988 866 1032 genus,
900 989 981 1018 non
1015 978 1058 1017 te
1089 973 1301 1026 facundia,
1336 988 1417 1017 non
1450 978 1492 1017 te

386 1048 586 1091 restituet
609 1046 748 1101 pietas

47 1145 55 1167 ς
142 1121 354 1164 miramur
383 1118 577 1174 pietatem
608 1119 721 1161 inter
753 1131 824 1160 eas
855 1131 922 1160 res
954 1118 1210 1168 enumerari,
1243 1130 1351 1173 quae
1382 1130 1574 1171 unquam
1607 1116 1747 1160 videri

46 1193 59 1246 ἶ
141 1192 308 1248 possint
348 1191 474 1248 parvi
505 1201 595 1233 esse
626 1190 837 1232 momenti
848 1203 859 1242 ;
894 1203 994 1231 nam
1028 1188 1225 1231 facundia
1257 1188 1336 1231 hoc
1368 1187 1498 1231 habet
1531 1191 1575 1230 et
1605 1187 1747 1231 nobile

141 1275 294 1320 genus,
337 1262 409 1306 sed
442 1263 649 1320 pietatem
681 1262 814 1303 etiam
848 1260 962 1316 apud
992 1260 1152 1303 inferos
1182 1260 1227 1301 in
1261 1273 1433 1302 summo
1465 1273 1555 1302 esse
1588 1259 1746 1302 honore

141 1335 212 1378 vir
251 1335 405 1391 gravis.
442 1335 624 1390 piusque
666 1333 748 1375 sibi
790 1346 958 1389 semper
990 1332 1119 1374 habet
1150 1332 1541 1388 persuasissimum.
1585 1330 1668 1373 Sed
1700 1331 1744 1372 in

140 1404 335 1456 Horatio,
383 1408 510 1462 poeta
557 1407 601 1447 et
647 1404 871 1460 Epicureo,
921 1402 1044 1446 facile
1092 1402 1305 1446 eiusmodi
1346 1401 1508 1459 aliquid
1551 1402 1745 1453 ferimus,

140 1474 425 1520 Plutarchum
468 1475 592 1518 nobis
634 1476 696 1518 sic
735 1474 1027 1531 disputantem
1067 1474 1284 1517 exhiberi:
1320 1475 1491 1524 „virtus
1523 1477 1611 1524 tua,
1646 1472 1746 1515 licet

141 1561 273 1590 omnes
308 1545 443 1590 lateat
483 1547 576 1589 deos
616 1546 911 1603 hominesque,
955 1559 1082 1589 verae
1115 1545 1362 1601 solidaeque
1394 1545 1474 1588 tibi
1506 1546 1588 1587 erit
1619 1557 1746 1587 causa

140 1617 360 1662 laetitiae”
402 1631 487 1662 non
530 1618 724 1661 ferimus.
768 1616 937 1661 Stoicus
970 1618 1045 1673 qui
1078 1629 1179 1673 prae
1211 1629 1289 1659 suo
1321 1616 1510 1672 perfecto
1538 1617 1744 1672 sapiente,

138 1689 186 1733 id
225 1693 291 1733 est
330 1702 431 1747 prae
473 1693 608 1732 semet
648 1690 756 1746 ipso,
799 1687 927 1731 nihili
965 1688 1067 1731 facit
1098 1687 1239 1730 Deum
1274 1686 1473 1744 deosque,
1507 1686 1745 1729 exclamare

140 1765 282 1819 potest
321 1765 391 1815 (ut
432 1764 497 1804 est
539 1760 653 1817 apud
685 1760 889 1804 Senecam
922 1761 969 1802 in
1001 1759 1112 1802 libro
1145 1759 1196 1802 de
1227 1758 1550 1811 Providentia):
1587 1758 1744 1809 „deum

133 1837 191 1877 -tu
219 1837 264 1888 (o
293 1833 479 1891 perfecte
512 1833 680 1889 sapiens
695 1830 724 1886 1)
756 1843 951 1888 superas:
985 1830 1060 1874 ille
1091 1835 1212 1874 extra
1238 1829 1405 1874 malum
1434 1834 1514 1883 est,
1542 1834 1589 1872 tu
1618 1845 1746 1887 supra

139 1903 354 1956 malum’',
386 1903 648 1948 Plutarchus
679 1903 723 1946 et
754 1907 853 1946 ante
881 1902 1083 1959 Supremi
1116 1901 1320 1944 Numinis
1352 1901 1495 1945 oculos
1526 1916 1570 1945 se
1599 1903 1745 1959 ipsum

27 1967 31 1974 ¹
67 2007 69 2010 -
138 1977 372 2035 prosternit
411 1976 659 2032 abiicitque,
703 1989 756 2018 ne
795 1990 878 2017 esse
909 1975 1084 2032 quidem
1116 1988 1160 2017 se
1191 1974 1416 2018 confitetur
1448 1988 1549 2017 cum
1582 1974 1633 2017 de
1666 1973 1746 2017 Illo

138 2049 303 2106 cogitat
345 2046 389 2091 et
429 2060 598 2104 semper
639 2050 683 2090 et
717 2047 875 2103 ubique
907 2045 986 2089 1110
1020 2047 1162 2089 utitur
1192 2047 1412 2089 carissimo
1445 2047 1584 2089 amico
1616 2050 1745 2102 atque

139 2131 191 2164 ex
231 2132 310 2163 sua
349 2120 514 2163 virtute
546 2143 604 2151 —
637 2117 710 2161 scd
751 2118 856 2175 quid
894 2119 1105 2162 virtutem
1139 2117 1209 2160 1110
1230 2115 1421 2174 loquor?
1454 2132 1537 2160 non
1571 2120 1743 2160 tantum

138 2191 222 2235 sibi
262 2190 522 2234 Plutarchus
562 2194 777 2248 arrogata
803 2194 945 2246 sperat
987 2189 1288 2233 tantummodo
1321 2203 1365 2232 se
1395 2190 1439 2232 in
1473 2191 1638 2232 virtute
1668 2188 1744 2232 ali-

139 2275 248 2320 quos
286 2261 425 2306 facere
464 2265 508 2305 et
539 2261 757 2304 facturum
790 2274 881 2304 esse
914 2274 1165 2317 progressus
1200 2285 1255 2292 —
1289 2260 1362 2303 sed
1393 2259 1603 2316 quidquid
1634 2258 1743 2302 illud

139 2339 217 2386 est,
249 2333 329 2377 hoc
359 2333 641 2390 praecipuum
670 2331 771 2375 inde
804 2333 920 2389 capit
946 2331 1158 2389 gaudium
1191 2331 1306 2388 quod
1339 2345 1363 2374 a
1395 2330 1484 2374 Deo
1518 2345 1560 2374 se
1593 2345 1744 2387 usque-

138 2418 308 2462 quaque
337 2405 525 2461 conspici
556 2404 858 2460 observarique
888 2403 1024 2446 credit
1054 2405 1275 2459 novitque.

199 2474 394 2532 Denique
420 2474 615 2518 Stoicum
648 2475 719 2517 1110
750 2475 958 2518 habemus
986 2475 1256 2527 ἀρεταὶλογον,
1285 2475 1360 2531 qui
1387 2488 1432 2517 se
1458 2473 1742 2517 Plutarchum

138 2560 230 2591 esse
266 2545 458 2598 simulat,
501 2550 545 2589 et
583 2545 793 2589 scribendi
824 2545 999 2602 quidem
1031 2559 1187 2603 genere
1219 2546 1360 2588 utitur
1391 2545 1626 2588 admodum
1659 2544 1743 2588 ele-

137 2619 274 2676 ganti,
306 2631 392 2675 0110
424 2631 578 2675 parum
610 2621 805 2661 accurate
837 2617 1055 2675 legentem
1083 2619 1128 2660 in
1154 2631 1340 2660 errorem
1370 2618 1502 2673 possit
1526 2616 1741 2668 inducere,

138 2689 212 2734 sed
237 2693 382 2733 tamen
404 2690 474 2732 hic
489 2688 580 2732 illic
597 2690 745 2745 paucis
761 2688 1019 2745 quibusdam
1035 2687 1253 2732 vocabulis
1270 2692 1408 2731 semet
1421 2689 1567 2744 ipsum
1585 2687 1741 2744 prodit.

138 2759 176 2804 132
206 2773 292 2817 quo
322 2773 479 2818 genere
510 2764 574 2803 est
607 2759 720 2816 quod
751 2774 793 2816 p.
829 2759 962 2802 5241?
994 2759 1198 2817 legimus.
1231 2759 1280 2802 In
1314 2758 1478 2802 deliciis
1509 2758 1742 2802 Plutarcho

138 2833 272 2876 fuisse
287 2832 464 2876 videtur
477 2831 661 2875 locutio:
693 2831 1068 2883 „circumscribere
1085 2831 1247 2888 aliquid
1265 2835 1396 2873 centro
1413 2835 1451 2872 et
1477 2830 1740 2882 intervallo'’‚

139 2917 223 2962 qua
264 2904 410 2946 circini
446 2903 660 2962 significat
692 2917 822 2946 usum
854 2902 1129 2955 (intervallum
1161 2903 1278 2945 enim
1311 2906 1377 2946 est
1407 2903 1597 2959 spatium
1629 2903 1741 2944 inter

139 2977 232 3019 eius
262 2979 435 3032 partes).
468 2974 539 3018 Sic
569 2976 616 3018 in
647 2974 758 3018 libro
789 2975 838 3017 de
862 2974 1110 3030 qarrulitate
1141 2973 1314 3028 (5130)
1345 2973 1556 3031 legimus:
