2002 3372
1065 233 1153 276 292

321 363 465 401 autem
511 359 691 413 parietes
737 370 835 412 prae
881 356 1031 398 ceteris
1074 355 1312 406 verborum,
1361 367 1591 409 eorumque
1637 366 1902 410 spurcorum,

321 429 464 485 plenos
497 426 718 470 videmus?
751 427 844 469 Non
876 439 981 482 opus
1014 425 1162 477 dicere,
1195 439 1329 481 neque
1362 424 1464 480 quid
1496 424 1566 466 hic
1597 424 1833 467 conficiam.

384 594 515 636 520F
563 592 931 645 Quemadmodum
979 595 1198 634 venatores
1243 591 1405 634 catulos
1453 605 1535 633 non
1576 591 1721 633 sinunt
1762 590 1905 632 omnia

323 665 487 706 odorari
522 663 593 705 sed
625 677 648 705 a
679 662 891 718 plerisque
924 676 993 705 eos
1025 664 1069 704 vi
1101 663 1354 705 abstrahunt
1387 660 1486 704 οὕτω
1521 662 1583 703 δεῖ
1610 661 1686 707 τὰς
1720 659 1786 703 ἐπὶ
1821 662 1905 702 πᾶν

323 735 459 783 θέαμά
487 734 554 776 καὶ
585 736 667 774 ποῖν
702 733 892 782 ἄκουσμά
922 736 990 775 τοῦ
1016 732 1358 784 πολυπράγμονος
1387 732 1581 783 ἐκδρομὰς
1611 731 1680 773 καὶ
1704 741 1905 783 περιπλά-

323 805 450 852 νῆσεις
487 804 677 855 ἀφαιρεῖν
711 803 778 844 nx}
812 805 1017 845 ἀντισπᾶν
1051 803 1115 844 ε’πὶ
1151 800 1206 845 ’τοὶ
1237 802 1424 855 χρήσιμά
1457 802 1769 855 φυλάττοντας.

382 875 541 916 Parum
584 878 733 929 aptum
777 873 876 915 huic
918 872 1009 915 loco
1046 874 1224 916 verbum
1259 874 1450 924 ἀφαιρεῖν
1483 886 1559 928 pro
1592 886 1675 928 quo
1705 870 1905 924 ἀφέλκειν

319 944 552 1000 legendum
596 958 754 987 censeo.
797 944 908 986 Nam
941 957 1068 999 quam
1101 943 1317 1000 eleganter
1349 947 1391 985 et
1422 945 1614 986 accurate
1645 943 1907 999 imaginibus

323 1017 388 1057 uti
421 1017 553 1071 possit
584 1029 683 1057 mox
716 1015 939 1071 egregium
973 1014 1045 1056 dat
1077 1013 1324 1070 exemplum
1356 1017 1497 1056 noster
1527 1012 1724 1067 (5210):

384 1085 445 1127 δεῖ
469 1086 516 1136 δ’,
545 1087 594 1131 ὡς
624 1082 752 1136 οἶμαι,
782 1087 838 1135 μὴ
867 1085 1051 1138 καθάπερ
1078 1087 1322 1137 θεράπαιναν
1346 1085 1566 1135 ἀνάγωγον
1589 1083 1662 1134 ἔξω
1682 1083 1904 1138 ῥέμβεσθαι

324 1156 395 1202 σὺν
422 1154 618 1206 αἴσθησιν,
647 1156 744 1197 ἀλλ’
763 1156 1114 1206 ἀποπεμπομένην
1141 1155 1216 1197 ὑπὸ
1245 1161 1316 1203 τῆς
1346 1158 1487 1206 ψυχῆς
1510 1155 1574 1197 ἐπὶ
1593 1155 1648 1197 τοὶ
1667 1154 1905 1206 πράγματα

324 1223 626 1278 συντυγχάνειν
667 1227 804 1272 αὐτοῖς
849 1226 964 1277 ταχὺ
1009 1226 1075 1267 κοιὶ
1119 1225 1410 1276 διαγγέλλειν
1447 1223 1540 1268 εἶτά
1573 1235 1702 1267 πάλιν
1733 1225 1908 1275 κοσμίως

326 1297 433 1342 ἐντὸς
468 1293 568 1338 εἶναι
601 1300 670 1338 τοῦ
703 1300 920 1347 λογισμοῦ.

386 1367 665 1422 Lepidissime
696 1367 765 1409 hic
797 1381 943 1409 sensus
975 1381 1073 1409 cum
1105 1366 1256 1409 ancilla
1287 1370 1578 1423 comparatur:
1609 1366 1808 1410 dominus
1839 1379 1907 1408 an-

325 1436 468 1479 cillam
495 1437 636 1493 aliquo
663 1437 857 1488 dimittit,
886 1436 1006 1480 velut
1033 1437 1084 1479 ad
1111 1437 1448 1493 cognoscendum
1475 1439 1602 1492 quota
1627 1438 1697 1479 sit.
1729 1435 1776 1479 Si
1791 1435 1908 1493 frugi

326 1512 389 1549 est
421 1507 586 1559 ancilla,
620 1522 704 1550 non
736 1512 944 1564 evagatur
975 1507 1046 1550 sed
1079 1508 1226 1550 statim
1259 1521 1306 1549 eo
1337 1509 1471 1549 currit
1502 1521 1585 1563 quo
1616 1508 1745 1549 missa
1775 1509 1839 1549 est
1865 1509 1907 1548 et

326 1592 416 1620 rem
460 1582 728 1634 conspectam
771 1579 917 1620 statim
960 1578 1136 1620 domum
1179 1571 1377 1628 nuntiat,¹
1410 1578 1486 1620 ubi
1527 1577 1676 1621 deinde
1719 1576 1907 1620 modeste

328 1650 443 1704 operi
485 1663 560 1691 suo
604 1651 767 1691 intenta
809 1652 965 1691 manet.
1024 1648 1093 1690 Sic
1134 1662 1252 1690 mens
1293 1662 1463 1690 sensum
1505 1647 1648 1703 aliquo
1695 1646 1906 1698 demittit3

326 1718 451 1760 illum
494 1723 657 1774 oportet
698 1719 742 1760 id
784 1733 920 1760 unum
963 1733 1045 1774 quo
1086 1720 1243 1760 missus
1275 1723 1338 1760 eet
1371 1719 1517 1760 statim
1550 1717 1817 1774 exploratum
1850 1731 1909 1759 re-

326 1789 434 1831 ferre
462 1790 609 1840 menti,
640 1788 787 1831 deinde
816 1803 891 1831 suo
918 1803 960 1831 se
984 1789 1077 1831 loco
1103 1790 1314 1831 continere
1340 1791 1390 1830 ut
1414 1802 1579 1844 semper
1595 1789 1730 1831 menti
1744 1791 1909 1844 praesto

327 1872 416 1901 esse
447 1860 593 1914 possit.

391 2013 527 2055 5221)
570 2012 670 2056 οὕτω
716 2014 775 2059 τίς
820 2015 904 2055 ἐστι
947 2014 1222 2064 γλυκύπικρος
1258 2014 1324 2056 κά)
1359 2014 1654 2066 ἀκατάσχετος
1686 2015 1704 2057 ὅ
1737 2019 1812 2063 τῆς
1843 2029 1910 2055 πο-

329 2084 678 2135 λυπραγμοσύνης
711 2084 1021 2136 γαργαλισμός,
1054 2083 1184 2135 ὥσπερ
1217 2083 1332 2131 ἕλκος
1361 2085 1576 2134 αἱμάσσων
1605 2083 1760 2136 ἑαυτόν,
1787 2083 1910 2127 ὅταν

330 2155 664 2204 ἀμύσσηται.

389 2225 524 2268 Sensu
567 2239 681 2268 cassa
722 2226 830 2267 mihi
875 2226 1072 2268 videntur
1109 2225 1279 2276 ultima,
1312 2239 1448 2280 neque
1480 2225 1712 2281 quidquam
1744 2226 1835 2281 opis
1864 2226 1909 2267 in

328 2298 557 2351 interprete
584 2298 642 2338 sic
671 2300 884 2339 vertente:
916 2301 1162 2352 „tamquam
1189 2296 1334 2337 vulnus
1361 2296 1440 2338 sibi
1465 2297 1718 2352 sanguinem
1741 2294 1911 2338 eliciens

330 2366 398 2407 ubi
427 2366 675 2408 sauciatur''.

391 2530 526 2572 5221'1}
566 2530 696 2572 Utilis
738 2534 802 2590 est
843 2532 1101 2580 exercitatio,
1146 2533 1182 2572 si
1224 2533 1431 2573 venerunt
1473 2530 1619 2573 literae
1649 2544 1732 2573 non
1763 2531 1910 2573 statim

331 2614 399 2642 eas
431 2602 606 2655 aperire,
639 2602 675 2642 si
707 2602 896 2652 nuntius,
930 2615 1011 2643 non
1044 2602 1210 2643 obviam
1247 2602 1285 2642 ei
1316 2613 1505 2643 currere:

391 2671 515 2721 φίλου
549 2670 651 2716 τινὸς
685 2671 863 2717 εἰπόντος
900 2669 1010 2722 ,,ἕχω
1043 2671 1104 2713 σοι’
1136 2686 1174 2711 τι
1205 2671 1337 2712 καινὸν
1368 2671 1496 2712 εἷπεῖν
1529 2669 1740 2721 πρᾶγμά”
1775 2671 1910 2720 υμόὶλ-

331 2750 413 2787 λον,
447 2739 485 2781 εἰ’
518 2757 552 2782 τι
587 2743 786 2791 χρήσιμον
819 2740 929 2792 ἔχεις
964 2741 985 2790 ἢ
1020 2740 1269 2792 ὠφέλιμον”.

392 2809 487 2852 Non
528 2811 722 2866 improbo
763 2810 1080 2854 altercationem
1123 2812 1231 2854 hanc
1272 2812 1413 2853 subito
1452 2810 1637 2861 illatam,
1681 2810 1910 2853 dummodo

332 2883 427 2934 apte
459 2880 677 2922 inferatur.
711 2880 830 2932 Quod
862 2880 947 2931 fiet,
981 2883 1016 2923 si
1049 2881 1150 2932 λέγε
1181 2883 1336 2923 inseres
1367 2884 1464 2936 post
1495 2882 1672 2929 μᾶλλον.
