2002 3372
1060 200 1148 246 262

310 337 457 367 versus
490 323 672 366 alterum
705 327 927 379 tamquam
959 326 1095 366 artem
1126 325 1295 381 ignoret
1325 325 1423 368 inde
1456 324 1626 381 petendi
1657 326 1770 370 unde
1803 339 1898 384 pos-

311 396 365 437 sit
404 395 605 450 accipere.
649 393 731 436 Sed
776 395 1010 435 maximam
1050 394 1178 437 habet
1209 395 1513 438 contumeliam
1543 397 1627 439 ista
1659 395 1899 452 petulantia

313 468 355 508 et
396 466 650 520 protervitas
685 465 730 505 in
762 463 1057 520 quaestionibus
1089 465 1366 509 dissolvendis.
1400 465 1580 509 Videtur
1608 468 1724 510 enim
1755 468 1794 510 is
1825 469 1901 524 qui

314 535 547 591 praecurrit
588 535 856 588 respondendo
897 533 1024 576 illum
1067 536 1140 591 qui
1181 537 1470 593 interrogatus
1512 540 1576 579 est
1616 537 1695 580 hoc
1737 536 1899 581 dicere:

317 605 526 655 „huncine
557 618 680 661 rogas
712 603 820 646 illud
835 617 846 655 ;
881 604 983 660 quid
1016 606 1129 660 sapit
1157 605 1266 648 iste’'
1299 605 1368 649 vel
1399 620 1495 658 „me
1522 610 1740 663 praesente
1765 605 1902 650 alium

314 690 453 729 roqare
493 689 574 717 non
615 675 825 730 oportet.''
870 674 925 716 Et
961 678 1104 718 tamen
1135 689 1257 732 saepe
1288 676 1474 732 aliquem
1509 690 1711 734 rogamus
1741 676 1903 734 aliquid

315 760 400 787 non
425 747 475 787 ut
503 745 554 787 ab
578 759 626 788 eo
654 744 817 801 aliquid
845 759 1166 802 cognoscamus,
1191 746 1263 789 sed
1291 750 1340 789 ut
1364 761 1512 791 vocem
1530 761 1637 804 quae
1653 749 1902 792 comitatem

316 819 497 858 testetur
539 815 760 858 eliciamus
803 814 872 859 vel
915 819 965 858 ut
995 815 1123 858 illum
1155 830 1322 873 quoque
1353 818 1406 860 ad
1440 822 1634 861 nostrum
1664 817 1902 862 alliciamus

317 885 593 942 colloquium,
638 889 687 928 ut
729 885 853 928 Plato
897 886 996 928 fecit
1027 888 1070 928 in
1103 885 1332 931 Theaeteto
1365 891 1408 931 et
1438 890 1480 931 in
1515 888 1756 932 Charmide.
1787 888 1902 946 Ergo

316 958 553 1013 praeripere
594 956 722 999 alicui
763 971 1026 1015 responsum,
1070 959 1260 1013 rogantis
1302 958 1354 1001 ad
1395 973 1470 1002 nos
1511 963 1752 1003 convertere
1782 972 1903 1003 aures

318 1030 492 1084 eiusque
519 1027 571 1070 ad
597 1042 672 1070 nos
705 1028 869 1070 trahere
902 1031 1090 1070 mentem
1122 1043 1205 1071 non
1237 1030 1380 1071 minus
1413 1033 1478 1072 est
1510 1030 1743 1074 absurdum
1773 1043 1903 1088 quam

319 1099 372 1142 ad
403 1113 502 1141 eum
534 1099 609 1154 qui
633 1099 686 1141 ab
712 1097 795 1141 alio
822 1112 864 1141 se
892 1100 1011 1154 cupit
1038 1098 1215 1142 salutari
1240 1113 1456 1143 accurrere
1479 1114 1663 1157 eumque
1687 1100 1903 1158 amplecti,

319 1169 389 1214 vel
431 1169 483 1212 ad
526 1183 600 1212 nos
639 1172 882 1212 convertere
916 1168 1059 1212 oculos
1091 1171 1182 1212 eius
1215 1171 1288 1226 qui
1322 1184 1420 1213 cum
1453 1173 1640 1215 maxime
1670 1171 1807 1215 alium
1836 1171 1905 1215 ad-

319 1242 457 1296 spicit.
504 1239 615 1292 Quin
658 1241 788 1282 etiam
830 1254 928 1282 cum
972 1241 1050 1296 quiv
1089 1241 1378 1298 interrogatur
1418 1243 1588 1286 omnino
1628 1242 1738 1286 nihil
1778 1243 1905 1286 habet

320 1310 432 1367 quod
474 1310 735 1366 respondeat,
775 1310 992 1366 paulisper
1031 1314 1271 1367 exspectare
1313 1311 1444 1363 decet,
1478 1312 1626 1356 deinde
1656 1326 1904 1370 responsum

320 1395 447 1424 suum
491 1381 543 1423 ad
582 1383 774 1438 rogantis
806 1382 1061 1424 sententiam
1094 1382 1425 1434 accommodare,
1459 1383 1639 1440 denique
1669 1383 1905 1427 verecunde

322 1455 448 1508 atque
479 1452 687 1494 submisse
719 1452 912 1495 accedere
944 1456 1166 1508 tamquam
1197 1454 1232 1495 si
1265 1455 1487 1496 veniamus
1516 1468 1592 1511 pro
1622 1453 1707 1498 alio
1738 1456 1812 1511 qui
1841 1456 1904 1498 iu-

321 1524 483 1565 vitatus
526 1523 595 1564 sit.
639 1522 751 1565 Nam
792 1524 828 1565 si
870 1524 965 1578 quis
1007 1524 1081 1578 qui
1122 1515 1410 1580 interrogatus
1446 1528 1511 1567 est
1539 1526 1585 1567 in
1615 1515 1920 1581 respondendov

321 1606 505 1636 errorem
547 1594 795 1642 committit,
835 1594 928 1635 iure
965 1593 1065 1635 huic
1097 1598 1243 1649 parata
1274 1598 1338 1637 est
1368 1598 1505 1638 venia.
1538 1595 1621 1638 Sed
1653 1597 1728 1652 qui
1758 1599 1906 1652 sponte

320 1678 395 1720 pro
421 1663 504 1706 alio
532 1664 672 1719 surgit
697 1664 820 1719 eique
838 1677 1095 1720 responsum
1123 1667 1338 1722 praeripit,
1361 1667 1491 1709 etiam
1509 1668 1674 1710 sirecte
1690 1666 1906 1723 respoudit

320 1733 527 1776 molestus
569 1734 762 1786 habetur,
801 1735 838 1776 si
870 1748 969 1777 vero
1001 1749 1024 1777 a
1056 1749 1178 1791 scopo
1210 1736 1376 1779 aberrat
1407 1737 1599 1780 derident
1629 1751 1729 1780 eum
1761 1750 1906 1781 omnes

321 1806 495 1860 eiusque
526 1804 715 1860 gaudent
744 1805 1019 1848 infortunio.”

382 1874 594 1917 Audimus
621 1875 703 1926 hic,
732 1877 894 1931 opinor,
924 1877 1183 1932 magistrum
1212 1881 1254 1920 et
1279 1882 1609 1935 praeceptorem,
1642 1881 1716 1935 qui
1741 1892 1907 1936 semper

322 1950 364 1988 et
409 1946 566 2002 ubique
614 1945 900 1999 discipulorum
947 1946 1073 1989 habet
1120 1949 1340 2000 rationem,
1384 1963 1642 2006 quamquam
1684 1963 1768 1993 non
1806 1949 1906 1993 illos

321 2016 430 2059 solos
471 2016 543 2059 sed
586 2015 717 2058 simul
759 2021 894 2060 semet
923 2019 1067 2073 ipsum
1100 2018 1297 2061 admonet
1329 2023 1372 2062 et
1403 2033 1427 2062 a
1458 2021 1579 2064 vitiis
1609 2021 1793 2064 abducit.
1824 2021 1905 2065 Sed

321 2088 457 2128 habita
496 2087 609 2129 haud
653 2087 779 2129 dubie
823 2091 886 2130 est
929 2090 1064 2131 oratio
1106 2090 1151 2131 in
1194 2091 1390 2133 contione
1433 2090 1485 2133 ad
1517 2105 1645 2147 quam
1677 2105 1832 2149 magna
1863 2095 1906 2135 et

320 2158 435 2199 varia
477 2156 678 2199 confluxit
719 2158 944 2200 hominum
977 2158 1225 2202 multitudo.
1259 2159 1511 2218 Cognoscite
1542 2162 1650 2204 mihi
1680 2163 1824 2218 ipsum
1854 2161 1906 2204 li-

320 2227 424 2270 belli
455 2227 689 2280 exordium,
722 2242 806 2271 non
837 2230 1036 2285 magistri
1067 2229 1174 2272 illud
1207 2233 1271 2273 est
1301 2231 1373 2274 sed
1403 2232 1545 2274 mentis
1574 2232 1739 2275 medici:

383 2298 644 2354 „loquacitas
676 2299 828 2340 morbus
859 2303 924 2342 est
955 2313 1061 2356 quae
1094 2300 1263 2344 difficile
1291 2305 1475 2354 curatur,
1502 2316 1602 2344 nam
1629 2303 1906 2346 medicamen-

319 2373 414 2411 tum
457 2370 548 2411 eius
580 2383 602 2411 e
634 2370 763 2411 verbis
795 2372 1079 2426 componitur,
1114 2375 1155 2414 et
1188 2372 1317 2415 verba
1349 2376 1450 2415 sunt
1480 2372 1687 2416 audienda
1698 2387 1710 2426 3
1742 2374 1905 2430 garruli

320 2443 465 2483 autem
508 2454 728 2496 nunquam
761 2454 1020 2496 quemquam
1052 2441 1244 2493 audiunt,
1277 2444 1361 2498 ipsi
1393 2457 1560 2499 semper
1589 2442 1706 2500 loqui
1738 2443 1903 2488 v'olunt.

320 2511 412 2554 Hoc
453 2512 644 2567 primum
686 2511 814 2554 habet
854 2510 927 2554 ille
969 2526 1186 2568 nunquam
1226 2512 1379 2556 silendi
1409 2514 1583 2556 morbus
1615 2514 1727 2570 quod
1759 2514 1904 2557 audire

319 2585 460 2625 vetat:
507 2581 745 2624 voluntaria
787 2582 993 2638 quaedam
1035 2587 1099 2626 est
1138 2583 1323 2626 surditas
1356 2584 1580 2626 hominum
1613 2587 1811 2627 naturam
1843 2598 1904 2627 re-

318 2651 671 2707 prehendentium
714 2651 825 2708 quod
867 2652 918 2695 ab
962 2666 1010 2695 ea
1050 2652 1242 2710 singulas
1285 2655 1521 2711 acceperint
1560 2653 1746 2711 linguae,
1782 2668 1904 2698 aures

318 2722 480 2764 binas.”

378 2792 540 2834 Deinde
566 2793 785 2836 observate
814 2796 1017 2848 quantam
1044 2793 1195 2836 habeat
1219 2796 1306 2836 tota
1323 2793 1603 2849 persuadendi
1620 2793 1902 2852 movendique

317 2863 407 2904 vim
449 2862 696 2918 disputatio,
740 2865 990 2918 praesertim
1034 2878 1132 2906 cum
1175 2864 1390 2920 profertur
1431 2878 1478 2907 eo
1520 2864 1611 2907 loco
1651 2879 1734 2921 quo
1777 2879 1902 2909 omne

315 2932 518 2974 confluxit
558 2933 780 2974 hominum
822 2947 973 2989 genus.
1009 2934 1145 2986 Quam
1178 2934 1326 2977 efficax
1357 2935 1418 2977 ibi
1449 2938 1756 2992 argumentum
1788 2935 1899 2979 illud
