2002 3372
1047 285 1134 334 340

359 413 540 458 Minime
580 428 678 458 cum
711 412 777 456 W.
811 427 886 469 pro
920 413 1041 455 αὐτόν
1073 415 1233 470 (ipsum
1265 414 1459 467 Bionem)
1489 411 1630 471 legere
1662 411 1793 459 velim
1824 411 1876 459 ἄν

299 503 404 530 τινα.
438 487 519 530 Sed
551 485 663 542 quod
695 484 806 527 delet
840 483 915 525 ὑπὸ
948 486 1019 526 τοῦ
1051 485 1190 532 Βίωνος
1225 484 1350 541 plane
1382 500 1480 528 cum
1512 499 1560 528 6ο
1591 485 1710 529 facio.

359 557 469 599 Tum
510 558 686 598 minime
728 556 906 610 ineptire
947 554 1162 598 medicum
1204 558 1278 612 qui
1318 561 1489 613 propter
1528 556 1748 608 morbum,
1791 569 1875 614 quo

299 631 417 683 pater
458 626 680 675 laboravit,
724 624 803 666 filii
842 639 992 681 corpus
1035 627 1080 668 in
1112 640 1234 669 suam
1266 629 1417 683 recipit
1448 640 1596 670 curam
1627 626 1759 684 longa
1788 639 1877 670 sen·

297 699 428 740 tentia
470 696 725 739 Plutarchus
766 695 1027 739 demonstrat
1067 710 1150 752 qua
1189 711 1234 740 se
1271 699 1361 753 ipse
1402 697 1604 754 impedit3
1638 697 1718 741 sub
1745 697 1876 741 finem

298 769 410 810 enim
443 768 562 822 ponit
593 766 720 809 verba
753 766 945 808 ἐσκέδασε
978 767 1046 808 καὶ
1080 767 1309 820 ἀπέπεμψε
1348 772 1567 824 tamquam
1595 769 1632 810 si
1657 767 1877 824 praecedat

297 838 510 881 obiectum
544 837 666 888 νόσον,
699 851 782 879 11011
815 835 909 880 υἱόν.
1162 827 1165 830 ’

357 983 492 1026 562Α
536 984 704 1039 „Atque
747 983 894 1044 eadem
934 983 1123 1027 ratione’'
1166 985 1226 1026 ait
1270 987 1408 1035 „recte
1450 985 1541 1041 agit
1572 985 1646 1040 qni
1677 975 1876 1028 moi-Bam

295 1059 520 1110 paternum
552 1056 595 1096 in
628 1054 715 1097 filio
747 1060 1033 1098 renascentem
1065 1057 1212 1098 statim
1243 1055 1498 1112 compescit''
1532 1068 1711 1112 eamque
1737 1054 1877 1112 dispu-

296 1127 504 1168 tationem
536 1127 594 1168 sic
625 1125 839 1168 concludit
869 1126 921 1167 ad
953 1125 1167 1182 aliamque
1200 1128 1375 1169 transit:

356 1196 378 1245 ἢ
413 1197 524 1238 κατὰ
558 1199 672 1238 τοῦτο
706 1196 780 1246 μὲν
813 1197 830 1238 0'
865 1197 948 1244 θεὸς
980 1196 1089 1239 οὐδὲν
1121 1200 1190 1239 τοῦ
1223 1197 1405 1239 Ἡσιόδου
1436 1199 1662 1250 σοφώτερος

296 1271 532 1323 sequuntur
576 1262 726 1310 versus
773 1267 949 1310 Hesiodi
998 1271 1040 1310 et
1086 1271 1176 1310 tota
1217 1267 1265 1309 fit
1306 1269 1514 1311 sententia
1554 1262 1874 1323 interrogativa.

295 1337 538 1381 Admodum
570 1341 758 1381 contorte
790 1342 834 1381 et
863 1338 1079 1394 impedite.
1112 1338 1226 1395 Lege
1257 1340 1324 1381 καὶ
1357 1353 1433 1395 pro
1465 1338 1487 1388 ἥ
1521 1341 1564 1381 et
1594 1351 1671 1394 pro
1700 1339 1877 1382 interro-

296 1409 424 1465 gandi
453 1410 574 1465 signo
602 1407 721 1451 colon
747 1408 819 1451 vel
846 1408 1074 1452 semicolon
1101 1423 1220 1466 pone,
1249 1413 1298 1451 ut
1325 1410 1427 1452 haec
1453 1408 1607 1452 evadat
1621 1407 1874 1465 disputatio:

297 1482 452 1535 „atque
494 1480 696 1522 hactenus
738 1479 873 1522 nihilo
905 1481 1134 1535 sapientior
1165 1480 1280 1522 Deus
1311 1493 1438 1535 quam
1469 1478 1695 1531 Hesiodus,
1727 1479 1799 1523 sed
1830 1480 1875 1522 in

293 1549 386 1592 aliis
418 1549 544 1606 longe
575 1564 674 1592 eum
707 1546 919 1606 superat''.

355 1686 415 1729 ib.
465 1686 614 1729 Monet
645 1699 746 1742 ergo
776 1685 1012 1728 Hesiodus:

533 1756 628 1807 μηδ’
661 1756 745 1798 ἀπὸ
778 1755 980 1804 δυστήνοιο
1013 1756 1151 1808 τάφου
1181 1756 1521 1806 ἀπονοστήσαντα

534 1828 796 1880 σπερμαίνειν
827 1829 982 1878 γενεήν,
1016 1828 1116 1869 ἀλλ’
1147 1826 1361 1870 ἀθανάτων
1392 1827 1476 1869 ἀπὸ
1508 1826 1648 1874 δαιτός

292 1899 344 1944 ὡς
385 1898 428 1939 οὐ
473 1898 622 1939 κακίαν
665 1898 781 1946 μόνον
823 1898 903 1940 οὐδ’
935 1898 1080 1950 ἀρετὴν
1113 1897 1228 1939 ἄλλα
1260 1896 1330 1939 καὶ
1363 1897 1497 1946 λύπην
1530 1896 1597 1939 καὶ
1631 1897 1771 1951 χαρὰν
1800 1897 1870 1940 καὶ

294 1966 416 2010 πάνθ’
449 1966 525 2010 ὅσα
557 1968 864 2020 ἀναδεχομένης
897 1973 967 2017 τῆς
1001 1968 1210 2020 γενέσεως.

353 2038 490 2082 11111110
522 2053 621 2083 vero
653 2040 890 2090 γεννήσεως,
934 2039 985 2082 (16
1017 2054 1065 2082 ea
1097 2041 1211 2082 enim
1243 2039 1313 2082 hic
1343 2052 1480 2082 sermo
1512 2042 1588 2082 est.
1630 2038 1689 2081 Et
1717 2037 1869 2096 supple

293 2108 411 2152 ποὶνθ·
443 2107 519 2151 ὅσα
550 2114 738 2162 τοιαῦτα,
772 2124 824 2153 ne
854 2110 962 2153 nihil
994 2110 1171 2153 dicatur.

352 2181 399 2223 In
431 2183 484 2223 iis
517 2195 622 2237 quac
655 2183 800 2224 statim
832 2181 1068 2224 adduntur:
1104 2182 1268 2234 ἱλαροὺς
1300 2181 1369 2224 καὶ
1398 2181 1502 2229 ἡδεῖς
1529 2180 1596 2222 καὶ
1626 2179 1871 2233 διακεχυμέ-

292 2267 379 2298 νους
411 2250 572 2302 ἄγειν
606 2251 703 2303 πρὸς
731 2253 801 2301 τὴν
829 2251 1017 2294 τέκνωσιν
1044 2252 1179 2295 (1611110
1205 2252 1377 2294 turbata
1394 2254 1458 2294 est
1473 2254 1688 2294 structura
1703 2251 1869 2307 (ipsius,

291 2325 341 2364 ut
373 2323 533 2378 opinor,
565 2322 786 2365 Plutarchi
818 2321 974 2378 culpa),
1007 2322 1078 2365 sed
1111 2323 1319 2365 sententia
1351 2323 1584 2378 perspicua.

353 2468 487 2511 563ss
529 2468 599 2510 Sic
631 2482 732 2525 ergo
763 2468 968 2525 mythum
1002 2481 1129 2510 suum
1161 2481 1328 2511 narrare
1360 2468 1510 2523 incipit
1541 2466 1823 2510 Plutarchus:

351 2540 369 2580 ὃ
405 2539 556 2585 Σολεὺς
591 2539 814 2586 Θεσπέσιος
851 2570 860 2580 .
880 2571 890 2582 .
911 2569 920 2581 .
942 2570 952 2581 .
1670 2540 1671 2543 '

351 2609 542 2652 Dubium
586 2624 668 2652 non
700 2613 762 2651 est
793 2610 895 2665 quin
928 2608 1083 2651 sciolus
1115 2610 1202 2650 iam
1236 2609 1380 2651 statim
1412 2621 1589 2664 gravem
1619 2606 1772 2664 mytho
1803 2619 1868 2648 ca-

289 2679 527 2722 lamitatem
569 2679 778 2731 intulerit,
808 2681 1107 2736 intempestive
1136 2679 1246 2721 illud
1276 2693 1429 2722 nomen
1460 2679 1530 2721 hic
1560 2691 1730 2734 ponens.
1764 2676 1868 2729 Quis

291 2753 403 2793 enim
434 2766 544 2794 nunc
574 2750 781 2807 intelligit
806 2765 912 2807 quae
939 2765 979 2807 p.
1010 2749 1141 2793 5640
1167 2748 1401 2807 leguntur?
1426 2749 1492 2792 Ibi
1519 2749 1670 2791 umbra
1699 2749 1868 2804 cognati

290 2822 348 2862 sic
391 2835 488 2863 eum
530 2820 782 2877 alloquitur:
824 2826 947 2874 χαῖρε
992 2819 1207 2863 Θεσπέσιε.
1251 2820 1475 2876 Sequitur:
1508 2818 1798 2870 θαυμάσαντος
1832 2815 1867 2858 δ’

290 2892 415 2932 αὑτοῦ
458 2892 523 2932 καὶ
566 2893 773 2943 φήσαντος
817 2892 866 2937 ὡς
912 2892 954 2933 οὐ
1000 2891 1220 2937 Θεσπέσιος
1268 2892 1368 2933 ἀλλ’
1408 2889 1607 2942 Ἀριδαῖός
1651 2889 1736 2930 ἔστι
1781 2887 1866 2929 arei.

289 2961 370 3012 Qui
402 2962 582 3012 obsecro,
616 2963 762 3003 mirari
794 2965 932 3017 potest
962 2963 1011 3012 is,
1047 2963 1118 3004 cui
1148 2961 1378 3017 Thespesio
1409 2975 1575 3011 nomen,
1608 2973 1651 3002 sc
1685 2959 1867 3015 Thespe-

290 3033 401 3072 sium
434 3031 601 3074 vocari?
639 3031 717 3073 Sed
750 3047 826 3073 non
859 3046 947 3074 esse
980 3033 1061 3074 sibi
1094 3031 1322 3088 Thespesio
1356 3045 1508 3074 nomen
1539 3030 1695 3073 clamat
1724 3032 1867 3071 noster
