2002 3372
1090 252 1176 297 568

346 380 526 430 Soclaro,
553 392 678 436 quem
705 376 924 420 Plutarchi
950 375 1082 418 fuisse
1107 376 1294 418 amicum
1323 374 1624 431 aequalemque
1647 373 1918 418 haudzwmel

347 454 527 494 testatur
556 447 673 507 ipse?
707 448 809 491 Vide
843 446 982 504 Wytt.
1018 446 1162 489 Anim.
1194 445 1281 490 vol.
1313 445 1384 497 VI,
1421 445 1442 487 1
1478 458 1518 502 p.
1553 443 1641 488 171?
1727 442 1730 444 ’
1797 474 1802 481 ,

1018 557 1238 651 Lamprias

1022 652 1265 696 Autobulus

753 749 987 806 LampriaS‚
1020 747 1291 800 Plutarchus,
1325 747 1449 791 Timo

1024 807 1280 888 Auto'bulus.

351 947 498 990 Nonne
531 946 736 989 disertum
770 946 847 989 hoc
879 948 1074 996 stemma,
1106 959 1158 988 an
1188 943 1270 987 ulli
1299 948 1364 988 est
1389 945 1618 989 obnoxium
1645 939 1926 990 dubitationi?

411 1018 570 1060 Plenus
617 1031 759 1060 rerum
806 1019 871 1060 est
917 1015 1025 1059 liber
1070 1020 1225 1068 noster,
1272 1015 1423 1072 plenus
1469 1018 1572 1059 artis
1610 1018 1926 1074 varietatisque.

352 1089 498 1145 Neque
530 1092 672 1130 tamen
703 1101 818 1130 mere
851 1087 1132 1143 sophisticum
1164 1090 1227 1130 est
1259 1101 1364 1143 opus
1396 1087 1507 1143 quod
1537 1086 1715 1131 delectet
1745 1091 1928 1131 tantum-

353 1160 479 1203 modo
510 1158 739 1216 legentem.
773 1157 882 1202 Cum
915 1157 1165 1214 philosopho
1191 1158 1311 1201 nobis
1337 1172 1403 1201 res
1429 1161 1494 1201 est
1519 1159 1593 1215 qui
1617 1161 1660 1202 et
1683 1157 1766 1202 alia
1791 1157 1929 1202 multa

354 1230 584 1273 utilissima
625 1229 769 1272 doceat
810 1233 853 1272 et
894 1243 963 1272 eos
996 1229 1152 1272 refutet
1183 1229 1460 1281 adversarios,
1492 1243 1598 1286 quos
1629 1231 1823 1273 omnium
1851 1231 1930 1273 mi-

355 1303 469 1345 nime
500 1301 606 1344 ferre
639 1302 792 1357 possit:
826 1300 1001 1343 Stoicos.
1034 1299 1214 1342 Illorum
1245 1300 1485 1343 antitheton
1511 1299 1673 1351 λογικόν
1691 1331 1701 1344 .
1721 1331 1732 1344 .
1750 1332 1760 1344 .
1779 1298 1930 1353 ἄλογον

355 1375 416 1416 ita
456 1371 628 1414 affertur
657 1375 708 1414 ut
739 1372 916 1414 minime
948 1370 1156 1428 placuisse
1188 1370 1417 1414 Plutarcho
1449 1373 1595 1414 statim
1621 1374 1833 1428 appareat.
1875 1371 1932 1415 Et

357 1444 430 1500 qui
462 1442 626 1499 placere
658 1443 697 1485 ei
729 1443 872 1498 potuit
902 1442 1092 1498 rig-idum
1122 1440 1240 1484 istud
1270 1445 1396 1498 atque
1426 1441 1528 1485 adeo
1558 1441 1728 1486 crudele
1752 1435 1931 1500 dogma:

361 1514 444 1567 „⁷ch
477 1512 617 1564 ἄλογα
650 1526 820 1570 prorsus
851 1514 968 1556 omni
999 1515 1140 1555 carent
1170 1516 1325 1564 mente,
1360 1526 1461 1569 ergo
1493 1511 1611 1556 nulla
1640 1513 1753 1556 inter
1782 1526 1832 1557 ea
1861 1513 1934 1557 ho-

357 1587 577 1641 minesque
622 1583 846 1626 intercedit
892 1584 1022 1634 ratio,
1068 1597 1203 1639 neque
1250 1583 1482 1640 quidquam
1526 1582 1666 1627 obstat
1709 1585 1935 1640 quominus

358 1658 485 1699 homo
526 1653 781 1698 animalibus
823 1656 872 1696 ut
912 1653 1032 1696 lubet
1064 1652 1268 1696 utatur”?
1300 1653 1403 1696 Dira
1431 1655 1513 1697 ista
1543 1653 1843 1698 hodiernorum
1873 1655 1936 1697 vi-

359 1741 505 1770 rorum
552 1726 773 1769 doctorum
821 1729 863 1768 et
907 1724 1087 1767 nefanda
1140 1728 1394 1781 argumenta
1444 1725 1599 1781 quibus
1649 1724 1936 1769 demonstrare

361 1800 565 1841 conantur
590 1796 802 1839 doctrinae
829 1809 952 1838 causa
978 1796 1236 1838 saevissimis
1262 1795 1424 1838 afficere
1445 1794 1722 1839 crucitatibus
1737 1796 1936 1840 animalia

359 1868 487 1912 licere
531 1867 799 1910 abominatus
845 1870 954 1909 esset
1000 1865 1257 1917 Plutarchus
1293 1899 1302 1909 .
1323 1899 1332 1909 .
1353 1898 1363 1910 .
1402 1866 1503 1923 quid
1549 1870 1692 1910 autem
1739 1865 1936 1919 ·„esset”?

363 1940 527 1983 Diserte
574 1938 759 1981 declarat
805 1951 911 1994 quae
958 1951 1033 1980 sua
1081 1939 1137 1981 sit
1184 1937 1235 1980 de
1284 1937 1492 1980 eiusmodi
1539 1938 1665 1982 rebus
1705 1939 1935 1982 sententia:

363 2011 613 2054 condemnat
637 2009 736 2052 illos
760 2022 925 2065 quoque
952 2009 1026 2064 qui
1053 2009 1327 2052 formicarum
1350 2008 1556 2052 dissecant
1577 2008 1698 2053 nidos
1719 2013 1770 2052 ut
1790 2021 1938 2052 eorum

363 2084 616 2139 cognoscant
655 2084 914 2123 structuram
955 2079 1061 2132 (968
1074 2078 1144 2133 Α).
1191 2079 1247 2122 Et
1277 2094 1480 2136 quorsum
1509 2079 1587 2123 illa
1617 2079 1854 2124 Stoicorum·
1886 2080 1937 2124 de

364 2151 619 2196 animalibus
660 2152 866 2194 sententia
909 2151 1034 2194 ducat
1066 2150 1203 2208 lepide
1235 2152 1295 2193 sic
1327 2151 1524 2194 describit
1553 2150 1768 2205 (961EF)
1800 2165 1938 2203 „nunc

366 2223 537 2280 quidem
578 2221 777 2265 animalia
818 2223 937 2264 aiunt
967 2235 1049 2264 non
1080 2222 1321 2272 neminisse,
1352 2220 1515 2272 laetari,
1546 2222 1670 2265 irasci
1701 2221 1774 2264 sed
1804 2222 1940 2278 quasi-

365 2295 610 2338 meminisse
651 2296 693 2335 et
733 2293 827 2335 sim.
872 2292 929 2334 At
970 2306 1023 2334 ne
1066 2305 1213 2334 sensus
1245 2291 1414 2348 quidem
1447 2290 1582 2334 ullius
1613 2295 1712 2334 sunt
1740 2293 1870 2348 pretii
1899 2291 1940 2334 ei

367 2367 440 2422 qui
481 2363 710 2420 prudenter
748 2364 803 2405 iis
833 2363 899 2404 uti
930 2363 1077 2414 nescit,
1110 2376 1212 2419 ergo
1245 2361 1539 2418 quasi-videre,
1570 2361 1766 2419 gaudere,
1799 2360 1939 2406 dolere

367 2439 493 2492 atque
524 2434 625 2477 adeo
657 2435 941 2490 quasi-vivere
971 2434 1026 2475 iis
1058 2432 1259 2476 animalia
1292 2436 1392 2475 sunt
1423 2432 1638 2476 dicenda.”

429 2506 562 2548 Iidem
589 2503 758 2558 (9610)
784 2503 1016 2546 ἀποκναίειν
1040 2502 1231 2560 legentes
1262 2503 1462 2545 dicuntur
1487 2504 1516 2545 i.
1533 2517 1570 2546 e.
1595 2503 1767 2546 fastidio
1788 2503 1940 2548 taedio-

370 2591 450 2633 que
490 2576 650 2619 afficere
692 2574 1004 2618 definitionibus
1044 2577 1146 2627 suis,
1177 2576 1221 2617 in
1253 2574 1503 2630 eosdemque
1534 2573 1738 2631 dirigitur
1766 2574 1940 2618 mordax

369 2647 479 2690 illud
520 2646 704 2688 dictum:
752 2644 1010 2697 „ridiculum
1041 2648 1104 2687 est
1135 2644 1358 2687 Platonem
1388 2643 1686 2701 Socratemque
1717 2645 1762 2687 in
1792 2644 1941 2688 eodem

371 2718 507 2760 dicere
546 2717 769 2773 pravitatis
809 2719 923 2758 statu
960 2717 1116 2759 versari
1146 2717 1191 2757 in
1222 2729 1304 2772 quo
1335 2714 1595 2759 vilissimum
1626 2714 1820 2771 quodque
1850 2729 1942 2759 ver-

372 2793 489 2831 satur
519 2786 825 2843 mancipium.''

432 2858 698 2915 Chrysippus
728 2871 823 2900 cum
858 2858 1101 2900 nominatur
1130 2856 1337 2899 ludribrio
1369 2856 1571 2907 habetur3
1605 2854 1837 2899 delectatus
1867 2854 1940 2899 ille

372 2931 502 2971 fuisse
525 2927 695 2970 videtur
720 2928 994 2983 piunotherae
1022 2927 1239 2983 exemplo;
1269 2925 1493 2970 bestiolam
1519 2938 1622 2982 ergo
1645 2927 1774 2969 istam
1799 2920 1942 2970 noster

374 2999 481 3052 (980
492 3000 546 3051 A)
577 2999 638 3040 ait
670 2997 933 3054 „plurimum
966 2997 1194 3055 Chrysippi
1225 2999 1449 3040 atramenti
1480 2992 1776 3040 absumsisse.‘”
