<?xml version="1.0" encoding="UTF-8"?>
<!DOCTYPE html PUBLIC "-//W3C//DTD XHTML 1.0 Transitional//EN"
    "http://www.w3.org/TR/xhtml1/DTD/xhtml1-transitional.dtd">
<html xmlns="http://www.w3.org/1999/xhtml" xml:lang="en" lang="en">
 <head>
  <title>
</title>
<meta http-equiv="Content-Type" content="text/html;charset=utf-8" />
  <meta name='ocr-system' content='tesseract 3.04.00' />
  <meta name='ocr-capabilities' content='ocr_page ocr_carea ocr_par ocr_line ocrx_word'/>
</head>
<body>
  <div class='ocr_page' id='page_1' title='image "./deplutarchoscrip00hartuoft_0318.png"; bbox 0 0 2002 3372; ppageno 0'>
   <div class='ocr_carea' id='block_1_1' title="bbox 1072 227 1159 270">
    <p class='ocr_par' dir='ltr' id='par_1_1' title="bbox 1072 227 1159 270">
     <span class='ocr_line' id='line_1_1' title="bbox 1072 227 1159 270; baseline 0 0"><span class='ocrx_word' id='word_1_1' title='bbox 1072 227 1159 270; x_wconf 79' lang='lat'><strong>302</strong></span> 
     </span>
    </p>
   </div>
   <div class='ocr_carea' id='block_1_2' title="bbox 325 347 1903 547">
    <p class='ocr_par' dir='ltr' id='par_1_2' title="bbox 325 347 1903 547">
     <span class='ocr_line' id='line_1_2' title="bbox 384 347 1903 405; baseline 0.003 -13"><span class='ocrx_word' id='word_1_2' title='bbox 384 349 593 402; x_wconf 70' lang='grc' dir='ltr'><strong>ἀμφορεὺς</strong></span> <span class='ocrx_word' id='word_1_3' title='bbox 637 347 735 391; x_wconf 81' lang='grc' dir='ltr'><em>οἴνου</em></span> <span class='ocrx_word' id='word_1_4' title='bbox 779 348 846 391; x_wconf 78' lang='grc' dir='ltr'><strong>καὶ</strong></span> <span class='ocrx_word' id='word_1_5' title='bbox 890 349 1096 398; x_wconf 75' lang='grc' dir='ltr'><strong>κληματὶς</strong></span> <span class='ocrx_word' id='word_1_6' title='bbox 1138 349 1280 402; x_wconf 73' lang='grc' dir='ltr'><strong>(ἤγετο</strong></span> <span class='ocrx_word' id='word_1_7' title='bbox 1322 350 1367 392; x_wconf 81' lang='grc' dir='ltr'><strong>τὸ</strong></span> <span class='ocrx_word' id='word_1_8' title='bbox 1411 355 1592 404; x_wconf 80' lang='grc' dir='ltr'><em>πρῶτον),</em></span> <span class='ocrx_word' id='word_1_9' title='bbox 1625 349 1717 394; x_wconf 74' lang='grc' dir='ltr'><strong>εἶτα</strong></span> <span class='ocrx_word' id='word_1_10' title='bbox 1751 352 1903 405; x_wconf 67' lang='grc' dir='ltr'><em>τράγον</em></span> 
     </span>
     <span class='ocr_line' id='line_1_3' title="bbox 325 417 565 466; baseline 0 -5"><span class='ocrx_word' id='word_1_11' title='bbox 325 437 384 466; x_wconf 68' lang='grc' dir='ltr'><strong>Τίς</strong></span> <span class='ocrx_word' id='word_1_12' title='bbox 418 417 565 462; x_wconf 68' lang='grc' dir='ltr'><strong><em>εἷλκεν.</em></strong></span> 
     </span>
     <span class='ocr_line' id='line_1_4' title="bbox 383 488 1297 547; baseline 0.002 -15"><span class='ocrx_word' id='word_1_13' title='bbox 383 489 550 533; x_wconf 81' lang='lat' dir='ltr'><strong>Inclusa</strong></span> <span class='ocrx_word' id='word_1_14' title='bbox 581 490 816 533; x_wconf 77' lang='lat' dir='ltr'>rectissime</span> <span class='ocrx_word' id='word_1_15' title='bbox 849 488 966 532; x_wconf 79' lang='lat' dir='ltr'><strong>addit</strong></span> <span class='ocrx_word' id='word_1_16' title='bbox 997 489 1297 547; x_wconf 83' lang='lat' dir='ltr'><strong>Stegmannus.</strong></span> 
     </span>
    </p>
   </div>
   <div class='ocr_carea' id='block_1_3' title="bbox 321 633 1904 960">
    <p class='ocr_par' dir='ltr' id='par_1_3' title="bbox 323 633 1902 758">
     <span class='ocr_line' id='line_1_5' title="bbox 384 633 1902 691; baseline 0.003 -15"><span class='ocrx_word' id='word_1_17' title='bbox 384 634 517 678; x_wconf 78' lang='lat' dir='ltr'>527E</span> <span class='ocrx_word' id='word_1_18' title='bbox 554 633 831 677; x_wconf 78' lang='lat' dir='ltr'><strong>Telemachus</strong></span> <span class='ocrx_word' id='word_1_19' title='bbox 857 634 969 691; x_wconf 86' lang='lat' dir='ltr'><strong>apud</strong></span> <span class='ocrx_word' id='word_1_20' title='bbox 995 634 1216 678; x_wconf 78' lang='lat' dir='ltr'><strong>Nestorem</strong></span> <span class='ocrx_word' id='word_1_21' title='bbox 1244 637 1313 679; x_wconf 79' lang='grc' dir='ltr'><strong>οὐκ</strong></span> <span class='ocrx_word' id='word_1_22' title='bbox 1335 635 1557 690; x_wconf 73' lang='grc' dir='ltr'><em>ἐμακαριζε</em></span> <span class='ocrx_word' id='word_1_23' title='bbox 1574 638 1641 680; x_wconf 77' lang='grc' dir='ltr'><em>τὸν</em></span> <span class='ocrx_word' id='word_1_24' title='bbox 1658 639 1902 691; x_wconf 76' lang='grc' dir='ltr'><strong><em>εὐποροῦντα</em></strong></span> 
     </span>
     <span class='ocr_line' id='line_1_6' title="bbox 323 704 1195 758; baseline 0.003 -13"><span class='ocrx_word' id='word_1_25' title='bbox 323 709 399 746; x_wconf 83' lang='grc' dir='ltr'><em>τῶν</em></span> <span class='ocrx_word' id='word_1_26' title='bbox 431 705 668 755; x_wconf 72' lang='grc' dir='ltr'><em>ἀναγκαίων</em></span> <span class='ocrx_word' id='word_1_27' title='bbox 703 704 724 753; x_wconf 79' lang='grc' dir='ltr'>ἢ</span> <span class='ocrx_word' id='word_1_28' title='bbox 759 704 825 746; x_wconf 74' lang='grc' dir='ltr'><strong>καὶ</strong></span> <span class='ocrx_word' id='word_1_29' title='bbox 861 708 937 746; x_wconf 79' lang='grc' dir='ltr'><em>τῶν</em></span> <span class='ocrx_word' id='word_1_30' title='bbox 969 707 1195 758; x_wconf 75' lang='grc' dir='ltr'><em>χρησίμων.</em></span> 
     </span>
    </p>

    <p class='ocr_par' dir='ltr' id='par_1_4' title="bbox 321 774 1904 960">
     <span class='ocr_line' id='line_1_7' title="bbox 382 774 1904 834; baseline 0.003 -17"><span class='ocrx_word' id='word_1_31' title='bbox 382 777 569 818; x_wconf 86' lang='lat' dir='ltr'><strong>Annotat</strong></span> <span class='ocrx_word' id='word_1_32' title='bbox 616 775 773 818; x_wconf 85' lang='lat' dir='ltr'><strong>editor:</strong></span> <span class='ocrx_word' id='word_1_33' title='bbox 826 774 876 826; x_wconf 72' lang='grc' dir='ltr'><strong>»ἢ</strong></span> <span class='ocrx_word' id='word_1_34' title='bbox 919 775 1192 827; x_wconf 63' lang='grc' dir='ltr'><strong>ᾶθΙθνθῑίω’ῗ.</strong></span> <span class='ocrx_word' id='word_1_35' title='bbox 1239 777 1334 819; x_wconf 93' lang='lat' dir='ltr'><strong>Non</strong></span> <span class='ocrx_word' id='word_1_36' title='bbox 1377 791 1456 834; x_wconf 82' lang='lat' dir='ltr'><strong>ego</strong></span> <span class='ocrx_word' id='word_1_37' title='bbox 1469 791 1479 829; x_wconf 82' lang='lat'><em>3</em></span> <span class='ocrx_word' id='word_1_38' title='bbox 1523 778 1602 821; x_wconf 86' lang='lat' dir='ltr'><strong>hoe</strong></span> <span class='ocrx_word' id='word_1_39' title='bbox 1643 779 1758 821; x_wconf 88' lang='lat' dir='ltr'><strong>enim</strong></span> <span class='ocrx_word' id='word_1_40' title='bbox 1799 777 1904 822; x_wconf 85' lang='lat' dir='ltr'><strong>dicit</strong></span> 
     </span>
     <span class='ocr_line' id='line_1_8' title="bbox 321 845 1904 908; baseline 0.003 -21"><span class='ocrx_word' id='word_1_41' title='bbox 321 847 520 902; x_wconf 80' lang='lat' dir='ltr'>scriptor:</span> <span class='ocrx_word' id='word_1_42' title='bbox 558 859 692 901; x_wconf 82' lang='lat' dir='ltr'><strong>„quae</strong></span> <span class='ocrx_word' id='word_1_43' title='bbox 723 846 836 902; x_wconf 85' lang='lat' dir='ltr'><strong>apud</strong></span> <span class='ocrx_word' id='word_1_44' title='bbox 868 845 1091 889; x_wconf 81' lang='lat' dir='ltr'><strong>Nestorem</strong></span> <span class='ocrx_word' id='word_1_45' title='bbox 1123 847 1489 904; x_wconf 79' lang='lat' dir='ltr'><strong>contemplabatur</strong></span> <span class='ocrx_word' id='word_1_46' title='bbox 1519 847 1798 908; x_wconf 72' lang='lat' dir='ltr'><strong>Telemachus</strong></span> <span class='ocrx_word' id='word_1_47' title='bbox 1827 851 1904 893; x_wconf 82' lang='lat' dir='ltr'><strong>aut</strong></span> 
     </span>
     <span class='ocr_line' id='line_1_9' title="bbox 321 916 1195 960; baseline 0.002 -2"><span class='ocrx_word' id='word_1_48' title='bbox 321 918 552 959; x_wconf 87' lang='lat' dir='ltr'><strong>necessaria</strong></span> <span class='ocrx_word' id='word_1_49' title='bbox 583 920 701 959; x_wconf 88' lang='lat' dir='ltr'><strong>erant</strong></span> <span class='ocrx_word' id='word_1_50' title='bbox 733 921 803 958; x_wconf 75' lang='lat' dir='ltr'><strong>aut</strong></span> <span class='ocrx_word' id='word_1_51' title='bbox 834 921 936 958; x_wconf 77' lang='lat' dir='ltr'><strong>certe</strong></span> <span class='ocrx_word' id='word_1_52' title='bbox 965 916 1135 960; x_wconf 83' lang='lat' dir='ltr'><strong>utilia’&#39;.</strong></span> <span class='ocrx_word' id='word_1_53' title='bbox 1190 952 1195 955; x_wconf 95' lang='lat'>.</span> 
     </span>
    </p>
   </div>
   <div class='ocr_carea' id='block_1_4' title="bbox 320 1050 1903 1530">
    <p class='ocr_par' dir='ltr' id='par_1_5' title="bbox 320 1050 1903 1246">
     <span class='ocr_line' id='line_1_10' title="bbox 383 1050 1902 1108; baseline 0.001 -14"><span class='ocrx_word' id='word_1_54' title='bbox 383 1051 519 1094; x_wconf 83' lang='lat' dir='ltr'>528A</span> <span class='ocrx_word' id='word_1_55' title='bbox 549 1051 656 1094; x_wconf 87' lang='lat' dir='ltr'><strong>Vera</strong></span> <span class='ocrx_word' id='word_1_56' title='bbox 687 1053 894 1108; x_wconf 87' lang='lat' dir='ltr'><strong>sapientia</strong></span> <span class='ocrx_word' id='word_1_57' title='bbox 924 1050 1018 1094; x_wconf 77' lang='grc' dir='ltr'><em>ἴδιον</em></span> <span class='ocrx_word' id='word_1_58' title='bbox 1051 1052 1179 1099; x_wconf 72' lang='grc' dir='ltr'><em>σέλας</em></span> <span class='ocrx_word' id='word_1_59' title='bbox 1211 1052 1300 1105; x_wconf 81' lang='grc' dir='ltr'><em>ἔχει</em></span> <span class='ocrx_word' id='word_1_60' title='bbox 1332 1053 1401 1095; x_wconf 79' lang='grc' dir='ltr'><strong>καὶ</strong></span> <span class='ocrx_word' id='word_1_61' title='bbox 1434 1053 1600 1104; x_wconf 73' lang='grc' dir='ltr'><em>φέγγος</em></span> <span class='ocrx_word' id='word_1_62' title='bbox 1633 1053 1672 1095; x_wconf 83' lang='grc' dir='ltr'><em>ἐν</em></span> <span class='ocrx_word' id='word_1_63' title='bbox 1704 1060 1755 1106; x_wconf 68' lang='grc' dir='ltr'><strong>τῇ</strong></span> <span class='ocrx_word' id='word_1_64' title='bbox 1781 1057 1902 1108; x_wconf 70' lang='grc' dir='ltr'><strong>ψυχῇ</strong></span> 
     </span>
     <span class='ocr_line' id='line_1_11' title="bbox 320 1122 1903 1177; baseline 0.003 -13"><span class='ocrx_word' id='word_1_65' title='bbox 320 1122 438 1173; x_wconf 68' lang='grc' dir='ltr'><strong>μέγα</strong></span> <span class='ocrx_word' id='word_1_66' title='bbox 481 1124 548 1164; x_wconf 80' lang='grc' dir='ltr'><strong>καὶ</strong></span> <span class='ocrx_word' id='word_1_67' title='bbox 583 1123 722 1175; x_wconf 73' lang='grc' dir='ltr'><em>χαρὰν</em></span> <span class='ocrx_word' id='word_1_68' title='bbox 755 1127 862 1164; x_wconf 81' lang='grc' dir='ltr'><em>ποιεῖ</em></span> <span class='ocrx_word' id='word_1_69' title='bbox 890 1123 1067 1164; x_wconf 77' lang='grc' dir='ltr'><strong>σύνοικον</strong></span> <span class='ocrx_word' id='word_1_70' title='bbox 1111 1124 1247 1175; x_wconf 72' lang='grc' dir='ltr'><em>αὐτῇ</em></span> <span class='ocrx_word' id='word_1_71' title='bbox 1281 1124 1329 1164; x_wconf 83' lang='grc' dir='ltr'><em>ἐν</em></span> <span class='ocrx_word' id='word_1_72' title='bbox 1364 1124 1527 1177; x_wconf 69' lang='grc' dir='ltr'><em>ἑαυτῇ</em></span> <span class='ocrx_word' id='word_1_73' title='bbox 1560 1126 1903 1177; x_wconf 60' lang='grc' dir='ltr'><em>ἀντιλαμβαν-</em></span> 
     </span>
     <span class='ocr_line' id='line_1_12' title="bbox 322 1193 742 1246; baseline 0.002 -13"><span class='ocrx_word' id='word_1_74' title='bbox 322 1193 508 1246; x_wconf 63' lang='grc' dir='ltr'><em>νομένῃ</em></span> <span class='ocrx_word' id='word_1_75' title='bbox 541 1194 742 1243; x_wconf 66' lang='grc' dir='ltr'><em>τάγαθοῦ.</em></span> 
     </span>
    </p>

    <p class='ocr_par' dir='ltr' id='par_1_6' title="bbox 320 1262 1902 1530">
     <span class='ocr_line' id='line_1_13' title="bbox 381 1262 1902 1320; baseline 0.003 -15"><span class='ocrx_word' id='word_1_76' title='bbox 381 1263 464 1305; x_wconf 87' lang='lat' dir='ltr'><strong>Hic</strong></span> <span class='ocrx_word' id='word_1_77' title='bbox 505 1277 529 1305; x_wconf 88' lang='lat' dir='ltr'><strong>a</strong></span> <span class='ocrx_word' id='word_1_78' title='bbox 568 1262 829 1320; x_wconf 81' lang='lat' dir='ltr'><strong>Stegmanno</strong></span> <span class='ocrx_word' id='word_1_79' title='bbox 871 1263 1073 1320; x_wconf 85' lang='lat' dir='ltr'><strong>discrepo,</strong></span> <span class='ocrx_word' id='word_1_80' title='bbox 1114 1265 1188 1320; x_wconf 91' lang='lat' dir='ltr'><strong>qui</strong></span> <span class='ocrx_word' id='word_1_81' title='bbox 1228 1279 1303 1320; x_wconf 89' lang='lat' dir='ltr'><strong>pro</strong></span> <span class='ocrx_word' id='word_1_82' title='bbox 1346 1265 1484 1307; x_wconf 87' lang='lat' dir='ltr'><strong>verbis</strong></span> <span class='ocrx_word' id='word_1_83' title='bbox 1522 1267 1692 1317; x_wconf 87' lang='lat' dir='ltr'><strong>notatis,</strong></span> <span class='ocrx_word' id='word_1_84' title='bbox 1723 1267 1759 1308; x_wconf 88' lang='lat' dir='ltr'><strong>si</strong></span> <span class='ocrx_word' id='word_1_85' title='bbox 1788 1270 1902 1310; x_wconf 79' lang='lat' dir='ltr'><strong>recte</strong></span> 
     </span>
     <span class='ocr_line' id='line_1_14' title="bbox 321 1333 1902 1391; baseline 0.003 -16"><span class='ocrx_word' id='word_1_86' title='bbox 321 1333 456 1376; x_wconf 87' lang='lat' dir='ltr'><strong>editor</strong></span> <span class='ocrx_word' id='word_1_87' title='bbox 499 1333 639 1383; x_wconf 84' lang='lat' dir='ltr'><strong>refert,</strong></span> <span class='ocrx_word' id='word_1_88' title='bbox 673 1335 802 1381; x_wconf 80' lang='grc' dir='ltr'><em>αὐτῆς</em></span> <span class='ocrx_word' id='word_1_89' title='bbox 834 1334 1254 1384; x_wconf 61' lang='grc' dir='ltr'><strong>ἀντιλαμβανομένης</strong></span> <span class='ocrx_word' id='word_1_90' title='bbox 1287 1334 1427 1391; x_wconf 82' lang='lat' dir='ltr'><strong>legere</strong></span> <span class='ocrx_word' id='word_1_91' title='bbox 1460 1335 1567 1378; x_wconf 88' lang='lat' dir='ltr'><strong>vult.</strong></span> <span class='ocrx_word' id='word_1_92' title='bbox 1600 1335 1774 1379; x_wconf 78' lang='lat' dir='ltr'><strong>Tradita</strong></span> <span class='ocrx_word' id='word_1_93' title='bbox 1802 1350 1902 1380; x_wconf 81' lang='lat' dir='ltr'><strong>sana</strong></span> 
     </span>
     <span class='ocr_line' id='line_1_15' title="bbox 325 1404 1899 1464; baseline 0.002 -17"><span class='ocrx_word' id='word_1_94' title='bbox 325 1404 542 1447; x_wconf 85' lang='lat' dir='ltr'><strong>videntur:</strong></span> <span class='ocrx_word' id='word_1_95' title='bbox 585 1405 676 1460; x_wconf 89' lang='lat' dir='ltr'><strong>ipsa</strong></span> <span class='ocrx_word' id='word_1_96' title='bbox 718 1418 838 1446; x_wconf 88' lang='lat' dir='ltr'><strong>mens</strong></span> <span class='ocrx_word' id='word_1_97' title='bbox 880 1406 998 1447; x_wconf 89' lang='lat' dir='ltr'><strong>intus</strong></span> <span class='ocrx_word' id='word_1_98' title='bbox 1040 1406 1083 1447; x_wconf 90' lang='lat' dir='ltr'><strong>in</strong></span> <span class='ocrx_word' id='word_1_99' title='bbox 1126 1409 1261 1447; x_wconf 86' lang='lat' dir='ltr'><strong>semet</strong></span> <span class='ocrx_word' id='word_1_100' title='bbox 1301 1407 1393 1461; x_wconf 86' lang='lat' dir='ltr'><strong>ipsa</strong></span> <span class='ocrx_word' id='word_1_101' title='bbox 1427 1406 1585 1449; x_wconf 87' lang='lat' dir='ltr'><strong>bonum</strong></span> <span class='ocrx_word' id='word_1_102' title='bbox 1618 1408 1770 1464; x_wconf 83' lang='lat' dir='ltr'><strong>arripit</strong></span> <span class='ocrx_word' id='word_1_103' title='bbox 1800 1404 1899 1460; x_wconf 82' lang='lat' dir='ltr'><strong>(non</strong></span> 
     </span>
     <span class='ocr_line' id='line_1_16' title="bbox 320 1475 1820 1530; baseline 0.003 -14"><span class='ocrx_word' id='word_1_104' title='bbox 320 1478 437 1516; x_wconf 84' lang='lat' dir='ltr'><strong>extra</strong></span> <span class='ocrx_word' id='word_1_105' title='bbox 469 1489 511 1516; x_wconf 85' lang='lat' dir='ltr'><strong>se</strong></span> <span class='ocrx_word' id='word_1_106' title='bbox 543 1475 739 1530; x_wconf 85' lang='lat' dir='ltr'><strong>quaerit).</strong></span> <span class='ocrx_word' id='word_1_107' title='bbox 1818 1479 1820 1481; x_wconf 76' lang='grc'><strong>’</strong></span> 
     </span>
    </p>
   </div>
   <div class='ocr_carea' id='block_1_5' title="bbox 317 1619 1898 1814">
    <p class='ocr_par' dir='ltr' id='par_1_7' title="bbox 317 1619 1898 1814">
     <span class='ocr_line' id='line_1_17' title="bbox 380 1619 1898 1680; baseline 0.003 -19"><span class='ocrx_word' id='word_1_108' title='bbox 380 1619 513 1662; x_wconf 80' lang='lat' dir='ltr'>528ss</span> <span class='ocrx_word' id='word_1_109' title='bbox 555 1620 739 1671; x_wconf 75' lang='lat' dir='ltr'><strong>Insohte,</strong></span> <span class='ocrx_word' id='word_1_110' title='bbox 780 1634 917 1676; x_wconf 89' lang='lat' dir='ltr'><strong>neque</strong></span> <span class='ocrx_word' id='word_1_111' title='bbox 959 1624 1117 1672; x_wconf 87' lang='lat' dir='ltr'><strong>tamen,</strong></span> <span class='ocrx_word' id='word_1_112' title='bbox 1159 1624 1208 1662; x_wconf 89' lang='lat' dir='ltr'><strong>nt</strong></span> <span class='ocrx_word' id='word_1_113' title='bbox 1251 1623 1412 1677; x_wconf 82' lang='lat' dir='ltr'><strong>opinor,</strong></span> <span class='ocrx_word' id='word_1_114' title='bbox 1456 1621 1567 1665; x_wconf 87' lang='lat' dir='ltr'><strong>male</strong></span> <span class='ocrx_word' id='word_1_115' title='bbox 1604 1624 1898 1680; x_wconf 77' lang='lat' dir='ltr'><strong>occupationes</strong></span> 
     </span>
     <span class='ocr_line' id='line_1_18' title="bbox 317 1691 1898 1746; baseline 0.001 -13"><span class='ocrx_word' id='word_1_116' title='bbox 317 1705 463 1733; x_wconf 89' lang='lat' dir='ltr'><strong>eorum</strong></span> <span class='ocrx_word' id='word_1_117' title='bbox 505 1692 578 1746; x_wconf 92' lang='lat' dir='ltr'><strong>qui</strong></span> <span class='ocrx_word' id='word_1_118' title='bbox 616 1692 861 1734; x_wconf 88' lang='lat' dir='ltr'><strong>convivium</strong></span> <span class='ocrx_word' id='word_1_119' title='bbox 892 1695 1096 1746; x_wconf 80' lang='lat' dir='ltr'><strong>apparant</strong></span> <span class='ocrx_word' id='word_1_120' title='bbox 1126 1695 1169 1733; x_wconf 87' lang='lat' dir='ltr'><strong>et</strong></span> <span class='ocrx_word' id='word_1_121' title='bbox 1200 1691 1266 1732; x_wconf 91' lang='lat' dir='ltr'><strong>his</strong></span> <span class='ocrx_word' id='word_1_122' title='bbox 1298 1691 1595 1735; x_wconf 87' lang='lat' dir='ltr'><strong>describuntur</strong></span> <span class='ocrx_word' id='word_1_123' title='bbox 1625 1693 1788 1735; x_wconf 68' lang='lat' dir='ltr'><strong>verbis:</strong></span> <span class='ocrx_word' id='word_1_124' title='bbox 1823 1698 1898 1735; x_wconf 80' lang='grc' dir='ltr'><em>τῶν</em></span> 
     </span>
     <span class='ocr_line' id='line_1_19' title="bbox 317 1760 1695 1814; baseline 0.004 -12"><span class='ocrx_word' id='word_1_125' title='bbox 317 1777 362 1803; x_wconf 75' lang='grc' dir='ltr'><strong>τε</strong></span> <span class='ocrx_word' id='word_1_126' title='bbox 394 1761 556 1813; x_wconf 78' lang='grc' dir='ltr'><em>λύχνων</em></span> <span class='ocrx_word' id='word_1_127' title='bbox 589 1760 834 1813; x_wconf 70' lang='grc' dir='ltr'><em>ἀντέχονται</em></span> <span class='ocrx_word' id='word_1_128' title='bbox 867 1762 936 1803; x_wconf 74' lang='grc' dir='ltr'><strong>καὶ</strong></span> <span class='ocrx_word' id='word_1_129' title='bbox 974 1766 1244 1814; x_wconf 77' lang='grc' dir='ltr'><em>περισπῶνται</em></span> <span class='ocrx_word' id='word_1_130' title='bbox 1278 1763 1364 1814; x_wconf 78' lang='grc' dir='ltr'><strong>περὶ</strong></span> <span class='ocrx_word' id='word_1_131' title='bbox 1399 1763 1477 1810; x_wconf 74' lang='grc' dir='ltr'><strong>τὰς</strong></span> <span class='ocrx_word' id='word_1_132' title='bbox 1509 1764 1695 1811; x_wconf 78' lang='grc' dir='ltr'><em>κύλικας.</em></span> 
     </span>
    </p>
   </div>
   <div class='ocr_carea' id='block_1_6' title="bbox 311 1905 1899 2735">
    <p class='ocr_par' dir='ltr' id='par_1_8' title="bbox 314 1905 1899 2103">
     <span class='ocr_line' id='line_1_20' title="bbox 375 1905 1898 1964; baseline 0.003 -16"><span class='ocrx_word' id='word_1_133' title='bbox 375 1907 432 1948; x_wconf 91' lang='lat' dir='ltr'><strong>ib.</strong></span> <span class='ocrx_word' id='word_1_134' title='bbox 477 1905 667 1962; x_wconf 90' lang='lat' dir='ltr'><strong>Denique</strong></span> <span class='ocrx_word' id='word_1_135' title='bbox 693 1908 951 1949; x_wconf 86' lang='lat' dir='ltr'><strong>enumeratis</strong></span> <span class='ocrx_word' id='word_1_136' title='bbox 978 1908 1064 1948; x_wconf 89' lang='lat' dir='ltr'><strong>iam</strong></span> <span class='ocrx_word' id='word_1_137' title='bbox 1092 1907 1289 1950; x_wconf 90' lang='lat' dir='ltr'><strong>omnibns</strong></span> <span class='ocrx_word' id='word_1_138' title='bbox 1315 1921 1423 1964; x_wconf 89' lang='lat' dir='ltr'><strong>quae</strong></span> <span class='ocrx_word' id='word_1_139' title='bbox 1449 1910 1682 1952; x_wconf 83' lang='lat' dir='ltr'><strong>necessaria</strong></span> <span class='ocrx_word' id='word_1_140' title='bbox 1698 1909 1898 1953; x_wconf 84' lang='lat' dir='ltr'><strong>videntur</strong></span> 
     </span>
     <span class='ocr_line' id='line_1_21' title="bbox 315 1977 1899 2032; baseline 0.003 -14"><span class='ocrx_word' id='word_1_141' title='bbox 315 1978 566 2019; x_wconf 89' lang='lat' dir='ltr'><strong>convivium</strong></span> <span class='ocrx_word' id='word_1_142' title='bbox 613 1978 845 2032; x_wconf 79' lang='lat' dir='ltr'><strong>apparenti,</strong></span> <span class='ocrx_word' id='word_1_143' title='bbox 894 1978 953 2019; x_wconf 90' lang='lat' dir='ltr'><strong>sic</strong></span> <span class='ocrx_word' id='word_1_144' title='bbox 991 1978 1136 2019; x_wconf 90' lang='lat' dir='ltr'><strong>inanes</strong></span> <span class='ocrx_word' id='word_1_145' title='bbox 1176 1979 1279 2020; x_wconf 88' lang='lat' dir='ltr'><strong>istos</strong></span> <span class='ocrx_word' id='word_1_146' title='bbox 1320 1977 1484 2021; x_wconf 87' lang='lat' dir='ltr'><strong>labores</strong></span> <span class='ocrx_word' id='word_1_147' title='bbox 1525 1979 1715 2023; x_wconf 83' lang='lat' dir='ltr'><strong>confutat</strong></span> <span class='ocrx_word' id='word_1_148' title='bbox 1755 1985 1899 2024; x_wconf 87' lang='lat' dir='ltr'><strong>noster</strong></span> 
     </span>
     <span class='ocr_line' id='line_1_22' title="bbox 314 2046 1388 2103; baseline 0.002 -15"><span class='ocrx_word' id='word_1_149' title='bbox 314 2050 440 2102; x_wconf 86' lang='lat' dir='ltr'><strong>atque</strong></span> <span class='ocrx_word' id='word_1_150' title='bbox 473 2048 532 2088; x_wconf 86' lang='lat' dir='ltr'><strong>sic</strong></span> <span class='ocrx_word' id='word_1_151' title='bbox 564 2046 763 2089; x_wconf 89' lang='lat' dir='ltr'><strong>monendi</strong></span> <span class='ocrx_word' id='word_1_152' title='bbox 794 2046 1051 2103; x_wconf 86' lang='lat' dir='ltr'><strong>docendique</strong></span> <span class='ocrx_word' id='word_1_153' title='bbox 1082 2047 1209 2090; x_wconf 90' lang='lat' dir='ltr'><strong>finem</strong></span> <span class='ocrx_word' id='word_1_154' title='bbox 1241 2048 1388 2090; x_wconf 43' lang='lat' dir='ltr'><strong>facitz*</strong></span> 
     </span>
    </p>

    <p class='ocr_par' dir='ltr' id='par_1_9' title="bbox 375 2116 1894 2171">
     <span class='ocr_line' id='line_1_23' title="bbox 375 2116 1894 2171; baseline 0.004 -14"><span class='ocrx_word' id='word_1_155' title='bbox 375 2117 489 2158; x_wconf 73' lang='grc' dir='ltr'><strong>ἀλλὰ</strong></span> <span class='ocrx_word' id='word_1_156' title='bbox 524 2116 780 2168; x_wconf 74' lang='grc' dir='ltr'><em>σωφροσύνης</em></span> <span class='ocrx_word' id='word_1_157' title='bbox 811 2133 878 2168; x_wconf 70' lang='grc' dir='ltr'><strong>γε,</strong></span> <span class='ocrx_word' id='word_1_158' title='bbox 923 2116 998 2159; x_wconf 75' lang='grc' dir='ltr'><em>κᾶν</em></span> <span class='ocrx_word' id='word_1_159' title='bbox 1030 2117 1148 2166; x_wconf 83' lang='grc' dir='ltr'><em>μόνος</em></span> <span class='ocrx_word' id='word_1_160' title='bbox 1181 2117 1332 2170; x_wconf 69' lang='grc' dir='ltr'><em>δειπνῇ,</em></span> <span class='ocrx_word' id='word_1_161' title='bbox 1363 2119 1494 2160; x_wconf 77' lang='grc' dir='ltr'><em>δεῖται</em></span> <span class='ocrx_word' id='word_1_162' title='bbox 1528 2119 1597 2161; x_wconf 77' lang='grc' dir='ltr'><strong>καὶ</strong></span> <span class='ocrx_word' id='word_1_163' title='bbox 1631 2119 1894 2171; x_wconf 74' lang='grc' dir='ltr'><em>δικαιοσύνης.</em></span> 
     </span>
    </p>

    <p class='ocr_par' dir='ltr' id='par_1_10' title="bbox 311 2185 1894 2735">
     <span class='ocr_line' id='line_1_24' title="bbox 379 2185 1894 2234; baseline 0.004 -6"><span class='ocrx_word' id='word_1_164' title='bbox 379 2185 584 2229; x_wconf 84' lang='lat' dir='ltr'><strong>Ultimam</strong></span> <span class='ocrx_word' id='word_1_165' title='bbox 627 2201 774 2230; x_wconf 88' lang='lat' dir='ltr'><strong>vocem</strong></span> <span class='ocrx_word' id='word_1_166' title='bbox 819 2187 929 2229; x_wconf 92' lang='lat' dir='ltr'><strong>unde</strong></span> <span class='ocrx_word' id='word_1_167' title='bbox 972 2188 1123 2230; x_wconf 86' lang='lat' dir='ltr'><strong>habeat</strong></span> <span class='ocrx_word' id='word_1_168' title='bbox 1154 2203 1236 2231; x_wconf 90' lang='lat' dir='ltr'><strong>non</strong></span> <span class='ocrx_word' id='word_1_169' title='bbox 1269 2189 1374 2231; x_wconf 78' lang='lat' dir='ltr'><strong>dicit</strong></span> <span class='ocrx_word' id='word_1_170' title='bbox 1403 2189 1552 2233; x_wconf 84' lang='lat' dir='ltr'><strong>editor.</strong></span> <span class='ocrx_word' id='word_1_171' title='bbox 1586 2190 1700 2233; x_wconf 89' lang='lat' dir='ltr'><strong>Mihi</strong></span> <span class='ocrx_word' id='word_1_172' title='bbox 1731 2191 1783 2234; x_wconf 90' lang='lat' dir='ltr'><strong>ab</strong></span> <span class='ocrx_word' id='word_1_173' title='bbox 1815 2191 1894 2234; x_wconf 85' lang='lat' dir='ltr'><strong>hoe</strong></span> 
     </span>
     <span class='ocr_line' id='line_1_25' title="bbox 313 2255 1893 2319; baseline 0.004 -21"><span class='ocrx_word' id='word_1_174' title='bbox 313 2255 404 2298; x_wconf 87' lang='lat' dir='ltr'><strong>loco</strong></span> <span class='ocrx_word' id='word_1_175' title='bbox 449 2256 562 2299; x_wconf 90' lang='lat' dir='ltr'><strong>haud</strong></span> <span class='ocrx_word' id='word_1_176' title='bbox 603 2258 747 2300; x_wconf 89' lang='lat' dir='ltr'><strong>minus</strong></span> <span class='ocrx_word' id='word_1_177' title='bbox 789 2256 924 2300; x_wconf 87' lang='lat' dir='ltr'><strong>aliena</strong></span> <span class='ocrx_word' id='word_1_178' title='bbox 967 2257 1137 2301; x_wconf 87' lang='lat' dir='ltr'><strong>videtur</strong></span> <span class='ocrx_word' id='word_1_179' title='bbox 1177 2272 1305 2314; x_wconf 89' lang='lat' dir='ltr'><strong>quam</strong></span> <span class='ocrx_word' id='word_1_180' title='bbox 1338 2259 1588 2315; x_wconf 85' lang='lat' dir='ltr'><strong>praecedens</strong></span> <span class='ocrx_word' id='word_1_181' title='bbox 1620 2261 1893 2319; x_wconf 75' lang='grc' dir='ltr'><em>σωφροσύνης.</em></span> 
     </span>
     <span class='ocr_line' id='line_1_26' title="bbox 314 2325 1894 2388; baseline 0.003 -18"><span class='ocrx_word' id='word_1_182' title='bbox 314 2325 596 2378; x_wconf 86' lang='lat' dir='ltr'><strong>Continentia,</strong></span> <span class='ocrx_word' id='word_1_183' title='bbox 639 2329 800 2384; x_wconf 89' lang='lat' dir='ltr'><strong>opinor,</strong></span> <span class='ocrx_word' id='word_1_184' title='bbox 833 2332 876 2371; x_wconf 90' lang='lat' dir='ltr'><strong>et</strong></span> <span class='ocrx_word' id='word_1_185' title='bbox 905 2329 1072 2371; x_wconf 89' lang='lat' dir='ltr'><strong>iustitia</strong></span> <span class='ocrx_word' id='word_1_186' title='bbox 1103 2343 1270 2382; x_wconf 87' lang='lat' dir='ltr'><strong>semper</strong></span> <span class='ocrx_word' id='word_1_187' title='bbox 1301 2334 1343 2372; x_wconf 94' lang='lat' dir='ltr'><strong>et</strong></span> <span class='ocrx_word' id='word_1_188' title='bbox 1375 2331 1532 2386; x_wconf 87' lang='lat' dir='ltr'><strong>ubique</strong></span> <span class='ocrx_word' id='word_1_189' title='bbox 1564 2345 1669 2388; x_wconf 89' lang='lat' dir='ltr'><strong>opus</strong></span> <span class='ocrx_word' id='word_1_190' title='bbox 1699 2335 1777 2383; x_wconf 85' lang='lat' dir='ltr'><strong>est,</strong></span> <span class='ocrx_word' id='word_1_191' title='bbox 1809 2346 1894 2375; x_wconf 86' lang='lat' dir='ltr'><strong>non</strong></span> 
     </span>
     <span class='ocr_line' id='line_1_27' title="bbox 311 2397 1893 2459; baseline 0.005 -22"><span class='ocrx_word' id='word_1_192' title='bbox 311 2397 356 2437; x_wconf 91' lang='lat' dir='ltr'><strong>in</strong></span> <span class='ocrx_word' id='word_1_193' title='bbox 397 2411 499 2439; x_wconf 89' lang='lat' dir='ltr'><strong>cena</strong></span> <span class='ocrx_word' id='word_1_194' title='bbox 540 2397 850 2441; x_wconf 89' lang='lat' dir='ltr'><strong>tantummodo.</strong></span> <span class='ocrx_word' id='word_1_195' title='bbox 895 2398 1059 2450; x_wconf 82' lang='lat' dir='ltr'><strong>Quanto</strong></span> <span class='ocrx_word' id='word_1_196' title='bbox 1102 2400 1259 2442; x_wconf 85' lang='lat' dir='ltr'><strong>rectius</strong></span> <span class='ocrx_word' id='word_1_197' title='bbox 1301 2414 1402 2458; x_wconf 80' lang='lat' dir='ltr'><strong>ergo</strong></span> <span class='ocrx_word' id='word_1_198' title='bbox 1434 2400 1789 2459; x_wconf 84' lang='lat' dir='ltr'><strong>Wyttenbachius</strong></span> <span class='ocrx_word' id='word_1_199' title='bbox 1831 2403 1893 2445; x_wconf 79' lang='grc' dir='ltr'><strong>εὖ·</strong></span> 
     </span>
     <span class='ocr_line' id='line_1_28' title="bbox 312 2467 1891 2524; baseline 0.004 -16"><span class='ocrx_word' id='word_1_200' title='bbox 312 2467 509 2518; x_wconf 55' lang='lat' dir='ltr'><strong>emaum</strong></span> <span class='ocrx_word' id='word_1_201' title='bbox 547 2499 585 2509; x_wconf 90' lang='lat'><strong>..</strong></span> <span class='ocrx_word' id='word_1_202' title='bbox 606 2499 615 2510; x_wconf 87' lang='lat'><strong>.</strong></span> <span class='ocrx_word' id='word_1_203' title='bbox 650 2468 717 2510; x_wconf 80' lang='grc' dir='ltr'><strong>καὶ</strong></span> <span class='ocrx_word' id='word_1_204' title='bbox 762 2469 939 2521; x_wconf 78' lang='grc' dir='ltr'><em>εὐωχίας</em></span> <span class='ocrx_word' id='word_1_205' title='bbox 985 2467 1139 2512; x_wconf 83' lang='lat' dir='ltr'><strong>edidit!</strong></span> <span class='ocrx_word' id='word_1_206' title='bbox 1183 2469 1300 2512; x_wconf 84' lang='lat' dir='ltr'><strong>Haec</strong></span> <span class='ocrx_word' id='word_1_207' title='bbox 1331 2484 1476 2514; x_wconf 89' lang='lat' dir='ltr'><strong>revera</strong></span> <span class='ocrx_word' id='word_1_208' title='bbox 1507 2471 1637 2514; x_wconf 89' lang='lat' dir='ltr'><strong>huius</strong></span> <span class='ocrx_word' id='word_1_209' title='bbox 1666 2476 1767 2516; x_wconf 86' lang='lat' dir='ltr'><strong>sunt</strong></span> <span class='ocrx_word' id='word_1_210' title='bbox 1795 2472 1891 2524; x_wconf 87' lang='lat' dir='ltr'><strong>loci,</strong></span> 
     </span>
     <span class='ocr_line' id='line_1_29' title="bbox 312 2529 1892 2597; baseline 0.006 -20"><span class='ocrx_word' id='word_1_211' title='bbox 312 2536 378 2578; x_wconf 91' lang='lat' dir='ltr'><strong>his</strong></span> <span class='ocrx_word' id='word_1_212' title='bbox 418 2551 564 2580; x_wconf 87' lang='lat' dir='ltr'><strong>revera</strong></span> <span class='ocrx_word' id='word_1_213' title='bbox 595 2539 639 2579; x_wconf 91' lang='lat' dir='ltr'><strong>in</strong></span> <span class='ocrx_word' id='word_1_214' title='bbox 672 2552 773 2581; x_wconf 89' lang='lat' dir='ltr'><strong>cena</strong></span> <span class='ocrx_word' id='word_1_215' title='bbox 805 2529 911 2594; x_wconf 89' lang='lat' dir='ltr'><strong>opus</strong></span> <span class='ocrx_word' id='word_1_216' title='bbox 943 2543 1029 2582; x_wconf 87' lang='lat' dir='ltr'><strong>est:</strong></span> <span class='ocrx_word' id='word_1_217' title='bbox 1062 2540 1205 2582; x_wconf 88' lang='lat' dir='ltr'><strong>animo</strong></span> <span class='ocrx_word' id='word_1_218' title='bbox 1237 2539 1377 2591; x_wconf 87' lang='lat' dir='ltr'><strong>hilari,</strong></span> <span class='ocrx_word' id='word_1_219' title='bbox 1410 2542 1499 2584; x_wconf 90' lang='lat' dir='ltr'><strong>sine</strong></span> <span class='ocrx_word' id='word_1_220' title='bbox 1530 2555 1613 2597; x_wconf 91' lang='lat' dir='ltr'><strong>quo</strong></span> <span class='ocrx_word' id='word_1_221' title='bbox 1645 2541 1714 2585; x_wconf 85' lang='lat' dir='ltr'><strong>vel</strong></span> <span class='ocrx_word' id='word_1_222' title='bbox 1744 2541 1892 2596; x_wconf 81' lang='lat' dir='ltr'><strong>lautis-</strong></span> 
     </span>
     <span class='ocr_line' id='line_1_30' title="bbox 312 2607 1890 2668; baseline 0.005 -20"><span class='ocrx_word' id='word_1_223' title='bbox 312 2609 443 2649; x_wconf 83' lang='lat' dir='ltr'><strong>simae</strong></span> <span class='ocrx_word' id='word_1_224' title='bbox 484 2607 633 2664; x_wconf 89' lang='lat' dir='ltr'><strong>epulae</strong></span> <span class='ocrx_word' id='word_1_225' title='bbox 675 2608 785 2651; x_wconf 90' lang='lat' dir='ltr'><strong>nihil</strong></span> <span class='ocrx_word' id='word_1_226' title='bbox 825 2610 982 2652; x_wconf 88' lang='lat' dir='ltr'><strong>habent</strong></span> <span class='ocrx_word' id='word_1_227' title='bbox 1014 2609 1317 2662; x_wconf 86' lang='lat' dir='ltr'><strong>delectationis,</strong></span> <span class='ocrx_word' id='word_1_228' title='bbox 1350 2618 1393 2653; x_wconf 84' lang='lat' dir='ltr'><strong>et</strong></span> <span class='ocrx_word' id='word_1_229' title='bbox 1424 2612 1527 2654; x_wconf 89' lang='lat' dir='ltr'><strong>cibis</strong></span> <span class='ocrx_word' id='word_1_230' title='bbox 1559 2614 1756 2668; x_wconf 84' lang='lat' dir='ltr'><strong>quamvis</strong></span> <span class='ocrx_word' id='word_1_231' title='bbox 1790 2614 1890 2656; x_wconf 87' lang='lat' dir='ltr'><strong>sim-</strong></span> 
     </span>
     <span class='ocr_line' id='line_1_31' title="bbox 312 2677 1239 2735; baseline 0.004 -16"><span class='ocrx_word' id='word_1_232' title='bbox 312 2677 506 2732; x_wconf 87' lang='lat' dir='ltr'><strong>plicibus,</strong></span> <span class='ocrx_word' id='word_1_233' title='bbox 539 2678 611 2720; x_wconf 93' lang='lat' dir='ltr'><strong>sed</strong></span> <span class='ocrx_word' id='word_1_234' title='bbox 643 2693 749 2734; x_wconf 85' lang='lat' dir='ltr'><strong>quae</strong></span> <span class='ocrx_word' id='word_1_235' title='bbox 783 2679 924 2735; x_wconf 87' lang='lat' dir='ltr'><strong>palato</strong></span> <span class='ocrx_word' id='word_1_236' title='bbox 957 2679 1239 2723; x_wconf 86' lang='lat' dir='ltr'><strong>blandiantur.</strong></span> 
     </span>
    </p>
   </div>
  </div>
 </body>
</html>
