2002 3372
1087 215 1174 257 208

343 335 524 387 πεφυκὸς
567 334 849 383 ἐπιθυμητικὸν
882 333 1092 385 κέκληται,
1136 336 1180 378 τὸ
1212 336 1245 377 δ’
1278 334 1363 377 ἔστι
1397 337 1470 384 μὲν
1506 334 1530 390 ᾖ
1561 337 1687 388 τούτῳ
1722 337 1922 389 προστιθέ-

344 421 472 458 μενον,
508 404 591 447 ἔστι
627 405 660 446 δ’
693 402 717 458 ᾗ
745 406 798 457 τῷ
826 406 1012 457 λογισμῷ
1040 405 1220 459 παρέχον
1247 407 1370 459 ἰσχὺν
1399 406 1463 448 ἐπὶ
1495 410 1611 450 τοῦτο
1640 408 1706 450 καὶ
1735 407 1919 461 δύναμιν,

342 476 557 527 θυμοειδές.

399 547 513 589 Illud
546 546 610 588 ἐπὶ
645 549 763 587 τοῦτο
796 546 898 601 quid
932 546 1013 588 sibi
1047 546 1151 589 velit
1186 561 1269 590 non
1300 548 1450 601 video3
1483 550 1519 591 si
1552 547 1729 601 deletur,
1761 549 1920 606 optime

339 618 524 660 decurrit
554 618 761 659 sententia
792 630 926 672 neque
958 617 1191 674 quidquam
1217 618 1492 670 desideratur,
1521 620 1558 662 si
1583 621 1804 673 retinetur,
1831 633 1922 676 per-

339 689 565 731 turbantur
596 689 750 730 omnia.

397 814 454 856 ib.
497 813 621 856 Plato
652 812 804 856 harum
834 815 1022 870 partium
1054 814 1329 857 differentiam
1362 817 1549 858 maxime
1577 815 1837 860 demonstrat
1864 823 1913 869 τῇ

337 888 407 926 τοῦ
452 884 712 937 λογιζομένου
755 886 823 926 καὶ
867 888 1103 937 φρονοῦντος
1145 885 1364 936 ἀντιβάσει
1397 887 1490 937 πρὸς
1524 886 1570 928 τὸ
1604 887 1818 938 ἐπιθυμοῦν
1843 888 1911 930 καὶ

338 956 595 1004 θυμούμενον.

396 1027 535 1069 Immo
576 1028 642 1067 καὶ
687 1027 732 1069 τὸ
775 1027 1034 1075 θυμούμενον.
1079 1026 1280 1070 Diversae
1321 1029 1433 1070 enim
1466 1031 1567 1071 sunt
1598 1032 1738 1084 partes
1770 1028 1815 1070 τὸ
1847 1028 1914 1072 ἐπ.

336 1101 378 1140 et·
418 1099 463 1138 τὸ
507 1097 598 1147 θυμ.
635 1097 714 1139 His
750 1097 861 1152 apud
894 1096 958 1139 W.
993 1097 1229 1140 adduntur:
1264 1095 1392 1148 ὥσπερ
1425 1095 1544 1149 ἕτερα
1577 1096 1679 1141 εἶναι
1711 1099 1914 1146 πολλάκις

337 1169 580 1210 ἀπειθοῦντα
610 1169 678 1209 καὶ
710 1167 1005 1220 δυσμαχοῦντα
1034 1170 1130 1218 πρὸς
1157 1169 1201 1209 τὸ
1228 1167 1459 1220 βέλτιστον,
1485 1182 1591 1225 quae
1607 1170 1682 1212 vix
1696 1168 1912 1226 intelligo;

335 1239 444 1296 apud
491 1239 538 1281 B.
576 1240 627 1286 ὥς
661 1238 706 1280 τὸ
738 1237 868 1289 ἕτερον
902 1236 1002 1281 εἶναι
1036 1239 1240 1299 πολλάκις
1273 1241 1460 1281 ἀπειθοῦν
1492 1256 1537 1281 τε
1569 1239 1638 1283 καὶ
1673 1240 1914 1292 δυσμαχοῦν

335 1312 432 1363 πρὸς
464 1310 509 1352 τὸ
541 1311 773 1360 βέλτιστον,
806 1324 925 1366 quae,
961 1324 982 1351 e
1008 1311 1247 1352 coniectura
1273 1312 1319 1352 in
1347 1314 1514 1353 textum
1540 1310 1797 1363 introducta,
1822 1311 1916 1367 ipsa

334 1386 453 1424 nocte
486 1381 726 1423 obscuriora
759 1385 869 1423 sunt.
903 1380 999 1422 Alia
1031 1394 1136 1436 opus
1168 1385 1232 1423 est
1263 1380 1569 1431 emendatione,
1599 1380 1671 1424 sed
1698 1381 1806 1423 mihi
1831 1395 1913 1424 non

334 1455 399 1494 est
428 1452 470 1493 iu
505 1456 721 1507 promptu.

395 1586 528 1629 442ss
561 1586 803 1629 Secundum
828 1585 1101 1629 Aristotelem
1130 1586 1335 1642 quaedam
1360 1589 1504 1639 ψυχῆς
1522 1586 1621 1637 μέρη
1639 1583 1740 1634 ὅλως
1756 1586 1908 1635 ἀνήκοα

333 1658 457 1707 λόγου
503 1657 568 1699 καὶ
615 1658 736 1708 κωφοὶ
781 1657 921 1707 τρόπον
954 1673 1044 1698 τινα
1078 1662 1152 1704 τῆς
1184 1657 1332 1707 σαρκὸς
1365 1657 1684 1706 ἐκβεβλάστηκε
1717 1657 1786 1699 καὶ
1820 1656 1907 1709 περὶ

333 1729 378 1770 τὸ
410 1732 530 1776 σῶμα
563 1729 778 1775 παντελῶς
811 1728 1102 1778 καταπέφυκε.

393 1798 607 1841 Ultimum
640 1797 896 1841 vocabulum
927 1799 1033 1841 mihi
1059 1799 1309 1841 obscurum:
1343 1799 1566 1854 compositi
1591 1799 1801 1841 rationem
1827 1813 1910 1841 non

331 1870 550 1925 perspicio.
600 1869 764 1925 Ecquid
795 1869 1048 1911 καταδέδυκε
1079 1866 1336 1925 legendum?
1369 1883 1411 1911 v.
1443 1867 1508 1911 Pl.
1542 1866 1674 1926 Gorg.
1709 1867 1795 1912 485
1812 1868 1864 1911 D.

392 1993 523 2035 4421?
570 1996 614 2036 τὸ
648 1998 765 2043 σῶμα
800 1996 853 2036 τοὶ
888 1995 987 2044 μέρη
1020 1998 1426 2047 συνευσχημονοῦντα
1460 2002 1510 2047 τῇ
1546 1996 1668 2046 κρίσει
1701 1994 1904 2048 παρέσχε.

390 2063 608 2120 Optimam
656 2065 829 2107 editoris
878 2063 1028 2108 Graeci
1075 2066 1412 2108 emendationem
1453 2067 1561 2116 μέλη
1604 2079 1679 2122 pro
1721 2065 1820 2116 μέρη
1861 2065 1907 2106 in

330 2139 495 2177 textum
530 2142 744 2191 receptam
777 2137 980 2192 oportuit.

392 2260 525 2303 445E
568 2260 637 2303 Sic
669 2261 918 2303 describitur
949 2261 1169 2311 ἀκολασία,
1201 2262 1407 2303 vitiorum
1438 2264 1700 2303 extremum:

390 2330 547 2384 ἔχουσα
589 2332 657 2373 καὶ
702 2332 829 2379 πάθος
862 2335 1023 2383 φαῦλον
1056 2333 1124 2373 καὶ
1159 2331 1295 2382 λόγον,
1331 2331 1401 2382 ὑφ’
1435 2328 1478 2372 οὗ
1511 2331 1584 2380 μὲν
1617 2329 1816 2382 ἐξάγεται
1850 2331 1905 2382 τῷ

331 2403 537 2451 ἐπιθυμεῖν
581 2402 674 2453 πρὸς
718 2403 763 2443 τὸ
806 2403 988 2454 αἰσχρόν,
1025 2402 1096 2454 ὑφ’
1129 2399 1172 2444 οὗ
1204 2402 1244 2443 δὲ
1277 2402 1332 2454 τῷ
1365 2405 1500 2448 κακῶς
1533 2401 1672 2452 κρίνειν
1705 2401 1905 2452 προστιθε-

330 2472 448 2522 μένου
491 2477 584 2519 ταῖς
627 2474 862 2522 ἐπιθυμίαις
905 2472 974 2513 καὶ
1017 2475 1088 2519 την
1122 2471 1302 2521 αἴσθησιν
1337 2471 1574 2522 ἀποβάλλει
1608 2475 1684 2513 τῶν
1716 2471 1906 2523 ἁμαρτα-

329 2542 511 2592 νομένων.

390 2612 492 2655 Dele
522 2613 720 2655 inutilem
755 2615 1071 2656 annotationem
1103 2616 1155 2663 τῷ
1191 2614 1414 2662 ἐπιθυμεῖν.

389 2737 523 2780 44713}
565 2737 786 2781 Dubitatio
818 2753 900 2781 non
932 2738 1029 2780 inde
1062 2739 1197 2780 oritur
1228 2737 1341 2792 quod
1373 2736 1478 2779 duae
1509 2737 1692 2778 rationes
1722 2735 1833 2776 inter
1861 2748 1904 2777 se

327 2814 520 2864 pugnant
552 2810 623 2851 sed
656 2810 766 2865 quod
798 2809 968 2852 affectus
999 2810 1153 2850 rationi
1184 2808 1334 2850 obstat.
1366 2807 1502 2850 Datur
1527 2806 1606 2848 hoc
1633 2804 1903 2861 exemplum:

389 2880 475 2929 περὶ
521 2881 599 2926 τὰς
642 2884 786 2930 κρίσεις
831 2884 907 2920 τῶν
948 2879 1212 2928 συμβολαίων
1256 2877 1534 2929 ὑποτρέχοντα
1577 2877 1631 2917 τοὶ
1676 2876 1784 2922 παθη
1829 2876 1902 2923 την

330 2948 526 2995 πλείστην
561 2950 722 2998 ἐμποιεῖ
753 2949 975 3000 διατριβήν.
