2002 3372
865 286 952 341 355

111 416 310 485 loquium
353 419 468 468 illud
508 424 680 468 varium
721 435 950 479 rerumque
991 421 1190 480 plenum,
1239 418 1352 478 quod
1397 414 1596 464 habitum
1646 416 1711 464 est

113 495 284 550 mustus,
325 494 506 539 inclusit
545 496 592 538 in
632 493 752 538 aliud
793 492 1059 550 colloquium
1093 493 1206 550 quod
1238 493 1420 536 Athenis
1450 492 1605 535 habere
1635 491 1711 534 fin-

112 572 280 627 guntur
318 566 640 624 Epaminondae
671 566 803 609 frater
833 563 1056 621 Caphisias
1087 568 1130 608 et
1161 564 1448 608 Archidamus
1480 578 1555 606 rex
1586 562 1712 620 Spar—

113 643 328 684 tanorum.
360 637 513 682 Nonne
543 637 614 682 hic
643 637 689 680 in
721 635 880 680 claram
911 635 1055 692 prodit
1086 635 1228 679 lucem
1260 634 1454 678 studium
1487 633 1599 678 illud
1625 633 1714 691 glo·

114 710 259 763 riolae,
305 724 330 753 a
371 724 456 767 quo
498 723 596 753 sum
639 721 829 759 exorsus,
873 721 958 750 non
999 705 1316 764 philosophicae
1355 706 1430 750 sed
1469 703 1714 750 literariae?

115 782 271 827 Nonne
310 785 485 825 strenue
523 794 696 838 operam
737 779 911 822 dantem
953 777 1235 822 Plutarchum
1277 777 1633 835 deprehendimus
1664 780 1715 820 ut

114 852 333 898 narrandi
354 851 678 910 exponendique
719 855 848 908 atque
887 850 990 894 adeo
1022 850 1230 908 pingendi
1262 849 1441 894 artificio
1471 852 1616 907 ipsum
1649 863 1716 893 su-

115 930 235 984 peret
265 922 521 969 Platonem?

176 996 288 1042 Nam
330 1009 440 1054 quae
480 994 579 1039 aliis
618 995 795 1038 fortasse
832 996 982 1051 magni
1012 995 1224 1037 momenti
1256 994 1477 1038 videbitur
1507 994 1714 1050 quaestio,

116 1067 240 1113 illam
287 1082 370 1126 ego
409 1068 484 1111 vix
531 1066 707 1124 dignam
755 1066 939 1109 arbitror
984 1080 1092 1122 quae
1139 1067 1378 1109 accuratius
1419 1069 1715 1122 pertrectetur.

116 1141 258 1203 Erunt
302 1140 423 1184 enim
467 1140 544 1195 qui
588 1141 743 1196 rogent
785 1139 860 1194 qui
901 1138 1064 1181 factum
1107 1138 1164 1180 sit
1205 1141 1256 1180 ut
1297 1138 1341 1180 in
1383 1138 1624 1180 narratione
1667 1136 1718 1179 de

117 1212 279 1258 Thebis
317 1211 512 1258 liberatis
551 1210 655 1255 adeo
691 1210 860 1253 recedat
890 1208 1149 1253 Plutarchus
1179 1209 1232 1252 ab
1262 1208 1338 1253 illo
1369 1213 1556 1260 auctore,
1589 1222 1718 1266 quem

118 1285 271 1342 magni
298 1283 447 1328 -facere
487 1281 621 1326 soleat
653 1283 811 1339 quique
842 1280 918 1325 illo
948 1282 1109 1326 vixerit
1141 1285 1350 1338 tempore,
1381 1280 1719 1338 Xenophontem

119 1356 227 1401 dico.
246 1354 438 1413 Iamque
463 1355 681 1412 praesagit
708 1354 879 1397 animus
908 1354 1130 1410 „impense
1157 1352 1329 1396 doctas”
1356 1356 1424 1405 (ut
1449 1367 1549 1395 cum
1577 1350 1719 1396 Gellio

118 1427 290 1486 loquar)
314 1426 643 1484 disputationes
682 1439 866 1482 quarum
896 1425 977 1469 hoc
1009 1429 1074 1469 est
1105 1423 1335 1468 consilium
1367 1429 1416 1468 ut
1449 1439 1549 1468 cum
1581 1423 1720 1467 Xeno-

121 1500 282 1558 phonte
313 1498 572 1542 Plutarchus
607 1497 890 1550 „reducatur”
924 1499 1002 1551 (sic
1034 1499 1151 1540 enim
1175 1496 1295 1554 loqui
1321 1496 1458 1540 solent
1483 1498 1568 1540 viri
1595 1496 1721 1548 docti,

122 1586 303 1630 quorum
346 1585 518 1614 summa
560 1584 673 1613 nunc
705 1570 954 1622 auctoritas)
987 1570 1039 1613 ad
1073 1583 1345 1613 communem
1380 1568 1591 1626 quendam
1625 1582 1721 1611 auc-

122 1649 275 1687 torem'
294 1643 429 1686 cuius
469 1655 521 1685 ne
562 1655 650 1685 una
691 1641 866 1698 quidem
897 1640 951 1684 ad
981 1655 1057 1684 nos
1087 1642 1331 1698 pervenerit
1361 1641 1532 1698 pagina.
1573 1639 1656 1693 Qui
1687 1641 1723 1681 si

123 1713 314 1759 semele
340 1713 511 1765 Photio,
555 1712 694 1757 aliove
727 1713 842 1756 fonte
874 1711 1090 1756 lutulento
1122 1714 1204 1755 erit
1237 1715 1400 1764 erutus,
1431 1713 1648 1755 continere
1679 1725 1723 1754 se

125 1787 325 1839 fossores·
347 1800 432 1829 non
473 1786 664 1842 poterint
695 1785 799 1841 quin
833 1783 996 1828 crudeli
1025 1783 1094 1826 illi
1125 1783 1381 1841 indulgeant
1416 1782 1627 1840 voluptati
1659 1797 1725 1826 su-

124 1857 317 1914 perstitis
361 1857 582 1914 scriptoris
627 1857 692 1899 ita
732 1855 998 1912 discerpendi
1040 1855 1359 1912 dilaniandique
1400 1860 1451 1898 ut
1492 1870 1569 1912 pro
1610 1856 1725 1899 vitae

124 1929 254 1988 plena,>
282 1930 524 1974 narratione
556 1927 689 1973 vilem
721 1928 956 1971 habeamus
987 1932 1030 1971 et
1062 1929 1306 1971 exanimem
1338 1928 1578 1970 materiem.
1613 1926 1724 1969 Nam

125 2002 240 2046 huuc
281 2003 487 2045 eventum
521 2003 612 2044 tota
641 1999 719 2043 illa
749 2000 925 2043 habebit
957 1999 1200 2056 disquisitio
1232 2004 1282 2042 ut
1315 1999 1526 2056 quidquid
1558 1997 1727 2041 Plutar-

127 2073 234 2117 chus
267 2072 399 2116 habet
424 2071 586 2116 decoris
608 2076 652 2115 et
679 2072 922 2114 ornamenti
947 2073 994 2113 in
1017 2070 1146 2114 illum
1173 2071 1414 2114 conferatur
1437 2071 1727 2114 tenebrionem

126 2147 252 2193 cuius
282 2158 438 2189 nomen
467 2143 647 2187 adversa
679 2143 888 2201 quaedam
920 2143 1043 2186 nobis
1067 2144 1259 2186 servavit
1284 2143 1468 2196 fortuna,
1496 2141 1727 2185 Plutarcho

127 2229 231 2263 vero
270 2215 540 2274 relinquatur
580 2214 689 2258 nihi]
733 2219 901 2272 praeter
943 2213 1112 2258 servilis
1158 2213 1449 2271 compilatoris
1489 2214 1727 2257 infamiam.

129 2289 197 2332 At
228 2287 341 2331 mihi
382 2300 529 2331 omnes
571 2286 669 2330 illas
711 2300 819 2344 quae
856 2288 970 2329 inter
1001 2285 1329 2343 Xenophontem
1362 2284 1730 2342 Plutarchumque

129 2363 233 2404 sunt
271 2359 576 2416 discrepantias
616 2358 899 2402 consideranti
923 2357 1011 2410 ⁴(ad
1042 2372 1222 2400 numeros
1250 2359 1502 2415 praesertim
1535 2371 1608 2400 eae
1640 2371 1731 2414 per-

131 2433 294 2475 tinentt
321 2430 436 2488 apud
465 2429 794 2487 Xenophontem
823 2428 873 2472 de
897 2434 1042 2485 septem
1068 2428 1260 2487 legimus
1286 2428 1487 2472 exulibus
1503 2427 1731 2480 ¹l'hebaniS,

131 2501 245 2560 apud
286 2499 571 2545 Plutarchum
612 2500 664 2544 de
705 2500 931 2553 duodecim;
974 2499 1026 2543 de
1065 2501 1246 2558 triginta
1277 2499 1471 2557 loquitur
1502 2500 1732 2544 coniuratis

132 2572 406 2624 Plutarchus,
447 2571 622 2615 nullum
664 2585 813 2616 eorum
845 2586 1077 2615 numerum
1108 2572 1271 2629 profert
1302 2571 1560 2629 Xenophon)
1593 2571 1732 2615 solum

132 2645 212 2688 hoc
253 2643 424 2687 videtur
465 2642 701 2687 verisimile
742 2648 870 2700 atque
911 2644 991 2687 hoc
1033 2657 1171 2687 unum
1211 2647 1398 2687 statuere
1430 2657 1554 2700 posse
1584 2645 1734 2700 opinor

134 2730 205 2760 eos
246 2717 322 2772 qui
363 2730 446 2759 non
488 2715 751 2772 iniquissimi
784 2714 834 2758 de
865 2714 1098 2758 Plutarcho
1131 2729 1219 2758 esse
1251 2713 1387 2758 velint
1418 2714 1594 2766 iudice5‚
1627 2728 1734 2771 quae

134 2791 352 2845 postremo
392 2786 634 2843 Xenophon
665 2785 717 2829 de
748 2786 930 2830 Archiae
962 2787 1140 2843 eiusque
1170 2788 1217 2829 in
1247 2785 1322 2829 illa
1354 2785 1584 2843 tyrannide
1613 2781 1736 2829 colle-

135 2873 313 2917 garum.
336 2858 450 2903 dicat
489 2862 653 2902 morte:
687 2859 776 2909 „sic
808 2857 1005 2901 nonnulli
1036 2857 1134 2901 illos
1166 2859 1281 2902 viros
1313 2857 1516 2901 occidisse
1546 2856 1735 2909 tradunt,

137 2929 211 2974 alii
252 2943 354 2974 vero
394 2934 568 2973 narrant
610 2928 828 2972 Melonem
862 2930 1081 2985 sociosque
1113 2930 1207 2972 eius
1237 2933 1459 2986 tamquam
1490 2929 1737 2972 commissa*

138 3005 253 3045 tores
292 2999 346 3045 ad
388 3002 640 3046 convivium
683 3002 908 3044 accessisse
951 3005 994 3044 et
1025 2999 1321 3058 polemarchos
1351 3002 1564 3053 necasse''‚
1597 3015 1646 3044 ea
1677 3001 1737 3043 sic

138 3074 184 3117 in
215 3087 344 3116 suum
377 3087 505 3116 usum
533 3074 791 3118 convertisse
818 3071 1101 3116 Plutarchum
1128 3076 1178 3115 ut
1205 3076 1247 3116 et
1272 3074 1388 3130 ipsos
1413 3072 1512 3116 illos
1538 3086 1738 3116 numeros
