2002 3372
316 327 482 369 fecisset
524 325 647 376 illud,
688 324 759 367 sed
799 339 841 367 se
874 326 918 367 in
950 325 1159 369 invidiam
1192 327 1422 384 odiumque
1455 327 1567 384 apud
1599 328 1794 372 futurum
1826 328 1896 372 ad·

315 397 505 439 duxisset
546 398 860 452 imperatorem.
903 395 1112 440 Postridie
1155 412 1254 440 cum
1295 398 1346 441 de
1389 412 1506 441 more
1538 398 1696 442 Fabius
1726 398 1780 442 ad
1810 399 1897 442 Au·

1970 0 2002 388 ι

314 470 494 523 gustum
542 467 727 508 venisset
781 479 964 522 eumque
1018 467 1078 509 sic
1125 466 1434 524 alloqueretur:
1488 467 1606 512 salve
1651 469 1896 526 imperator,

313 550 562 592 responsum
604 535 728 578 tulit:
763 536 855 579 vale
887 536 1003 579 Fabi.
1036 536 1156 589 Quod
1188 538 1291 594 quid
1321 538 1402 581 sibi
1434 537 1563 581 vellet
1596 540 1743 582 statim
1774 539 1897 583 intel·

313 606 433 658 lexit,
477 607 652 649 domum
695 606 823 649 rediit
863 621 1123 664 uxoremque
1166 609 1225 651 sic
1268 611 1331 651 est
1363 607 1597 652 allocutus:
1631 613 1841 654 secretum
1872 623 1897 653 a

313 691 382 719 me
414 676 631 732 prolatum
663 678 893 733 imperator
922 677 1210 734 deprehendit,
1243 693 1355 722 nunc
1386 679 1495 721 mihi
1521 683 1584 723 est
1611 679 1894 724 moriendum.

313 748 453 803 Atque
484 746 578 789 illa:
605 748 780 790 meritas
807 747 880 790 das
906 762 1074 804 poenas,
1104 751 1177 805 qui
1204 763 1302 792 cum
1329 763 1398 792 me
1425 764 1500 806 per
1526 749 1684 794 multos
1699 751 1896 794 habueris

313 831 443 860 annos
487 831 662 860 uxorem
695 821 838 861 tamen
871 833 1000 875 quam
1032 833 1167 862 essem
1197 819 1353 875 loquax
1385 834 1606 876 nunquam
1636 820 1896 865 intellexeris

313 902 445 944 neque
476 888 592 930 istud
624 889 781 932 vitium
817 891 989 933 caveris.
1023 889 1105 932 Sed
1137 904 1206 933 me
1238 892 1328 933 sine
1360 892 1557 946 priorem.
1590 891 1659 934 Sic
1690 891 1777 935 fata
1807 890 1896 949 gla-

312 958 381 1001 dio
413 963 578 1015 arrepto
610 963 744 1002 semet
775 961 1027 1015 percussit.''

374 1028 398 1072 7
446 1028 662 1081 Seleucus,
706 1032 776 1073 cui
817 1030 1005 1087 glorioso
1047 1045 1294 1088 cognomen,
1335 1033 1379 1074 in
1421 1031 1579 1088 proelio
1618 1046 1718 1075 cum
1757 1031 1896 1078 Gallis

311 1101 547 1143 exercitum
589 1104 730 1143 totum
770 1115 951 1157 cumque
993 1116 1040 1144 eo
1078 1116 1261 1158 regnum
1293 1102 1545 1158 perdiderat,
1577 1105 1799 1160 positaque
1828 1117 1894 1147 co-

310 1185 412 1214 rona
458 1185 565 1227 equo
610 1172 837 1228 aufugerat
885 1187 984 1215 cum
1026 1174 1173 1228 paucis
1216 1172 1433 1225 fidelibus;
1476 1174 1550 1216 diu
1591 1188 1666 1230 per
1705 1173 1894 1218 difficiles

311 1242 431 1284 aditu
458 1244 651 1298 regiones
678 1244 857 1295 errabat,
887 1243 1057 1286 tandem
1085 1245 1228 1300 inopia
1254 1247 1423 1287 coactus
1447 1243 1498 1286 ad
1517 1243 1665 1288 villam
1681 1244 1893 1302 quandam

311 1314 508 1364 accessit;
541 1313 647 1355 forte
680 1313 795 1356 domi
826 1318 915 1356 erat
948 1314 1157 1365 dominus,
1191 1328 1318 1370 quem
1350 1328 1450 1370 ergo
1476 1328 1626 1371 panem
1654 1329 1893 1372 aquamque

310 1383 500 1439 rogabat.
533 1382 612 1425 Ille
643 1398 743 1427 vero
774 1388 817 1426 et
848 1385 950 1427 haec
982 1385 1021 1426 ei
1055 1384 1171 1427 dedit
1202 1389 1244 1427 et
1275 1389 1491 1441 praeterea
1522 1385 1641 1442 large
1667 1386 1894 1442 praebebat

309 1467 583 1509 quaecunque
624 1455 669 1495 in
710 1468 787 1497 suo
819 1458 1092 1498 nascerentur
1121 1469 1239 1511 agro,
1271 1455 1458 1512 dumque
1489 1456 1670 1513 benigne
1702 1471 1803 1500 eum
1831 1458 1894 1500 in-

309 1524 472 1566 vitabat
498 1526 611 1580 regis
636 1526 813 1580 agnovit
841 1525 1025 1568 vultum.
1055 1527 1193 1582 Atque
1219 1525 1356 1569 laetus
1384 1525 1496 1582 quod
1521 1540 1668 1583 regem
1694 1526 1891 1570 beneficio

309 1594 470 1637 afficere
502 1596 582 1637 sibi
612 1595 816 1648 licuisset,
851 1611 935 1639 non
968 1611 1010 1639 se
1042 1598 1253 1639 continuit
1284 1611 1419 1653 neque
1446 1598 1560 1653 regis
1586 1597 1753 1641 adiuvit
1777 1611 1892 1642 men-

308 1665 493 1716 dacium,
535 1665 607 1708 sed
649 1666 701 1709 ad
744 1668 859 1710 viam
901 1681 1035 1723 usque
1076 1670 1323 1723 prosecutus
1364 1669 1423 1710 sic
1465 1669 1504 1710 ei
1535 1666 1763 1711 valedixit:
1795 1667 1892 1712 vale

307 1735 480 1778 Seleuce
511 1750 598 1779 rex.
631 1736 740 1779 Tum
775 1751 848 1780 rex
881 1737 1027 1780 dextra
1058 1741 1251 1794 protenta
1278 1739 1496 1781 hominem
1524 1738 1576 1781 ad
1601 1753 1645 1782 se
1671 1743 1891 1796 tamquam

308 1805 575 1850 osculaturus
608 1809 798 1859 attraxit,
832 1809 1090 1864 signumque
1122 1808 1235 1851 dedit
1267 1810 1477 1852 comitum
1509 1822 1684 1851 suorum
1715 1810 1814 1852 uni:

427 1877 541 1920 haud
572 1892 704 1930 mora,
737 1879 918 1934 procidit
948 1881 993 1921 in
1025 1883 1182 1922 terram
1215 1884 1342 1936 caput
1374 1894 1468 1923 ecce
1497 1879 1722 1936 loquentis.

368 1948 506 2000 Quam
548 1950 830 1992 narrationem
871 1949 1132 2006 lepidissime
1174 1951 1476 2006 verissimeque
1518 1952 1578 1994 sic
1619 1955 1763 1994 noster
1793 1965 1889 1995 con-

307 2018 464 2061 cludit:
500 2021 565 2070 „si
597 2019 811 2076 paulisper
843 2022 973 2063 etiam
1007 2035 1050 2064 se
1082 2023 1373 2071 continuisset,
1406 2025 1550 2077 postea
1580 2021 1719 2065 multo
1749 2023 1889 2065 maius

306 2089 476 2132 tulisset
508 2089 669 2132 silentii
701 2105 828 2146 quam
862 2092 1141 2148 benignitatis
1172 2092 1457 2148 praemium.”

367 2160 394 2202 8
441 2161 643 2217 Lepidam
685 2161 908 2218 lepideque
939 2167 1152 2205 narratam
1184 2162 1381 2206 fabellam
1412 2164 1457 2204 in
1488 2162 1570 2206 fine
1601 2163 1887 2207 additamento

306 2231 488 2287 quodam
520 2233 622 2288 ipse,
656 2239 704 2275 ut
738 2234 898 2289 opinor,
933 2238 1123 2276 narrator
1154 2238 1348 2277 exornat:

311 2352 315 2354 ¹
365 2302 571 2345 Tonsor-es
617 2303 876 2359 loquaciores
923 2318 1012 2347 esse
1058 2303 1206 2355 solent,
1254 2304 1368 2347 haud
1410 2306 1592 2346 mirum:
1635 2304 1748 2360 apud
1789 2303 1885 2348 illos

305 2374 418 2415 enim
464 2375 590 2415 otiosi
638 2378 680 2416 et
725 2374 926 2430 loquendi
972 2375 1115 2431 cupidi
1162 2374 1297 2417 solent
1339 2374 1525 2417 desidere
1567 2375 1774 2418 homines.
1816 2375 1886 2418 Sic

304 2447 447 2485 tonsor
496 2444 579 2485 fuit
622 2445 694 2499 qui
736 2446 900 2500 primus
943 2445 1218 2487 Athenienses
1250 2445 1351 2487 fecit
1381 2445 1579 2487 certiores
1611 2445 1660 2487 de
1693 2444 1809 2488 clade
1838 2447 1885 2488 in

303 2512 449 2556 Sicilia
490 2518 671 2570 accepta.
721 2514 986 2571 Cognoverat
1027 2529 1116 2557 rem
1160 2529 1183 2558 a
1225 2529 1347 2559 servo
1392 2516 1466 2570 qui
1506 2515 1603 2558 inde
1644 2516 1882 2573 aufugerat.

304 2584 468 2626 Omissa
498 2599 599 2641 ergo
632 2586 803 2628 taberna
836 2599 911 2628 sua
943 2587 1153 2642 procurrit
1185 2587 1230 2628 in
1261 2586 1397 2628 forum

423 2669 474 2697 ne
505 2657 619 2711 prior
650 2670 872 2698 accurrens
903 2655 1013 2698 alius
1045 2671 1088 2699 se
1120 2656 1287 2699 fraudet
1319 2656 1486 2699 honore.

363 2725 481 2768 Nova
513 2740 578 2768 res
610 2726 723 2768 haud
755 2726 908 2769 leviter
934 2728 1096 2769 civium
1129 2728 1292 2769 animos
1325 2727 1605 2778 conturbavit.
1643 2727 1713 2769 Fit
1743 2729 1881 2770 contio

303 2798 345 2837 in
374 2810 456 2850 qua
482 2800 630 2839 auctor
655 2798 932 2853 quaerebatur
958 2799 1111 2839 nuntii.
1144 2797 1303 2840 Tonsor
1327 2797 1564 2848 adducitur,
1581 2798 1880 2854 interrogatur,

302 2866 373 2907 sed
414 2866 630 2908 hominem
675 2869 748 2923 qui
782 2868 862 2910 sibi
895 2872 1103 2910 narrasset
1134 2869 1355 2910 nominare
1387 2882 1469 2910 non
1500 2868 1653 2923 potuit.
1688 2866 1880 2911 Clamare

302 2950 445 2978 omnes
485 2938 645 2979 incensi
685 2940 768 2979 ira:
803 2943 1014 2980 tormenta
1047 2938 1325 2980 adhibeantur
1355 2938 1513 2980 nefario
1543 2939 1629 2989 isti,
1661 2939 1735 2993 qui
1764 2938 1880 2980 istud

1996 603 2002 624 Ι
