2002 3372
0 2554 6 2603 1

0 2605 10 2712 l

0 2857 5 2911 ἰ

832 206 920 250 285

22 386 26 390 ,
71 333 284 378 dientium
310 332 476 375 animos
504 333 708 374 moveant
735 327 848 384 quod
878 342 980 370 nova
1006 330 1107 370 sunt
1138 330 1181 369 et
1213 340 1328 369 nunc
1359 328 1472 369 certe
1502 338 1527 368 a
1558 324 1679 368 nullo

72 418 222 449 eorum
267 405 564 460 expectantur,
612 400 902 444 demonstrare
953 399 1063 441 mihi
1106 413 1227 455 posse
1270 397 1419 442 videor
1459 411 1544 440 uno
1586 396 1678 439 loco

71 474 340 532 lepidissimo
371 473 502 518 allato
535 471 642 526 <518
654 471 734 525 D):

133 549 381 604 (postquam
406 544 716 588 demonstravit
742 543 961 585 curiosum
986 555 1155 598 semper
1180 542 1226 584 in
1259 539 1401 583 lucem
1433 539 1679 596 protrahere

74 617 120 662 id
150 617 267 675 quod
298 616 376 661 alii
409 615 544 660 celare
575 616 764 672 cupiant,
797 615 858 657 810
889 615 1074 671 pergit):

137 692 258 741 „tam
297 690 470 746 ingrata
509 691 655 731 antem
696 700 746 729 ea
788 699 854 728 res
895 685 1144 728 hominibus
1183 687 1247 727 est
1278 687 1326 726 ut
1360 684 1494 726 emori
1526 681 1681 725 malint

14 733 24 771 i
73 759 267 818 plerique
294 773 425 816 quam
451 757 670 802 occultum
698 756 871 812 aliquod
898 755 1065 799 malum
1093 769 1222 798 suum
1239 758 1473 798 monstrare
1489 753 1680 796 medicis.

12 839 14 841 '
73 831 212 889 Finge
255 831 339 874 tibi
386 828 678 886 Herophilum
728 827 798 871 vel
846 827 1170 879 Erasistratum,
1218 830 1346 883 atque
1390 826 1494 869 adeo
1535 827 1680 882 ipsum

75 901 398 960 Aesculapium,
441 902 631 944 hominis
672 903 847 956 sumpta
886 899 1006 950 facie,
1040 913 1116 955 per
1149 897 1298 941 domos
1328 899 1590 954 rogitantem
1622 896 1682 940 la-

30 994 33 997 ·
75 974 250 1018 boretne
288 973 446 1031 aliquis
485 986 592 1016 anus
632 970 777 1014 fistula
822 970 892 1015 vel
934 971 1047 1013 uteri
1089 967 1395 1013 carcinomate!
1440 969 1497 1012 Et
1538 972 1682 1012 tamen

0 1082 3 1101 2
74 1045 196 1088 huius
235 1046 342 1089 artis
379 1045 603 1088 curiositas
644 1042 844 1086 salutaris
886 1056 976 1085 esse
1017 1045 1158 1098 potest
1171 1055 1181 1093 ;
1223 1040 1506 1083 nihilominus
1539 1041 1682 1097 quivis

74 1117 279 1161 facessere
321 1115 536 1160 eiusmodi
577 1114 796 1157 medicum
827 1113 1008 1165 iuberet,
1042 1112 1168 1169 quod,
1202 1127 1286 1156 non
1319 1115 1544 1169 expectans
1577 1111 1682 1154 dum

0 1180 26 1254 'A
77 1202 122 1232 se
162 1189 220 1231 sit
259 1201 382 1245 opus,
424 1188 652 1230 invocatus
696 1187 844 1229 veniat
885 1184 938 1228 ad
971 1183 1110 1227 aliena
1141 1183 1433 1241 cognoscenda
1463 1182 1591 1226 mala.
1625 1184 1683 1226 At

76 1259 288 1304 eiusmodi
319 1273 399 1311 res,
432 1258 623 1314 aliasque
649 1258 704 1300 iis
731 1258 895 1313 peiores
920 1257 1188 1312 investigant
1213 1256 1371 1298 curiosi
1396 1269 1480 1297 non
1507 1254 1684 1297 sanandi

78 1331 152 1375 sed
176 1332 224 1374 in
248 1329 390 1374 lucem
417 1328 693 1387 protrahendi
720 1341 859 1371 causa.
887 1327 987 1370 Ideo
1015 1331 1058 1370 et
1083 1327 1311 1383 portitores
1335 1327 1428 1369 iure
1457 1325 1556 1369 odio
1583 1333 1685 1368 sunt

79 1401 294 1454 omnibus,
335 1415 421 1445 non
462 1415 562 1444 cum
605 1399 656 1443 de
697 1399 824 1442 rebus
856 1412 964 1454 quae
998 1397 1140 1454 palam
1172 1399 1464 1455 importantur
1494 1398 1685 1453 portoria

78 1474 277 1531 exigunt,
318 1472 393 1516 sed
433 1486 548 1524 cum,
588 1474 838 1528 quaerentes
871 1483 979 1526 quae
1011 1468 1217 1520 celantur,
1249 1469 1475 1511 hominum
1508 1469 1593 1511 iter
1624 1467 1684 1510 fa-

16 1587 18 1590 ,
79 1545 290 1588 cientium
330 1542 640 1600 impedimenta
673 1542 942 1585 conturbant.
975 1541 1032 1583 Et
1065 1544 1212 1584 tamen
1243 1539 1332 1583 illis
1364 1539 1434 1583 lex
1464 1541 1527 1583 ita
1559 1553 1684 1597 agere

79 1615 311 1673 permittit,
336 1613 451 1671 quod
478 1615 515 1657 si
541 1627 626 1657 non
653 1613 818 1656 faciunt
846 1614 932 1669 ipsi
958 1612 1269 1655 detrimentum
1290 1613 1479 1668 capiunt.
1513 1609 1685 1655 Curiosi

78 1700 182 1731 vero
216 1717 226 1730 .
247 1718 257 1730 .
278 1717 288 1728 .
307 1686 363 1729 ..”
549 1679 553 1682 ⁴

141 1756 396 1816 Cognoscite
436 1771 550 1800 nunc
591 1769 721 1813 quam
751 1755 893 1812 lepide
925 1754 1186 1798 Plutarchus
1217 1768 1318 1797 cum
1350 1755 1586 1810 aptissimis
1618 1755 1686 1798 his

79 1828 288 1886 exemplis
328 1829 562 1885 coniungat
601 1831 875 1883 argumentum
916 1826 1031 1884 quod
1073 1840 1157 1869 non
1192 1839 1364 1870 movere
1397 1827 1596 1883 quemvis
1626 1825 1685 1870 le-

79 1903 258 1959 gentem
289 1899 591 1944 audientemve
622 1913 706 1942 non
737 1899 886 1955 possit.

143 1969 345 2024 „curiosi
371 1985 472 2016 vero
499 1985 577 2014 sua
601 1969 834 2028 negligunt
860 1969 1099 2022 commoda,
1127 1982 1311 2025 suasque
1337 1983 1403 2012 res
1431 1969 1686 2013 detrimento

82 2042 275 2087 afficiunt
312 2056 481 2099 semper
524 2043 689 2085 circum
731 2040 890 2084 alienas
923 2042 1131 2097 occupati.
1168 2040 1256 2083 Rus
1288 2054 1417 2083 suum
1451 2054 1546 2084 1310
1579 2041 1687 2097 aspi·

81 2115 225 2159 ciunt:
258 2115 450 2171 quietem
481 2112 601 2156 illius
633 2114 859 2169 otiumque
891 2112 1002 2155 ferre
1033 2126 1117 2155 non
1150 2115 1344 2168 possunt,
1378 2115 1421 2154 et
1449 2112 1486 2154 si
1518 2111 1687 2168 quando

82 2199 132 2230 eo
161 2186 358 2238 veniunt,
389 2186 522 2228 vicini
553 2185 662 2228 vites
694 2185 836 2241 magis
863 2198 994 2240 quam
1021 2197 1120 2226 snas
1147 2184 1407 2233 examinant,
1426 2184 1558 2226 vicini
1584 2187 1689 2240 quot

82 2257 214 2301 boves
252 2257 508 2308 interierint,
551 2259 656 2313 quot
683 2257 775 2299 vini
805 2254 920 2298 dolia
951 2256 1039 2298 sint
1070 2259 1270 2311 corrupta
1302 2258 1528 2311 quaerunt.
1572 2253 1687 2307 Quae

82 2327 345 2385 simulatque
385 2328 490 2370 satis
529 2327 816 2384 investigasse
859 2327 942 2369 sibi
974 2325 1178 2369 videntur
1209 2325 1324 2368 abire
1356 2328 1596 2381 properant.
1632 2325 1688 2367 At

82 2413 211 2443 verus
253 2399 474 2456 bonusque
516 2397 706 2456 agricola
745 2412 799 2440 ne
840 2397 988 2441 audire
1030 2397 1205 2454 quidem
1237 2395 1509 2439 rumusculos
1539 2400 1689 2452 sponte

83 2483 137 2514 ex
166 2470 273 2514 urbe
304 2469 357 2514 ad
389 2483 434 2513 se
465 2469 711 2513 accedentes
743 2468 863 2513 vult:

268 2541 373 2584 dum
404 2540 519 2584 fodio
553 2542 651 2594 (ait)
682 2542 799 2596 pacis
830 2540 882 2584 de
913 2539 1084 2597 legibus
1114 2541 1198 2582 iste
1228 2542 1420 2596 nugatur

268 2626 404 2669 usqne
433 2612 559 2662 mihi,
592 2613 869 2667 importunus
901 2612 1016 2654 enim
1048 2625 1160 2653 nunc
1193 2609 1296 2653 talia
1327 2609 1491 2652 curat.¹’

146 2684 215 2727 An
245 2697 331 2727 non
361 2684 527 2727 moveri
559 2686 686 2739 putas
717 2682 768 2725 de
796 2681 929 2739 vulgo
957 2682 1176 2725 hominem
1203 2681 1450 2724 audientem
1477 2683 1689 2737 quantum

81 2754 277 2810 pecuniae
321 2753 528 2798 damnum
576 2754 801 2797 curiositas
844 2766 990 2796 secum
1035 2750 1209 2795 afferat?
1252 2751 1398 2795 Multo
1442 2753 1596 2808 magis,
1640 2755 1691 2794 ut

85 2824 286 2883 equidem
326 2827 491 2882 opinor,
537 2838 666 2882 quam
712 2839 812 2867 cum
855 2823 1151 2880 philosophica
1191 2825 1358 2866 ratione
1391 2823 1430 2865 ei
1461 2823 1692 2878 exponitur

0 2916 4 2956 ’ἓ
86 2910 216 2954 quam
249 2897 304 2941 ob
337 2910 509 2940 causam
541 2895 822 2953 improbanda
854 2894 932 2938 1113
964 2896 1033 2938 811.

146 2967 205 3011 Et
236 2972 381 3012 tamen
410 2967 491 3012 hoc
523 2981 693 3024 quoque
724 2969 899 3024 egregie
931 2966 1081 3010 docere
1112 2965 1241 3009 callet
1271 2965 1531 3009 Plutarchus
1558 2966 1689 3008 etiam
