2002 3372
846 199 930 243 199

146 325 283 370 4381}
330 324 558 384 Analogici
588 326 711 367 aiunt
743 323 917 367 eandem
951 338 1058 381 quae
1089 323 1321 368 intercedat
1350 325 1463 367 inter
1493 327 1683 366 mentem

85 402 129 442 et
157 399 304 443 visum
334 397 595 441 intercedere
627 397 741 439 inter
772 395 906 438 solem
939 400 982 439 et
1017 395 1261 453 Apollinem
1293 397 1530 439 rationem:

145 467 307 521 ἔκγονον
351 468 502 511 ἐκείνου
547 468 616 510 καὶ
651 468 767 510 τόκον
797 466 906 515 ὄντος
940 468 1004 510 αεὶ
1037 468 1279 519 γιγνόμενον
1313 467 1376 510 ἀεὶ
1410 471 1553 510 τοῦτον
1584 468 1684 508 ἀπο-

83 541 315 594 φαίνοντες.

142 610 377 656 Sanissima
407 611 532 654 haec:
570 608 754 667 „Apollo
788 623 955 667 semper
985 614 1055 661 est,
1086 609 1148 653 sol
1176 624 1344 667 semper
1367 609 1577 652 nascitur''
1607 623 1682 652 cur

79 683 319 740 corrumpit
350 681 490 726 editor
522 679 712 725 Graecus
743 679 864 728 ὄντως
895 678 1106 738 legendo?

141 828 280 872 434A
320 835 371 883 τῇ
414 829 448 872 δ’
483 828 524 871 ἒν
568 828 767 881 Καρύστῳ
810 826 941 882 πέτρᾳ
983 828 1122 882 χρόνος
1170 829 1213 870 οὐ
1257 827 1385 874 πολὺς
1420 828 1500 880 ἀφ’
1531 825 1576 870 οὗ
1609 825 1679 869 πέ-

78 917 242 945 παυται
275 900 507 952 μηρύματα
540 900 658 942 λίθων
692 900 874 950 μαλακὰ
906 899 1140 950 νηματιώδη
1174 900 1494 951 συνεκφέρουσα.

138 972 300 1016 Parum
329 986 431 1016 curo
465 976 614 1015 utrum
647 971 716 1014 hic
748 996 804 1003 —
833 970 878 1013 id
905 970 1017 1027 quod
1044 970 1140 1015 vult
1166 970 1456 1028 Stegmannus
1483 996 1540 1002 —
1566 972 1679 1014 inter

0 1063 1 1109 ss
77 1042 162 1088 duo
191 1045 275 1087 ista
304 1043 515 1087 adiectiva
547 1043 619 1086 καί
648 1044 861 1086 inseratur
892 1057 1035 1095 necne,
1068 1041 1140 1085 sed
1172 1042 1363 1086 desidero
1395 1043 1573 1085 dativum
1606 1041 1679 1086 ali-

0 1115 1 1132 ³
77 1129 206 1173 quem
249 1128 274 1159 a
314 1115 387 1158 σύν
428 1116 473 1157 in
512 1113 817 1167 συνεκφέρουσα
851 1113 1123 1170 pendentem.
1162 1113 1327 1171 Ecquid
1359 1128 1435 1171 pro
1468 1115 1585 1156 λίθων
1618 1113 1677 1157 le-

73 1186 266 1245 gendum
308 1184 460 1234 λίθοιςῖ
505 1186 617 1230 Nam
662 1200 939 1242 quaecunque
982 1186 1084 1228 telae
1125 1190 1227 1228 sunt
1268 1187 1404 1228 instar
1435 1184 1544 1228 nihil
1574 1200 1674 1229 cum

74 1258 212 1313 lapide
252 1271 482 1302 commune
524 1258 706 1301 habent:
757 1259 851 1314 quis
893 1259 1084 1314 unquam
1127 1257 1240 1301 vidit
1281 1260 1397 1299 λίθων
1439 1256 1673 1309 μηρύματα

15 1334 17 1336 ’
75 1343 208 1387 eaque
250 1331 431 1381 μαλακοὶ
473 1328 543 1372 vel
583 1328 729 1373 videre
761 1326 932 1386 potuit?
971 1328 1037 1371 Ex
1070 1343 1164 1372 mea
1197 1330 1437 1372 coniectura
1467 1329 1569 1372 haec
1601 1329 1674 1372 ha-

75 1401 271 1445 bebimus
298 1402 545 1444 sanissima:
576 1404 702 1452 „ante
728 1415 808 1444 non
837 1402 899 1444 ita
924 1399 1105 1458 longum
1132 1404 1305 1457 tempus
1327 1399 1524 1458 Carystia
1546 1415 1672 1458 rupes

73 1472 207 1517 simul
232 1487 332 1516 cum
357 1472 575 1530 lapidibus
596 1475 844 1526 (marmore)
861 1472 1099 1529 proferebat
1116 1472 1280 1529 aliquid
1297 1472 1448 1515 subtili
1464 1471 1672 1530 mollique

75 1542 183 1588 telae
215 1542 403 1587 simile''.

133 1678 269 1726 434G
311 1679 489 1723 ἐνταῦθα
528 1681 629 1734 (i.e.
669 1680 747 1732 hic,
787 1679 983 1737 Delphis)
1015 1686 1126 1732 φασι
1160 1680 1408 1734 παραμένειν
1442 1682 1509 1724 τοὶ
1546 1683 1666 1736 περὶ

75 1752 163 1795 τὸν
193 1751 374 1804 μέγαν
406 1751 649 1801 σεισμόν.

129 1822 305 1867 Insolite
337 1822 451 1867 dicta
481 1824 565 1866 ista
595 1823 674 1866 hoc
706 1836 854 1866 sensu:
890 1825 1103 1881 „vestigia
1128 1826 1279 1881 magni
1303 1825 1495 1878 motus'',
1524 1840 1667 1882 quem-

66 1894 299 1940 admodum
334 1893 397 1938 W.
429 1896 749 1951 interpretatur.
780 1894 910 1938 Recte
945 1899 1089 1939 tamen
1121 1897 1393 1953 interpretari
1425 1897 1609 1941 videtur.

128 2041 267 2086 434D
325 2042 566 2086 Praefectus
622 2040 798 2086 Ciliciae
851 2044 897 2085 in
944 2042 1088 2099 Mopsi
1134 2043 1358 2086 oraculum
1409 2045 1665 2096 εἰσέπεμψεν

66 2113 335 2167 ἀπελεύθερον
388 2110 466 2156 οἷον
513 2115 568 2161 εἷς
618 2114 824 2164 πολεμίων
873 2116 1137 2157 κατάσκοπον
1185 2116 1460 2167 ἐνσκευάσας,
1511 2116 1664 2169 ἔχοντα

67 2184 490 2238 κατεσφραγισμένην
532 2185 686 2238 δέλτον,
722 2186 760 2227 ἐν
795 2182 819 2239 ᾗ
851 2186 895 2228 τὸ
930 2185 1101 2238 ἐρώτημ’
1133 2185 1177 2236 ἦν
1212 2187 1571 2240 ἐγγεγραμμένον,
1604 2190 1666 2231 οὐ-

68 2256 176 2304 δενὸς
211 2255 376 2304 εἰδότος.
1621 2259 1623 2262 ⁴

127 2328 212 2372 Hic
254 2327 358 2385 quid
400 2327 483 2370 sibi
523 2327 640 2370 istud
684 2326 935 2375 ἐνσκευάσας
977 2328 1085 2373 velit
1118 2344 1201 2372 non
1235 2329 1371 2373 video.
1405 2331 1502 2374 Non
1535 2334 1663 2385 enim,

68 2404 118 2444 ut
150 2400 315 2457 opinor,
347 2404 488 2442 certus
521 2399 693 2456 quidam
727 2403 792 2443 est
823 2399 1141 2456 speculatorum
1175 2403 1372 2445 vestitus.

129 2471 333 2528 Sequitur
376 2469 427 2514 de
469 2484 667 2527 responso
710 2471 763 2514 ad
805 2473 1075 2529 obsignatam
1118 2472 1240 2515 illam
1283 2474 1663 2531 interrogationem

66 2542 232 2586 reddito
273 2543 460 2585 narratio
501 2555 632 2598 quam
672 2542 899 2600 Lampriae
938 2543 1057 2587 addit
1089 2544 1372 2601 disputationi
1405 2546 1457 2589 ab
1491 2561 1540 2590 eo
1573 2562 1666 2604 pro-

69 2619 244 2659 vocatus
274 2613 533 2657 Demetrius.
567 2613 679 2656 Tum
711 2616 771 2657 sic
803 2617 1000 2672 pergitur
1030 2615 1139 2669 (F.):

128 2686 147 2729 ὅ
178 2685 253 2738 μὲν
287 2682 351 2728 οὖν
387 2685 620 2737 Δημήτριος
653 2687 775 2728 ταῦτ’
810 2687 931 2730 εἰπὼν
961 2687 1206 2735 ἐσιώπησεν·
1236 2688 1316 2738 ἐγὼ
1345 2687 1385 2730 δὲ
1414 2689 1661 2740 βουλόμενος

66 2756 199 2810 ὥσπερ
239 2772 279 2799 τι
322 2757 555 2809 κεφάλαιον
599 2757 792 2800 ἐπιθεῖναι
827 2760 883 2810 τῷ
919 2763 1045 2810 λόγῳ,
1079 2758 1173 2810 πρὸς
1209 2760 1276 2801 τὸν
1311 2761 1515 2804 Φίλιππον
1550 2760 1660 2811 αὖθις

66 2827 302 2880 ἀπέβλεψα
342 2828 411 2870 καὶ
447 2829 516 2871 τὸν
550 2827 778 2877 Ἀμμώνιον
805 2830 905 2880 ὁμοῦ
935 2831 1200 2880 καθημένους.
1236 2831 1423 2882 ἔδοξαν
1457 2830 1541 2876 οὖν
1573 2851 1659 2885 μοι

67 2899 367 2952 βούλεσθαί
399 2916 447 2942 τι
483 2900 855 2953 διαλεχθῆναι
891 2903 981 2944 καὶ
1015 2902 1183 2944 πάλιν
1217 2903 1467 2956 ἐπέσχον.

130 2970 294 3015 Ultima
336 2972 396 3014 sic
438 2972 571 3014 vertit
603 2971 691 3014 W.:
725 2972 1093 3030 „videbanturque
1124 2974 1234 3016 mihi
1266 2973 1378 3017 velle
1410 2975 1572 3032 aliquid
1604 2978 1663 3020 di-
