2002 3372
1078 253 1166 297 330

397 376 532 418 549A
572 375 680 428 Quid
711 376 869 431 profuit
901 375 1191 418 Orchomeniis
1218 376 1334 420 dirus
1358 377 1431 420 ille
1459 379 1631 422 morbus
1657 365 1741 436 quo
1766 380 1905 424 multo

335 452 477 503 postea
518 447 726 488 cruciatus
767 448 830 487 est
871 445 1058 502 proditor
1088 446 1306 503 Lyciscus,
1338 450 1411 504 qui
1442 449 1675 493 identidem
1705 450 1832 507 pedes
1862 451 1908 494 in

335 517 515 559 fluvium
557 518 773 572 intingens
803 516 933 566 ὤμοσε
966 516 1035 558 καὶ
1068 517 1332 570 κατηράσατο
1363 526 1546 568 σαπῆναι
1582 520 1808 575 [προδόντος
1841 522 1910 565 αὖ·

334 591 404 629 τοῦ
435 587 503 628 καὶ
538 587 847 640 ἀδικήσαντος];

392 657 678 699 Insulsissima
724 660 824 699 sunt
868 656 1044 709 inclusa,
1087 661 1335 714 praesertim
1376 659 1484 702 illud
1526 660 1806 711 ἀδικήσαντος.
1837 662 1909 706 ‘Et

333 728 589 784 proditorem
621 742 709 770 esse
741 727 958 771 hominem
990 728 1115 772 modo
1146 729 1346 786 legimus,

393 872 524 917 5490
566 874 638 921 τὴν
681 874 817 916 πίστιν
861 875 882 922 ἧ
920 874 1125 926 βραδυτὴς
1160 876 1402 929 ἀφαιρεῖται
1436 881 1507 925 τῆς
1543 879 1728 929 προνοίας
1757 878 1829 922 καὶ
1861 881 1908 923 τὸ

332 947 389 995 μὴ
432 947 529 997 παρ’
561 943 732 987 ἕκαστον
773 945 958 994 ἀδίκημα
991 951 1072 993 τοῖς
1104 952 1281 998 πονηροῖς
1317 948 1609 991 ἐπακολουθοῦν
1639 949 1777 1001 κακόν,
1809 950 1908 994 ἀλλ’

333 1013 492 1067 ὕστερον
520 1015 574 1062 εἷς
602 1013 1041 1069 ἀτυχήματος-χώραν
1067 1016 1276 1069 τιθέμενοι,
1305 1019 1373 1060 καὶ
1401 1020 1617 1072 συμφορὰν
1643 1021 1686 1064 οὗ
1713 1021 1907 1074 τιμωρίαν

331 1085 606 1138 ὀνομάζοντες,
640 1085 749 1128 οὐδὲν
779 1087 1050 1139 ὠφελοῦνται.

392 1155 504 1200 Casu
544 1155 687 1212 aliquo
726 1157 804 1199 sub
846 1156 973 1199 finem
1014 1158 1113 1200 hinc
1154 1159 1312 1201 excidit
1355 1160 1388 1202 οἱ
1427 1161 1558 1204 κακοί.
1602 1161 1762 1205 Durius
1792 1163 1908 1206 enim

331 1227 500 1270 videtur
530 1227 575 1269 id
606 1242 627 1270 e
659 1226 924 1283 praecedenti
956 1234 1136 1280 πονηροῖς
1169 1232 1323 1285 petere.
1356 1230 1466 1274 Nam
1497 1231 1670 1289 virgula
1701 1246 1786 1276 non
1813 1237 1909 1290 post

331 1298 513 1349 προνοίας
543 1297 615 1340 sed
647 1301 741 1353 post
773 1297 896 1339 κακόν
929 1302 991 1340 est
1022 1299 1224 1354 ponenda.
1688 1318 1690 1322 ’

389 1435 446 1478 ib.
494 1435 543 1477 In
584 1449 692 1491 equo
725 1435 907 1492 regendo
940 1436 1111 1479 verbera
1137 1436 1302 1493 aliaque
1334 1451 1440 1494 quae
1471 1438 1546 1480 diu
1579 1442 1672 1495 post
1702 1438 1907 1483 delictum

334 1508 512 1550 veniunt

392 1576 521 1629 ἑτέρου
553 1577 656 1625 τινὸς
690 1574 804 1619 ἕνεκα
838 1579 1000 1627 μᾶλλον
1032 1577 1185 1620 δοκοῦσι
1218 1579 1406 1630 γενέσθαι
1440 1579 1462 1628 ἢ
1494 1579 1766 1628 διδασκαλίας

331 1652 509 1690 venuste
549 1648 771 1704 lepideque
813 1648 974 1691 dictum
1016 1649 1109 1700 hoc,
1144 1649 1215 1691 sed
1246 1649 1370 1706 plane
1402 1652 1690 1708 corrumpitur
1717 1649 1908 1695 insulsis-

330 1719 438 1761 simo
470 1718 778 1761 additamento:
818 1719 873 1761 διὸ
907 1720 951 1761 τὸ
983 1722 1136 1761 λυποῦν
1169 1719 1265 1762 ἄνευ
1295 1724 1365 1762 τοῦ
1400 1721 1604 1763 παιδεύειν
1637 1720 1790 1775 ἔχουσι.
1823 1721 1907 1764 Ad-

329 1788 506 1831 modum
541 1789 663 1832 facile
699 1803 864 1845 semper
893 1793 958 1832 est
989 1804 1135 1833 vocem
1168 1790 1390 1833 Plutarchi
1420 1794 1462 1834 et
1494 1806 1640 1835 vocem
1673 1792 1907 1850 magistelli

328 1860 440 1902 inter
472 1874 515 1902 se
547 1860 793 1907 discernere.

389 2004 522 2048 549ss
554 2006 742 2060 ῥηθέντων
769 2002 832 2048 οὖν
860 2007 1010 2050 τούτων
1036 2007 1172 2057 κάμοῦ
1201 2006 1299 2058 πρὸς
1325 2007 1450 2050 αὑτὸν
1477 2007 1600 2059 ὄντος,
1619 2007 1637 2050 ὃ
1655 2009 1798 2058 Τίμων
1817 2009 1903 2052 xre.

387 2076 585 2119 Potestne
631 2079 761 2119 etiam
802 2077 987 2120 dubitari
1027 2079 1130 2133 quin
1162 2082 1273 2120 recte
1306 2078 1376 2120 hic
1405 2078 1605 2122 Reiskius
1637 2078 1736 2132 πρὸς
1767 2080 1905 2126 αὐτοῖς

328 2160 402 2202 pro
433 2147 527 2198 πρὸς
561 2146 682 2189 αὑτόν
715 2146 968 2190 coniecerit?
1002 2162 1140 2203 „quae
1173 2162 1271 2190 cum
1304 2148 1509 2191 dixissent
1537 2148 1603 2191 illi
1633 2163 1795 2206 egoque
1819 2164 1905 2192 me-

327 2231 425 2259 cum
468 2218 812 2274 perpenderem''.
856 2220 921 2261 An
962 2218 1078 2261 ullus
1121 2222 1246 2275 aptus
1286 2233 1432 2262 sensus
1474 2233 1497 2262 e
1535 2219 1714 2263 lectione
1749 2220 1904 2264 tradita

326 2292 465 2344 potest
496 2287 623 2332 elici?

386 2431 442 2473 ib.
491 2430 632 2487 Rogat
674 2445 774 2488 ergo
806 2430 958 2474 Timon
992 2430 1160 2482 πότερον
1192 2431 1309 2473 ἐπιθῶ
1342 2431 1410 2473 καὶ
1443 2430 1566 2479 αὐτὸς
1600 2431 1671 2481 ἤδη
1705 2433 1759 2482 τῷ
1793 2431 1903 2484 λόγῳ

326 2502 392 2543 τὸν
426 2507 637 2554 κολοφῶνα
669 2506 740 2549 τῆς
771 2502 958 2554 ἀπορίας.

386 2571 646 2629 Magnopere
658 2587 805 2616 vereor
819 2578 868 2615 ut
881 2576 992 2616 recte
1006 2573 1107 2615 haec
1121 2573 1329 2628 interpres
1342 2571 1610 2615 intellexerit.
1622 2571 1760 2615 Vertit
1773 2573 1902 2615 enim:

328 2642 541 2693 „vultisne
583 2658 684 2700 ergo
715 2648 764 2686 ut
796 2646 886 2699 ipse
919 2657 1086 2700 quoque
1118 2642 1438 2686 difficultatibus
1468 2643 1587 2684 huius
1617 2643 1903 2697 disputationis

326 2713 601 2769 colophonem
632 2714 783 2756 addam
795 2713 840 2756 ‘.?”
883 2718 927 2757 at
958 2714 975 2755 ὃ
1008 2714 1132 2764 λόγος
1164 2726 1249 2755 non
1281 2716 1344 2756 est
1377 2713 1506 2764 „haec
1537 2711 1800 2768 disputatio”
1831 2727 1903 2757 ve-

325 2799 422 2826 rum
446 2789 582 2826 nostra
604 2785 862 2839 philosophia
887 2783 1173 2837 (Academica)
1198 2785 1282 2839 pia,
1311 2787 1509 2829 metuens,
1532 2783 1721 2835 deorum,
1749 2783 1902 2826 confisa

324 2855 633 2906 Providentiae,
667 2856 845 2911 denique
876 2856 1051 2897 inimica
1081 2854 1388 2910 Epicureorum
1418 2855 1644 2910 impietati.
1677 2853 1792 2896 Luce
1821 2853 1902 2896 cla-

324 2926 413 2966 rius
458 2926 536 2967 hoc
583 2930 754 2981 apparet
797 2940 819 2968 e
862 2926 1158 2981 sequentibus:
1210 2925 1232 2974 ἢ
1276 2926 1373 2976 πρὸς
1417 2926 1537 2967 ταῦτ’
1570 2925 1675 2966 ἐάσω
1717 2924 1900 2977 πρότερον

327 2996 487 3037 αὐτὸν
531 2995 849 3046 διαγωνίσασθαι
893 3001 957 3038 et:
1001 2997 1042 3037 τί
1076 2996 1158 3048 γὰρ
1192 2996 1253 3037 δεῖ
1282 2996 1326 3038 τὸ
1359 2996 1488 3048 τρίτον
1520 2996 1753 3047 ἐπενεγκεῖν
1785 2997 1900 3047 κῦμα
