2002 3372
1142 224 1170 267 2

368 351 489 399 tinet,
517 347 567 390 de
593 345 774 403 singulis
801 344 920 386 libris
947 357 1076 399 quam
1102 343 1353 387 brevissime
1374 347 1519 401 potero
1536 346 1788 389 sententiam
1803 359 1944 390 meam

365 420 657 473 iudiciumque
703 416 990 472 praemittam.
1040 413 1109 458 Sic
1149 414 1292 466 simul,
1337 415 1604 472 aliquatenus
1645 419 1771 469 certe,
1813 417 1947 461 etiam

365 488 574 546 philologi
600 486 711 543 apud
738 490 899 528 exteros
926 483 1028 527 libri
1053 483 1171 528 illius
1193 485 1417 529 vernacule
1445 488 1590 543 scripti
1607 501 1676 530 eas
1691 490 1945 545 cognoscent

365 563 504 616 partes
545 571 648 614 quas
686 555 817 612 vulgo
859 559 977 598 notas
1019 569 1109 598 esse
1150 570 1172 598 e
1211 570 1255 598 re
1297 570 1393 599 mea
1432 558 1488 599 sit
1529 562 1572 600 et
1606 557 1782 602 fortasse
1811 559 1942 602 etiam

365 630 579 685 scriptoris
606 641 733 683 quem
750 629 970 682 tantopere
987 625 1173 669 admiror
1187 628 1231 669 in
1249 627 1494 684 deliciisque
1511 628 1658 672 habeo.
1687 627 1880 687 Cumque
1895 631 1939 672 in

364 704 452 743 toto
478 700 555 741 hoc
578 699 748 755 negotio
773 696 1079 753 pervulgatum
1106 688 1310 740 librorum
1336 703 1425 740 tam
1442 698 1796 744 Plutarcheorum
1812 714 1940 757 quam

363 771 605 827 spuriorum
632 770 714 811 sim
741 771 963 810 secuturus
990 767 1193 820 ordinem,
1221 770 1397 811 initium
1425 770 1532 812 mihi
1559 773 1622 814 est
1647 771 1888 815 faciendum
1915 785 1940 814 a

811 837 976 881 Libello
1008 838 1239 895 desinens.
1259 840 1491 894 ‚educandis

363 927 488 969 quem
520 925 544 954 a
577 911 806 953 Plutarcho
840 903 1126 966 conscriptum
1157 912 1246 953 iam
1277 926 1402 954 nemo
1435 916 1499 954 est
1530 915 1604 969 qui
1635 914 1744 957 serio
1774 917 1942 958 conten·

362 983 457 1025 dere
500 983 646 1038 possit.
689 980 995 1032 Volkmannus,
1028 982 1095 1023 vir
1127 981 1398 1025 doctissimus
1429 983 1868 1042 prudentissimusque
1899 989 1943 1028 et

362 1054 411 1095 de
454 1052 686 1095 Plutarcho
728 1053 900 1109 egregie
940 1053 1132 1103 meritus,
1176 1067 1347 1109 operam
1389 1053 1561 1110 perdere
1602 1059 1743 1098 censet
1773 1057 1810 1098 si
1843 1057 1939 1113 quis

360 1128 456 1181 post
498 1123 875 1180 Wyttenbachium
923 1123 1000 1165 hac
1043 1122 1093 1165 de
1135 1137 1180 1166 re
1223 1125 1352 1166 etiam
1394 1125 1524 1168 verba
1564 1125 1703 1185 faciat.
1744 1125 1810 1170 Ita
1849 1131 1937 1170 est:

360 1194 554 1250 exemplo
597 1194 806 1244 omnibus,
851 1195 925 1250 qui
968 1194 1175 1236 eiusmodi
1218 1196 1482 1250 quaestiones
1517 1199 1714 1250 tractant,
1746 1196 1940 1255 Wytten-

358 1266 498 1308 bachii
542 1262 619 1307 illa
665 1265 715 1307 de
761 1268 904 1307 nostro
951 1264 1095 1307 libello
1139 1262 1372 1321 disputatio
1414 1280 1502 1309 esse
1526 1260 1697 1324 potest,
1741 1271 1830 1311 tam
1874 1272 1940 1312 est

359 1337 556 1379 omnibus
582 1337 769 1378 numeris
797 1334 1000 1378 absoluta.
1029 1334 1090 1378 De
1117 1349 1203 1378 una
1229 1337 1523 1380 tantummodo
1549 1351 1607 1390 re,
1631 1351 1768 1396 neque
1791 1340 1939 1396 magni
1976 1392 1978 1394 Ι

359 1409 567 1449 momenti
598 1420 732 1463 neque
763 1410 905 1448 tamen
931 1420 1101 1462 prorsus
1127 1408 1444 1459 contemnenda,
1472 1412 1602 1452 etiam
1627 1411 1792 1455 moveri
1816 1424 1937 1467 posse

358 1479 645 1522 controversia
685 1477 867 1520 videtur.
912 1477 976 1519 Ab
1012 1476 1323 1520 adolescentulo
1354 1481 1561 1536 scriptum
1591 1479 1786 1524 libellum
1817 1480 1937 1539 wyt-

358 1549 608 1592 tenbachius
648 1551 802 1599 censet,
846 1549 919 1603 qui
961 1561 984 1590 a
1025 1547 1253 1591 Plutarcho
1284 1551 1491 1607 magistro
1523 1550 1601 1594 hoc
1630 1556 1932 1609 argumentum

358 1620 624 1663 tractandum
656 1620 874 1675 acceperit.
908 1617 970 1660 De
1001 1619 1139 1674 priore
1171 1619 1299 1662 huius
1331 1622 1562 1664 sententiae
1591 1626 1710 1678 parte
1739 1621 1936 1667 lubenter

357 1691 589 1735 clarissimo
622 1691 714 1733 viro
745 1690 972 1741 assentior3
1005 1689 1181 1745 puerilis
1212 1692 1295 1732 ista
1326 1691 1546 1734 meditatio
1579 1697 1656 1746 est,
1688 1693 1761 1736 sed
1787 1708 1810 1737 e
1836 1693 1936 1737 Plu-

357 1763 492 1806 tarchi
532 1761 674 1804 schola
713 1760 942 1816 profectam
985 1759 1313 1816 haudquaquam
1356 1762 1491 1805 credo.
1533 1762 1644 1816 Quid
1684 1764 1796 1820 quod
1837 1779 1932 1808 eam

354 1835 563 1890 magistro
604 1833 705 1874 satis
746 1832 967 1887 probatam
1005 1844 1094 1873 esse
1135 1833 1254 1874 nobis
1295 1837 1405 1875 esset
1443 1833 1730 1886 statuendum,
1763 1837 1800 1878 si
1832 1850 1931 1880 cum

358 1904 683 1961 Wyttenbachio
714 1902 765 1944 ab
791 1903 883 1957 ipso
911 1899 1138 1944 Plutarcho
1164 1902 1375 1945 adiectum
1404 1903 1621 1962 epilogum
1649 1910 1928 1950 sumeremus.

357 1976 435 2018 Est
465 1976 576 2017 enim
608 1973 683 2015 ille
715 1972 1031 2015 huiuscemodi:

418 2046 462 2087 τὸ
504 2046 577 2095 μὲν
619 2042 684 2087 οὖν
722 2045 863 2090 πασας
896 2044 973 2090 τὰς
1006 2043 1288 2096 προειρημένας
1321 2046 1646 2097 συμπεριλαβεῖν
1678 2039 1808 2102 εὖκῆς
1838 2047 1930 2097 ἴσως

358 2117 380 2166 ἢ
422 2115 692 2168 παραινέσεως
734 2114 847 2165 ἔργον
891 2113 1002 2155 ἐστί·
1048 2115 1091 2156 τὸ
1137 2114 1178 2156 δὲ
1209 2116 1286 2160 τὰς
1321 2116 1483 2164 πλείους
1512 2109 1699 2170 ζηλῶσαὶ
1727 2119 1798 2161 καὶ
1830 2120 1931 2162 αὐτὸ

355 2189 430 2238 μὲν
477 2186 678 2239 εὐμοιρίας
721 2185 904 2233 δεόμενόν
948 2185 1033 2226 ἐστι
1076 2185 1143 2227 καὶ
1187 2192 1342 2235 πολλῆς
1388 2188 1641 2240 ἐπιμελείας,
1685 2188 1856 2232 ἅνυστον
1898 2191 1933 2233 δ’

355 2256 417 2301 οὖν
451 2257 668 2309 ἀνθρωπίνῃ
700 2256 822 2308 φύσει
856 2255 1113 2303 καθέστηκεν.
1847 2250 1850 2252 ’

415 2328 497 2370 Ubi
538 2329 726 2383 primum
769 2340 919 2368 manus
960 2326 1221 2368 emendatrix
1262 2329 1505 2384 requiritur.
1550 2329 1646 2373 Non
1688 2319 1803 2374 enim
1835 2334 1945 2388 post*

354 2398 637 2451 προειρημένας
668 2397 978 2438 subaudiendum
1010 2411 1107 2439 cum
1141 2396 1405 2441 Bernardake
1438 2400 1655 2454 ὑποθήκας,
1687 2401 1758 2444 sed
1784 2403 1928 2458 ipsum

351 2470 459 2513 illud
474 2467 745 2520 vocabulum,
763 2467 934 2510 aliudve
951 2469 994 2508 in
1013 2467 1189 2510 eandem
1206 2471 1474 2523 sententiam,
1491 2472 1750 2526 supplendmn
1767 2486 1926 2516 censeo.

354 2541 574 2583 Praeterea
612 2543 707 2595 post
748 2538 838 2584 ἴσως
883 2537 1086 2580 excidisse
1119 2541 1280 2587 μᾶλλον
1312 2540 1502 2593 videtum
1535 2542 1613 2585 hoc
1644 2545 1757 2586 enim
1788 2543 1929 2587 voluit

353 2615 509 2653 noster:
528 2610 693 2666 „optari
708 2608 816 2650 illud
833 2613 970 2664 potest
984 2623 1064 2650 non
1080 2609 1308 2665 praecipi.''
1326 2610 1452 2654 Nunc
1465 2612 1606 2655 locum
1623 2614 1682 2656 510
1694 2618 1930 2658 correctum

353 2683 621 2737 aspiciamus.
653 2679 927 2722 Plutarchine
959 2680 1027 2722 hic
1060 2682 1252 2736 agnoscis
1278 2681 1540 2726 orationem?
1559 2675 1708 2728 'Immo
1735 2697 1835 2728 vero
1861 2686 1930 2729 hic

353 2766 517 2807 quoque
543 2750 769 2807 puerulum
799 2749 1104 2792 declamantem
1131 2751 1341 2803 audimus,
1370 2755 1443 2809 qui
1460 2754 1691 2798 dummodo
1705 2755 1928 2812 periodum

353 2822 580 2878 eleganter,
617 2825 666 2863 ut
699 2822 779 2876 ipsi
812 2821 992 2871 videtur,
1027 2826 1200 2863 exornet
1231 2821 1495 2880 claudatque,
1528 2825 1580 2867 ad
1612 2825 1766 2868 exilem
1798 2827 1930 2883 profe-

353 2894 524 2935 rendam
572 2893 823 2935 sententiam
871 2891 1035 2947 largam
1083 2891 1258 2935 effundit
1300 2894 1604 2938 vocabulorum
1647 2898 1827 2952 copiam.
1870 2897 1931 2939 Ut

353 2968 488 3006 cetera
530 2977 652 3005 sensu
684 2975 814 3004 vacua
846 2964 1093 3003 mittamus:
1128 2976 1254 3016 quam
1288 2965 1442 3020 inepte,
1476 2966 1589 3009 dum,
1612 2966 1825 3010 clausulae
1856 2967 1928 3010 dat
