2002 3372
875 252 960 302 351

182 375 333 438 Neque
373 377 425 425 de
465 392 553 424 una
593 381 896 425 tantummodo
933 382 1156 440 disputant
1186 395 1245 435 re,
1278 383 1423 441 ipsum
1455 394 1623 440 quoque
1656 395 1720 427 ar-

121 455 384 510 gumentum
426 454 590 497 mirum
630 454 676 495 in
716 452 896 496 modum
927 455 1135 498 variatur.
1168 453 1232 497 De
1263 453 1492 498 Alcmenes
1522 454 1718 512 sepulcro

121 526 317 567 narratur
345 523 494 568 effosso
525 524 885 581 inscriptioneque
917 525 979 568 ibi
1007 527 1196 577 inventa,
1225 525 1361 582 deque
1387 525 1557 570 oraculo
1584 525 1720 569 Deliis

121 593 303 647 reddito,
347 595 460 652 quod
501 610 584 639 non
625 596 770 638 minus
811 595 932 639 docte
974 601 1017 639 et
1059 598 1278 654 ingeniose
1318 598 1376 640 sit
1417 598 1721 654 interpretatus

119 663 245 709 Plato
273 679 405 723 quam
435 664 562 710 illam
593 664 848 724 Chonuphis
881 668 1140 725 Aegyptius.
1173 667 1361 711 Iusserat
1392 668 1549 725 Apollo
1575 667 1720 711 Delios

119 737 280 781 cubum
331 741 575 781 construere
627 737 834 795 duplum:
892 739 1000 790 „hoc
1047 739 1332 783 difficillimo’'
1382 739 1549 783 dixerat
1593 739 1719 783 Plato

121 809 343 860 „omnium
390 808 710 866 problematum
752 810 1160 854 mathematicorum
1201 810 1474 868 proponendo
1516 812 1576 854 sic
1617 810 1721 854 deus

118 892 204 924 non
244 878 390 924 Delios
431 879 546 924 solos
588 880 660 924 sed
703 895 851 924 omnes
890 881 1096 925 mortales
1134 887 1225 925 erat
1254 880 1492 926 allocutus:
1526 896 1720 926 summae

118 952 315 995 omnium
360 951 458 995 date
505 965 680 1009 operam
729 951 1002 1009 disciplinae,
1057 953 1418 997 mathematicae’'
1432 968 1444 1007 3
1498 955 1720 1011 inscriptio

118 1021 306 1067 Haliarti
343 1024 520 1068 inventa
560 1025 607 1066 in
651 1023 876 1067 Alcmenes
918 1024 1114 1081 sepulcro
1155 1025 1443 1081 praecipiebat
1473 1026 1639 1068 civibus
1670 1030 1720 1068 ut

117 1094 259 1139 Musis
288 1109 382 1139 rem
412 1095 600 1139 facerent
627 1095 845 1140 divinam:
881 1097 1113 1148 „iubentur
1139 1096 1220 1139 hoc
1247 1096 1500 1153 praecepto’'
1524 1098 1584 1140 sic
1613 1096 1719 1141 Cho-

116 1167 274 1223 nuphis
303 1166 506 1211 docuerat
538 1181 714 1219 „omnes
747 1166 899 1212 Graeci
931 1181 1078 1225 pacem
1109 1169 1222 1211 inter
1253 1182 1297 1211 se
1330 1181 1499 1212 servare
1530 1172 1573 1211 et
1603 1169 1720 1224 pacis

116 1236 258 1282 colere
284 1237 445 1282 artes'’.

175 1309 235 1353 Et
274 1314 377 1354 sunt
412 1310 499 1354 alia
534 1312 579 1353 in
614 1325 722 1368 quae
753 1310 989 1355 identidem
1021 1311 1212 1354 excurrit
1243 1310 1477 1368 disputatio
1508 1310 1560 1354 de
1591 1325 1718 1369 argu-

115 1383 514 1439 mentoprimario.
544 1382 628 1426 Sed
659 1381 800 1426 multo
832 1381 958 1439 plura
990 1381 1218 1439 multoque
1250 1382 1418 1426 diversa
1449 1384 1592 1440 magis
1617 1387 1719 1426 sunt

115 1457 364 1497 ornamenta
405 1454 562 1511 quibus
602 1453 681 1497 illa
722 1453 957 1511 disputatio
998 1453 1259 1497 illustratur.
1297 1453 1514 1498 Lubenter
1543 1454 1718 1512 quidem

115 1524 447 1582 Xenophontem
488 1525 691 1570 audimus
733 1525 784 1569 de
814 1525 1020 1583 Pelopida
1053 1527 1229 1582 eiusque
1260 1526 1385 1568 sociis
1417 1525 1583 1569 Thebas
1614 1525 1717 1570 libe-

115 1597 312 1641 rantibus
343 1602 614 1641 narrantem:
647 1597 790 1642 brevis
821 1602 886 1641 est
915 1599 1103 1641 narratio
1134 1597 1208 1640 sed
1240 1598 1471 1654 quominus
1502 1597 1628 1641 exilis
1660 1600 1716 1641 sit

114 1671 158 1711 et
188 1668 307 1712 arida
338 1682 406 1712 res
436 1671 544 1727 ipsa,
577 1669 702 1726 plena
732 1669 1097 1721 vicissitudinum,
1130 1669 1284 1712 obstat.
1322 1668 1583 1713 Plutarchus
1615 1684 1715 1713 vero

113 1743 283 1797 poetam
324 1740 395 1784 hic
437 1755 483 1784 se
523 1741 700 1798 praebet
742 1743 972 1798 tragicum,
1017 1743 1091 1798 qui
1134 1740 1356 1784 Thebanos
1404 1741 1553 1784 heroas
1592 1743 1716 1785 vivos

112 1812 408 1869 spirantesque
449 1814 494 1856 in
526 1827 698 1856 scenam
731 1812 952 1869 producat.
985 1812 1123 1865 Quam
1154 1811 1294 1855 multa
1325 1812 1386 1855 ibi
1416 1811 1527 1855 fiunt
1558 1813 1714 1869 quibus

112 1882 382 1927 audientium
440 1889 483 1928 et
538 1886 826 1942 spectantium
884 1885 1019 1928 animi
1067 1884 1346 1928 vehementer
1397 1885 1713 1941 perturbentur.

112 1954 249 1999 Mitto
276 1969 391 1999 nunc
422 1955 567 2000 locum
599 1955 729 1999 illum
763 1955 899 2013 vulgo
930 1961 1085 1999 notum
1117 1955 1168 1999 de
1200 1956 1358 1999 Archia
1390 1958 1567 2013 eiusque
1599 1956 1713 2000 dicto

115 2028 254 2078 „seria
283 2027 429 2079 ὀι-δέ’,
471 2026 640 2085 aliaque
681 2029 827 2071 minus
869 2029 1073 2085 insignia.
1125 2027 1209 2071 Sed
1252 2041 1383 2084 quam
1423 2027 1563 2085 lepide
1592 2029 1713 2072 nobis

113 2101 214 2142 ante
243 2097 389 2143 oculos
420 2100 593 2156 ponitur
624 2099 993 2156 Hipposthenidas
1021 2101 1091 2143 vir
1115 2098 1190 2142 ille
1217 2113 1370 2156 parum
1397 2103 1611 2152 strenuus,
1639 2102 1713 2157 qui

113 2171 204 2214 suis
245 2172 674 2228 tergiversationibus
716 2185 808 2214 rem
851 2174 988 2215 totam
1034 2175 1146 2214 esset
1197 2170 1465 2228 perditurus,
1516 2173 1601 2215 nisi
1653 2171 1711 2214 dii

113 2241 310 2286 benevoli
355 2245 579 2300 tamquam
623 2244 913 2286 instrumento
961 2244 1030 2286 usi
1077 2247 1218 2286 essent
1264 2240 1488 2286 Chlidonis
1530 2244 1714 2286 cursoris

111 2325 261 2364 uxore,
287 2315 362 2370 qui
387 2313 438 2357 de
465 2314 666 2358 mandato
692 2329 716 2357 a
743 2329 786 2358 se
813 2329 897 2358 non
924 2318 1095 2371 peracto
1123 2318 1213 2357 tam
1240 2315 1355 2357 vitae
1381 2314 1506 2371 plena
1523 2317 1712 2358 oratione

112 2385 301 2429 conscios
332 2386 638 2430 coniurationis
669 2385 772 2429 facit
802 2387 1002 2430 certiores
1030 2390 1079 2428 ut
1104 2386 1262 2429 nostris
1289 2386 1466 2429 auribus
1491 2386 1709 2430 hominem

112 2459 359 2500 narrantem
388 2456 536 2500 audire
566 2456 687 2500 nobis
717 2456 957 2500 videamur.

173 2525 231 2570 Et
261 2541 439 2584 possum
469 2529 531 2572 sic
562 2527 702 2571 multa
732 2527 932 2571 narrandi
962 2528 1142 2572 artificia
1174 2529 1418 2585 protrahere
1451 2533 1493 2572 et
1522 2528 1709 2581 laudare,

110 2598 195 2642 nisi
240 2597 397 2656 longus
444 2599 537 2643 fieri
577 2613 758 2643 vererer.
804 2599 887 2643 Sed
930 2602 976 2643 in
1017 2615 1104 2644 uno
1146 2601 1257 2644 mihi
1301 2605 1549 2645 ornamento
1583 2601 1710 2658 paulo

113 2669 278 2713 diutius
322 2678 388 2714 est
433 2670 769 2715 subsistendum.
819 2671 913 2715 Hoc
958 2673 1075 2715 enim
1117 2674 1399 2728 praecipuum
1439 2671 1541 2716 libri
1582 2672 1710 2716 decus

113 2740 226 2798 quod
250 2741 503 2786 facultatem
528 2743 650 2786 nobis
676 2743 862 2799 praebet,
889 2741 992 2786 licet
1018 2745 1064 2786 in
1090 2745 1277 2787 transitu
1301 2743 1412 2787 illud
1439 2743 1526 2796 fiat,
1553 2743 1710 2787 melius

111 2813 392 2870 cognoscendi
430 2813 638 2872 praeclari
666 2813 786 2857 illius
819 2815 918 2865 viri,
953 2828 1036 2871 quo
1069 2818 1292 2872 tamquam
1325 2815 1402 2859 deo
1435 2830 1616 2872 semper,
1648 2815 1710 2859 id-

112 2897 195 2941 que
226 2885 334 2937 iure,
365 2885 544 2943 gloriati
575 2890 675 2929 sunt
708 2899 791 2929 non
824 2884 972 2928 Boeoti
1004 2885 1086 2929 soli
1121 2887 1193 2930 sed
1226 2891 1436 2944 quotquot
1463 2888 1639 2930 fuerunt
1663 2889 1709 2930 in

112 2955 213 2998 orbe
253 2960 466 2999 terrarum
510 2956 676 3010 Graeci,
718 2956 1064 3014 Epaminondam
1109 2957 1216 3010 dico,
1260 2960 1382 3001 cuius
1424 2962 1513 3002 tota
1556 2958 1709 3002 domus

111 3025 355 3083 leg-entibus
397 3030 650 3086 proponitur
690 3033 788 3072 ante
829 3028 986 3072 oculos.
1029 3029 1141 3072 Nam
1184 3030 1290 3072 dum
1331 3029 1559 3073 consilium
1598 3029 1708 3073 illud
