2002 3372
1125 294 1212 338 486

446 416 622 466 „Nonne
653 415 781 471 ergo'’
816 416 876 457 sic
907 428 1104 471 quaerere
1135 418 1283 472 possis,
1318 417 1516 469 „servilis
1545 419 1627 462 iste
1657 420 1958 479 &afflagita-

383 487 457 541 qui
497 487 556 527 sic
595 485 812 527 audientes
844 484 1120 541 legentesque
1152 485 1375 530 admoneat
1406 491 1457 530 ut
1487 490 1733 544 potentium?
1757 491 1958 548 'appetant

382 556 738 611 approbationem,
781 555 831 597 de
873 569 948 598 sua
989 557 1073 612 ipsi
1114 556 1326 613 dignitate
1368 557 1561 602 securi?'’
1615 559 1955 619 Rauda-qamt:

381 639 629 682 persuasum
666 627 781 667 enim
812 627 851 667 ei
881 629 946 668 est
976 640 1104 670 unam
1136 641 1228 670 rem
1260 630 1417 672 oratori
1447 629 1616 685 publico
1639 629 1956 688 relinquis-qua

381 695 544 737 nullam
574 709 662 738 esse
693 697 865 739 maioris
897 699 1105 740 momenti
1136 700 1277 754 quivis
1308 701 1349 742 ei
1379 700 1504 743 homo
1531 700 1716 757 prudem'
1737 702 1956 746 emendet:

381 767 610 808 concordiae
650 780 794 809 curam
809 780 820 818 3
863 768 963 811 huic
1004 767 1078 811 ille
1119 771 1355 826 prospicere
1395 773 1555 827 potest·
1576 771 1956 824 litibuesjtolhndie

381 837 736 894 conciliandisque
761 840 873 881 inter
899 853 942 881 se
968 840 1146 883 civibus.
1162 839 1286 894 'Tum
1315 841 1426 897 quod
1453 839 1677 885 Graeculis
1698 846 1796 887 ante
1811 843 1957 887 oculos

380 909 500 964 ponit
541 908 762 951 Pardalam
804 909 1014 965 quendam
1055 911 1130 966 (1111
1170 912 1306 966 capite
1346 925 1500 967 poenas
1541 911 1956 966 (ἰωῇ-,1001001000

381 981 552 1021 meritas
597 979 725 1021 illum
772 979 933 1022 dedisse
980 994 1133 1036 poenas
1181 982 1259 1024 sub
1314 981 1440 1024 finem
1489 982 1589 1026 libri
1638 984 1955 1041 cog-nbicimm:

380 1063 530 1105 parum
564 1051 679 1092 enim
709 1050 818 1092 afuit
849 1052 951 1108 quin
983 1055 1119 1094 totam
1150 1053 1333 1107 patriam
1364 1066 1486 1095 suam
1516 1053 1957 1111 turbandwveidemt.

379 1120 434 1162 Et
464 1119 564 1162 licet
595 1135 791 1163 severum
823 1123 878 1164 sit
909 1121 1196 1164 Romanorum
1222 1124 1467 1178 imperium,
1496 1123 1957 1168 salutemffludanffert

378 1193 622 1246 provinciis
651 1192 798 1235 Nonne
825 1192 926 1235 haec
953 1197 1017 1235 est
1045 1194 1254 1235 sententia
1279 1193 1361 1236 loci
1388 1208 1516 1250 quem
1537 1194 1954 1253 pfssafflzlogimus:

383 1275 461 1313 „ex
487 1261 734 1305 infirmitate
760 1263 1016 1319 reipublicae
1044 1262 1228 1307 Graecae
1254 1263 1367 1307 hunc
1392 1268 1504 1308 certe
1519 1267 1754 1322 percipient
1765 1265 1957 1319 finctum

379 1332 606 1388 prudentes
649 1335 747 1384 viri,
789 1337 838 1376 111
879 1335 924 1376 in
965 1347 1066 1390 pace
1098 1338 1140 1377 et
1172 1335 1390 1378 concordia
1421 1337 1584 1390 vivant,
1616 1336 1956 1394 quandoquidem

379 1403 488 1446 nihil
519 1404 639 1446 nobis
667 1418 753 1446 sors
785 1404 960 1461 reliquit
992 1405 1104 1461 quod
1135 1406 1318 1462 dig-num
1348 1410 1458 1449 00001
1487 1407 1538 1449 (10
1569 1421 1652 1464 quo
1683 1409 1957 1461 constemus.

380 1474 490 1527 Quid
517 1474 630 1530 quod
653 1477 855 1530 pristinae
880 1475 980 1518 illae
1007 1475 1282 1528 001010110100,
1309 1490 1416 1533 quae
1441 1476 1558 1529 olim,
1583 1481 1721 1521 stante
1734 1478 1957 1536 republica

380 1549 422 1588 et
463 1546 541 1588 sub
582 1547 792 1602 prioribus
823 1547 1160 1602 imperatoribus,
1193 1549 1431 1604 provincias
1462 1548 1956 1601 Romanaezafflixemnt,

379 1631 490 1659 nunc
522 1621 612 1659 tam
643 1618 813 1673 penitus
843 1621 942 1659 sunt
972 1616 1162 1660 sublatae
1193 1622 1244 1661 ut
1272 1620 1366 1661 iure
1397 1620 1604 1662 miremur
1633 1618 1954 1677 numnquam

379 1688 563 1731 accidere
601 1686 845 1744 potuisse”?
893 1688 991 1731 Huc
1032 1689 1116 1731 fere
1158 1689 1267 1732 redit
1305 1689 1472 1746 longior
1511 1689 1588 1733 ille
1627 1689 1745 1734 100110
1767 1691 1959 1744 ³(ua'2-19)

379 1758 489 1801 unde
535 1758 666 1801 simul
713 1759 917 1802 discimus
963 1761 1141 1803 minime
1183 1765 1283 1803 tunc
1325 1762 1416 1804 viro
1456 1761 1555 1804 forti
1594 1762 1958 1806 iustoffeomtanti

379 1829 624 1872 facultatem
660 1843 781 1872 verae
812 1831 1080 1873 ostentandae
1107 1831 1287 1874 defuisse
1316 1833 1502 1875 virtutis.
1536 1830 1673 1876 ouius
1695 1834 1957 1890 cumaipsam

379 1900 595 1943 considero
638 1902 870 1943 orationem
911 1915 1088 1958 gravem
1132 1905 1259 1958 atque
1288 1902 1526 1954 facundam,
1556 1902 1706 1946 audire
1731 1903 1842 1946 mihi
1863 1917 1956 1948 01·οι-

380 1975 512 2014 torem
555 1971 699 2014 videor
738 1973 812 2028 qui
854 1973 982 2028 probe
1012 1974 1102 2028 ipse
1135 1973 1216 2015 sibi
1250 1974 1305 2015 sit
1336 1975 1534 2016 conscius
1557 1973 1747 2019 11101010
1763 1975 1956 2018 virorum

380 2056 423 2085 se
453 2056 594 2102 unum·
622 2056 711 2084 esse
737 2044 824 2098 qui,
858 2042 958 2085 licet
985 2044 1030 2084 in
1055 2044 1175 2085 fastis
1202 2057 1347 2086 eorum
1374 2045 1549 2087 nomina
1569 2045 1954 2097 vitinveniantnr,

379 2117 522 2156 tamen
565 2114 724 2157 virtute
767 2113 975 2156 Leonidae
1015 2117 1058 2157 et
1100 2113 1291 2157 Miltiadi
1331 2114 1445 2157 haud
1486 2115 1644 2158 fuerint
1664 2117 1870 2173 impares,
1897 2116 1955 2159 :ad

379 2197 532 2240 eosque
563 2197 606 2226 se
637 2183 772 2226 facere
804 2185 931 2226 verba
962 2186 1036 2240 qui
1063 2184 1191 2227 talem
1216 2186 1359 2241 ipsum
1385 2185 1498 2228 haud
1525 2185 1656 2229 semel
1682 2187 1956 2244 sffltrexperti

380 2255 641 2297 defensorem
667 2259 1123 2311 propugnatoremque.
1151 2255 1302 2298 Videre
1326 2260 1439 2299 certe
1465 2256 1577 2299 mihi
1591 2256 1954 2302 hicPlntarchum

379 2325 538 2376 videor,
570 2340 654 2367 non
686 2325 864 2368 Romam
897 2326 1068 2381 quidem
1096 2327 1372 2383 navigantem
1397 2331 1448 2370 ut
1472 2328 1633 2383 patriae
1657 2330 1958 2372 01100νωί0111

379 2397 430 2439 ab
460 2398 712 2453 imperatore
744 2400 861 2452 petat
891 2421 945 2428 -
973 2397 1190 2440 tumultus
1221 2411 1398 2453 magnos
1429 2396 1696 2441 Chaeroneae
1726 2399 1957 2443 vswPlu-

379 2467 524 2510 tarcho
567 2470 680 2509 ortos
720 2467 835 2509 haud
877 2469 1026 2523 opinor
1058 2492 1114 2500 -—
1147 2472 1188 2510 at
1230 2468 1395 2511 Pellam
1435 2469 1517 2511 iter
1554 2468 1843 2513 facientem-a·
1861 2483 1955 2526 pro-

379 2537 548 2581 consule
589 2539 824 2593 petiturum
867 2541 917 2579 ut
948 2539 1063 2580 viam
1097 2537 1382 2582 Chaeroneam
1413 2539 1526 2581 inter
1553 2542 1601 2581 et
1625 2537 1955 2596 Delphosurefici

378 2609 534 2660 iubeat,
568 2613 618 2650 ut
649 2609 905 2663 portitorum
935 2609 1114 2650 nimiam
1145 2611 1331 2652 coerceat
1362 2608 1646 2665 diligentiam,-
1678 2609 1856 2666 denique
1881 2609 1956 2658 ali—

379 2681 501 2721 cuius
528 2678 830 2721 Chaeronensis
858 2678 1164 2722 adulescentuli
1189 2693 1358 2723 causam
1381 2684 1602 2723 oraturum
1625 2679 1681 2723 ad
1697 2679 1892 2729 altiorem
1908 2682 1953 2724 in

380 2765 454 2792 sua
495 2750 713 2805 provincia
754 2751 998 2804 promoveri
1038 2749 1181 2793 locum
1213 2755 1339 2806 atque
1369 2750 1470 2793 adeo
1501 2750 1553 2793 ad
1583 2752 1722 2807 ipsum
1751 2752 1955 2808 principis

380 2820 522 2863 aulam
564 2820 735 2862 admitti
777 2821 999 2875 cupientis,
1042 2820 1208 2877 aliaque
1248 2835 1299 2864 ex
1332 2835 1380 2864 eo
1412 2834 1581 2877 genere,
1610 2822 1952 2879 nonmm'agnificn

380 2892 451 2933 sed
479 2904 584 2946 quae
601 2894 751 2933 cuncta
769 2892 902 2933 totius
918 2892 1142 2947 municipii
1158 2891 1340 2934 efficiant
1357 2891 1538 2935 salutem
1556 2894 1950 2948 etprosperitntem.

440 2961 495 3003 Et
537 2962 708 3003 omnino
750 2960 887 3003 multa
929 2963 1173 3005 etiamnunc
1214 2963 1260 3004 in
1292 2976 1367 3005 sua
1396 2963 1570 3006 civitate
1601 2963 1694 3006 viro
1723 2963 1829 3006 forti-
1850 2966 1952 3006 stre-

379 3045 544 3086 nuoque
571 3031 807 3087 peragenda
834 3031 1132 3088 relinquuntur
1159 3047 1264 3088 quae
1288 3032 1402 3075 haud
1431 3032 1713 3089 spernendam
1730 3034 1953 3078 eiaaffem
