1930 3354
1035 326 1121 371 642

288 453 446 496 librum
486 456 529 495 et
571 450 694 508 plane
726 449 1032 492 Plutarcheum
1063 450 1209 493 statim
1241 451 1415 505 apparet
1442 461 1469 492 e
1497 447 1755 493 facetum
1772 448 1863 497 -hac

288 525 569 581 disputatione
595 523 661 576 (B.
679 537 718 578 p.
741 521 864 574 112):
895 519 1085 572 „Fatum
1104 534 1240 578 neque
1266 522 1402 564 averti
1424 517 1709 577 'nequeffvitarl
1724 518 1863 578 potest

465 595 575 637 Nam
608 592 884 649 quodcunque
917 590 1051 634 oculis
1083 593 1191 644 nuit,
1225 592 1303 634 hoc
1337 591 1575 634 subtemine
1608 591 1762 636 Parcae

467 662 677 708 Continuo
710 663 881 706 firmant
910 666 1037 720 atque
1067 661 1339 706 immutabile
1370 661 1564 705 reddunt.
1626 664 1630 666 ’
1667 697 1669 704 ,
1713 676 1726 683 ”

288 736 384 778 Ideo
415 736 458 778 et
490 735 738 777 Adrasteam
771 737 923 776 vocant
955 733 1120 776 fatnm”
1155 733 1302 785 (Stoici
1329 737 1378 775 ut
1405 734 1591 789 opinor),
1611 733 1746 789 „quia
1755 739 1863 777 acum

287 807 483 849 omnibus
513 806 650 848 causis
680 805 964 848 necessarium
995 806 1205 847 connectit
1236 803 1458 855 efflictum,
1456 804 1561 860 qui
1570 816 1725 860 neque
1721 801 1863 860 effugi

286 891 419 933 neque
450 877 579 920 vitari
611 880 763 932 potest.
797 874 979 918 Minime
1010 883 1154 918 tamen
1183 876 1353 930 ineptus
1382 873 1540 917 Nestor
1569 874 1864 927 navinmrcu'oe

287 948 455 990 todibus
488 961 686 989 somnum
717 946 927 1003 denegans
959 960 1112 1002 eosque
1143 946 1338 988 hortans:

466 1015 617 1060 Recte!
651 1019 711 1060 sic
737 1018 859 1073 pueri
888 1016 1071 1074 vigilate
1097 1021 1138 1059 et
1170 1015 1317 1074 pellite
1348 1026 1568 1059 somnum:

466 1088 770 1131 Insidiantibus
802 1088 870 1131 bic
900 1089 1056 1131 etenim
1089 1099 1165 1130 nos
1191 1086 1351 1144 {gaudia
1382 1086 1533 1130 reddit.
1560 1102 1574 1105 ¹·
1600 1096 1618 1118 ἰ
1647 1095 1684 1116 ⁷¹²
1726 1101 1729 1111 ·
1754 1099 1758 1109 ’

289 1157 523 1209 „Hostibus
565 1173 649 1201 non
691 1160 850 1201 erimus
890 1158 1048 1214 gaudio
1088 1158 1252 1200 futuri”
1287 1157 1442 1201 dixerit
1474 1156 1628 1214 aliquis
1661 1170 1740 1210 „ne
1771 1155 1861 1200 dor-

285 1231 464 1272 mientes
507 1229 694 1285 quidem,
735 1230 771 1271 si
809 1230 853 1271 in
895 1229 992 1272 fatis
1035 1233 1100 1272 est
1139 1232 1275 1271 castra
1315 1242 1397 1271 non
1439 1231 1732 1286 expugnatum⁴
1763 1226 1862 1278 irr'.

286 1300 388 1352 Quis
428 1314 510 1343 non
551 1301 604 1342 iis
646 1301 720 1356 qui
760 1301 822 1342 ita
863 1302 1084 1356 nugantur
1125 1297 1401 1356 respondeat-'2‘
1430 1297 1795 1347 fort-assuentes
1821 1301 1863 1341 et

285 1370 446 1414 multae
487 1369 592 1413 aliae
636 1385 702 1413 res
740 1372 785 1413 in
829 1370 927 1413 fatis
964 1374 1077 1420 sunt,
1111 1370 1182 1412 sed
1215 1375 1309 1412 tum
1342 1368 1473 1412 simul
1503 1368 1553 1412 de
1584 1367 1768 1426 singulis
1798 1371 1863 1412 est

286 1442 502 1486 decretum
534 1442 769 1498 perfectum
800 1455 870 1484 eas
898 1443 954 1484 iri
985 1455 1061 1497 per
1090 1440 1179 1491 hos,
1212 1441 1279 1484 his
1305 1440 1430 1483 rebus
1454 1439 1758 1490 accedentibus,
1779 1438 1862 1493 *hoc

286 1512 422 1564 modo,
466 1527 548 1555 non
590 1511 727 1564 aliter,
760 1527 841 1555 non
876 1513 966 1555 sine
996 1513 1062 1554 his
1091 1512 1230 1555 rebus.
1262 1510 1420 1555 Nullae
1446 1509 1864 1568 excubiaoaagnntm

285 1598 308 1626 a
350 1583 672 1634 dormientibus,
711 1581 830 1625 nulla
872 1583 1049 1626 victoria
1091 1596 1114 1625 a
1156 1582 1421 1639 fugientibus
1463 1584 1712 1638 reportatur,
1743 1578 1862 1623 nulla

284 1658 574 1711 comportatur
613 1655 761 1699 messis
802 1653 854 1696 ab
894 1667 943 1696 eo
989 1654 1062 1709 qui
1095 1667 1178 1696 non
1209 1653 1368 1699 severit
1396 1653 1441 1696 in
1472 1665 1576 1709 agro
1606 1650 1864 1708 fertililj'ur-

283 1730 485 1782 gatoque;
529 1739 654 1769 nemo
694 1723 850 1769 liberos
890 1727 1080 1780 procreat
1121 1724 1211 1767 sine
1244 1722 1430 1771 muliere·
1447 1726 1861 1783 notamen-corpore

285 1798 325 1839 ei
350 1798 412 1839 rei
436 1796 598 1848 idonea,
626 1810 751 1839 nemo
777 1799 951 1838 venator
974 1793 1078 1838 felix
1104 1798 1169 1837 est
1195 1795 1239 1837 in
1265 1795 1437 1851 regione
1461 1791 1860 1851 quaeret-mearet'.

344 1866 414 1911 Sic
444 1866 628 1923 prudens
657 1869 800 1910 noster
830 1867 1040 1909 mentium
1073 1865 1261 1908 medicus
1293 1855 1558 1922 rigidoe'hio,
1575 1872 1742 1921 quaqua
1768 1876 1861 1908 conv

284 1938 396 1981 futat
427 1937 606 1981 Stoicos.
630 1937 687 1982 In
720 1940 905 1982 mentem
937 1936 1006 1979 hic
1036 1935 1153 1980 locus
1183 1935 1304 1981 nobis
1328 1938 1505 1983 revocat
1528 1933 1724 1993 ¹lepidum
1750 1932 1860 1981 illud

285 2008 446 2050 dictum
489 2007 650 2050 domini
690 2007 900 2060 (Romani,
942 2011 990 2049 ut
1021 2007 1182 2062 opinor,
1216 2004 1353 2062 qualis
1384 2003 1488 2050 Gau>
1518 2004 1617 2053 fuit
1628 2005 1859 2056 censorius)

283 2080 357 2134 qui
382 2092 502 2121 servo
529 2079 589 2121 sic
615 2092 658 2121 se
685 2077 948 2120 defendenti.
978 2076 1138 2128 „furari
1165 2076 1272 2118 mihi
1297 2077 1342 2118 in
1365 2076 1463 2119 fatis
1488 2075 1606 2119 crat’¹
1625 2074 1858 2167 respondit.

285 2151 355 2200 „et
386 2147 631 2205 vapulare&
1744 2150 1748 2164 ¹

342 2292 442 2336 XVI
483 2294 545 2336 De
575 2292 857 2335 vaticinatione
886 2292 934 2335 B.
969 2292 1104 2334 Breve
1133 2291 1426 2347 fragmentum
1449 2248 1610 2333 nullius
1637 2251 1778 2346 pretii.
1809 2288 1857 2332 In

284 2378 366 2407 uno
407 2364 537 2407 verbo
579 2364 743 2414 haereo,
785 2363 859 2406 ubi
889 2363 966 2405 hoc
998 2362 1179 2405 dicitur:
1211 2360 1298 2404 ἔστι
1331 2360 1376 2403 δ’,
1399 2358 1450 2403 ὦν
1474 2361 1755 2416 (ιαμ-τεχνῶν)
1785 2361 1856 2409 τὴν

282 2435 534 2483 πιθανότητα
577 2434 647 2476 καὶ
680 2436 752 2482 τὴν
784 2433 999 2486 ἀκρίβειαν
1032 2432 1100 2475 καὶ
1134 2432 1180 2474 τὸ
1214 2431 1399 2484 καθάριον
1431 2430 1859 2482 ἀγαπῶντισ·ἐκρων·

281 2505 440 2548 θάνουσι
474 2505 543 2547 καὶ
577 2503 822 2557 περιέπουσι.
853 2503 965 2556 Quid
997 2503 1065 2546 hic
1097 2505 1153 2546 sit
1184 2502 1230 2545 τὸ
1261 2502 1447 2555 καθάριον
1480 2514 1548 2545 me
1570 2501 1731 2559 fugite·

343 2649 463 2692 XVII
495 2650 559 2691 De
584 2649 776 2692 amicitia.
807 2649 902 2692 Non
928 2653 1019 2691 erat
1045 2648 1114 2691 hic
1141 2647 1382 2704 ponendum
1404 2645 1515 2690 illud
1541 2647 1854 2703 fragmentum:

283 2724 347 2762 est
394 2722 508 2762 enim
555 2725 779 2776 sumptum
819 2734 842 2762 e
883 2718 991 2762 libro
1032 2720 1081 2761 de
1122 2718 1433 2775 tranquillitate
1457 2717 1595 2768 animi,
1632 2717 1713 2772 qui·
1739 2720 1856 2759 totus

283 2795 487 2846 superest.

341 2924 484 2967 XVIII
525 2924 712 2979 Epistola
751 2926 801 2967 de
843 2924 1035 2968 amicitia.
1078 2923 1140 2967 Ex
1174 2937 1222 2967 ea
1253 2923 1469 2967 Stobaeus‘
1486 2920 1852 2973 afferam-efficta,

283 2995 601 3046 admonitiones,
628 2994 977 3037 narratiunculas.
1009 2994 1075 3037 Ex
1101 2994 1168 3036 his
1194 3008 1329 3036 unum
1355 2993 1502 3036 affero:
1532 2991 1850 3050 „Agrippinus”

280 3067 395 3121 (quis
435 3065 510 3107 ille
552 3069 615 3107 est
626 3064 660 3118 ἲ)
703 3065 927 3121 „praetor”
960 3066 1037 3119 (sic
1068 3066 1182 3108 enim
1216 3068 1335 3108 verto
1368 3060 1773 3120 ἦγεμονούωνυςιιάἆ
1791 3064 1852 3106 in·
