2002 3372
1066 207 1151 249 136

316 326 508 383 Cydippe
541 329 819 379 comminisci,
852 341 959 383 quae
988 327 1116 371 illum
1148 328 1251 370 mali
1281 328 1448 371 cultum
1478 327 1618 384 lepide
1643 326 1895 379 illustraret,

317 399 377 439 sic
402 403 542 440 noster
569 400 781 440 mentium
809 398 999 440 medicus
1026 403 1251 454 postquam
1275 400 1469 455 rogavit:
1500 397 1638 449 „unde
1658 397 1770 441 illud
1783 396 1898 454 apud

318 468 528 511 Romanos
569 482 723 511 nomen
765 472 916 510 natum
957 472 1034 520 est,
1080 483 1155 511 cur
1183 468 1252 511 illi
1282 470 1327 511 in
1358 467 1577 524 republica
1606 467 1677 512 vel
1704 481 1751 511 re
1782 479 1900 510 sacra

318 540 479 581 mirum
511 539 624 581 hunc
649 538 832 582 illumve
860 552 1022 582 morem
1051 543 1288 595 sequuntur
1298 537 1359 590 ?’',
1387 539 1554 594 aliaque
1580 532 1632 581 ex
1657 550 1706 582 eo
1732 551 1900 596 genere,

318 622 401 650 non
444 608 653 652 tabularia
692 608 874 664 publica,
915 610 1211 665 inscriptiones
1252 613 1492 665 ceterosque
1534 609 1747 652 historiae·
1765 608 1901 652 fontes

319 683 623 734 perscrutatur,
667 679 740 721 sed
781 681 871 734 ipse
914 693 1059 722 secum
1101 679 1215 723 solus
1258 679 1462 723 deliberat
1502 681 1689 736 possitne
1720 672 1903 722 remita

321 748 531 803 explicare
572 753 621 790 ut
663 748 768 791 utile
810 748 980 806 aliquod
1018 750 1115 793 inde
1153 754 1428 806 praeceptum
1470 750 1689 806 protrahat
1730 748 1904 792 morale.

322 818 414 860 Hoc
453 818 562 861 illud
604 823 667 861 est
708 834 783 862 cur
826 819 951 862 Αἵτιω
995 822 1118 863 unice
1160 835 1308 863 verum
1347 834 1434 863 esse
1466 824 1615 876 putem
1645 821 1778 864 nostri
1807 819 1908 862 libri

322 888 525 931 titulum:
571 888 808 932 multorum
851 894 893 932 et
936 890 1040 933 olim
1084 895 1127 933 et
1165 891 1338 934 fortasse
1368 892 1499 933 etiam
1530 895 1633 934 tuno
1664 885 1908 934 terebantur

324 959 519 1001 manibus
554 958 677 1001 Αἴτιαι
708 961 1005 1012 Καλλιμάχου,
1035 961 1101 1003 his
1129 975 1205 1003 sua
1232 961 1543 1017 quodammodo
1571 962 1768 1018 opposuit
1781 959 1904 1003 Arm

323 1027 594 1081 Plutarchus,
643 1044 823 1086 quorum
870 1034 920 1073 ut
966 1030 1183 1074 diversum
1225 1030 1450 1074 consilium
1488 1032 1550 1074 ita
1590 1035 1821 1088 cognatum
1863 1034 1908 1074 et

324 1099 465 1141 simile
497 1099 737 1144 artificium.
1770 1095 1774 1099 ’

384 1170 566 1212 Possum
608 1170 780 1228 longam
823 1186 1070 1215 enumerare
1111 1172 1303 1215 locorum
1347 1173 1513 1223 seriem,
1545 1171 1768 1215 Plutarchi
1798 1171 1910 1215 unde

325 1240 551 1283 consilium
594 1246 890 1298 cognoscatur,
922 1242 993 1285 sed
1025 1243 1164 1285 tribus
1195 1257 1264 1285 ero
1296 1246 1518 1285 contentus
1549 1241 1770 1300 exemplis,
1802 1255 1910 1298 quae

325 1310 473 1352 eodem
505 1315 710 1366 spectant.
745 1310 927 1355 Omnino
959 1326 1237 1368 quaecunque
1267 1313 1346 1355 hoc
1376 1312 1484 1356 libro
1515 1312 1647 1356 tradit
1677 1312 1728 1356 de
1758 1312 1910 1356 Roma*

326 1395 479 1423 norum
522 1382 676 1424 ritibus
715 1381 894 1438 aliisque
936 1383 1126 1426 eiusdem
1168 1385 1336 1440 generis
1376 1384 1515 1435 rebus,
1546 1385 1592 1426 in
1621 1385 1675 1426 iis
1705 1382 1815 1426 nihil
1845 1388 1909 1426 est

327 1451 438 1507 quod
479 1456 722 1494 contemnat
762 1452 832 1495 vel
873 1453 1008 1496 rideat
1050 1453 1119 1496 vel
1159 1456 1385 1510 vituperet,
1427 1454 1500 1497 sed
1541 1453 1680 1496 multa
1721 1467 1828 1510 quae
1868 1454 1909 1496 ei

330 1535 498 1564 summa
530 1521 655 1565 laude
687 1523 816 1579 digna
845 1524 1071 1567 videantur
1102 1529 1144 1567 et
1175 1524 1465 1567 admiratione.
1498 1525 1605 1568 Prae
1631 1525 1782 1568 ceteris
1807 1538 1907 1567 vero

325 1593 521 1634 omnibus
564 1594 603 1635 ei
646 1592 853 1649 placuisse
893 1609 975 1637 non
1007 1596 1096 1637 sine
1128 1609 1254 1638 causa
1285 1597 1475 1651 suspicor
1505 1595 1794 1638 Romanorum
1825 1608 1907 1638 usu

325 1667 513 1719 receptas
544 1662 661 1720 leges
694 1677 799 1720 quae
831 1666 1042 1720 capitibus
1074 1663 1145 1716 37,
1179 1665 1235 1708 39
1268 1669 1311 1708 et
1344 1665 1398 1709 75
1431 1670 1680 1709 tractantur.

385 1731 534 1789 Capite
566 1732 622 1777 37
656 1736 875 1790 quaeritur
907 1750 982 1778 our
1012 1750 1063 1778 ex
1095 1737 1291 1779 omnibus
1322 1737 1461 1788 rebus,
1503 1750 1610 1793 quae
1641 1736 1706 1779 dis
1735 1738 1908 1779 immor-

324 1803 483 1846 talibus
525 1806 611 1846 sint
654 1805 880 1856 dedicatae,
924 1805 1013 1848 sola
1053 1810 1228 1862 tropaea
1268 1821 1350 1849 non
1382 1807 1551 1850 licuerit
1582 1809 1736 1850 sarcire
1757 1807 1802 1859 ¹),
1835 1801 1908 1850 sed

325 1876 509 1930 tempori
551 1888 598 1917 ea
641 1874 816 1918 delenda
855 1876 1103 1933 reliquerint
1143 1877 1339 1920 Romani.
1384 1877 1478 1920 Duo
1519 1877 1673 1923 dantur
1711 1890 1909 1934 responsa

324 1959 507 2000 quorum
539 1945 789 2001 philosopho
820 1951 963 1989 nostro
997 1947 1073 1990 hoc
1104 1949 1243 2004 magis
1275 1947 1434 2003 placet:
1473 1947 1658 1990 noluisse
1694 1947 1906 1991 Romanos

324 2015 375 2056 ab
407 2015 651 2057 hominibus
681 2017 852 2058 restitui
884 2031 931 2059 ea
960 2018 1213 2060 inimicitiae
1240 2017 1491 2062 documenta
1517 2030 1624 2074 quae
1649 2019 1743 2074 ipsa
1768 2015 1906 2061 aetate

324 2090 639 2128 consumantur.
684 2085 849 2128 Mirum
891 2087 1063 2130 videtur
1105 2101 1204 2129 eum
1247 2088 1316 2130 hic
1356 2102 1441 2130 non
1473 2089 1604 2130 citare
1634 2089 1906 2132 notissimum

328 2168 521 2197 versum:

626 2226 829 2269 ἀθάνατον
861 2228 980 2278 ὀργὴν
1013 2229 1071 2277 μὴ
1100 2228 1298 2280 Φύλασσε
1332 2229 1469 2276 θνητὸς
1499 2227 1561 2271 ὤν.

385 2294 535 2352 Capite
577 2296 632 2339 39
674 2302 797 2354 rogat
839 2312 914 2340 cur
956 2297 1055 2341 solis
1097 2298 1309 2341 militibus
1342 2323 1398 2331 —-
1431 2313 1515 2341 non
1555 2299 1756 2350 emeritis,
1787 2297 1902 2350 lixis,

324 2365 541 2409 calonibus
574 2392 630 2400 -
662 2367 830 2410 licuerit
871 2369 1038 2411 hostem
1071 2369 1209 2412 ferire.
1241 2369 1361 2412 Hanc
1393 2383 1558 2426 quoque
1590 2368 1750 2425 duplici
1775 2369 1900 2412 modo

323 2435 454 2480 solvit
485 2440 774 2493 quaestionem
808 2439 879 2481 sed
910 2441 972 2482 ita
1003 2443 1052 2482 ut
1081 2440 1189 2482 hano
1221 2442 1259 2483 ei
1291 2439 1422 2483 solam
1456 2453 1602 2483 veram
1628 2439 1762 2483 videri
1788 2441 1905 2483 λύσιν

321 2509 498 2550 sentias:
543 2508 629 2551 sola
668 2511 895 2552 necessitas
934 2512 1003 2552 ius
1045 2510 1118 2553 dat
1149 2511 1334 2553 hominis
1365 2510 1656 2562 interficiendi,
1689 2510 1801 2566 quod
1832 2512 1906 2566 qui

320 2579 409 2619 sine
438 2577 513 2620 illa
546 2579 646 2622 facit
678 2580 849 2623 caedem
881 2583 1129 2623 commit-tit.

382 2647 531 2705 Capite
572 2649 626 2693 75
669 2664 744 2693 cur
788 2651 971 2693 Romani
1017 2653 1164 2708 ignem
1211 2653 1482 2708 exstinguere
1529 2650 1646 2693 soliti
1687 2664 1774 2693 non
1816 2651 1903 2693 sint

365 2821 398 2861 1)
423 2819 509 2859 μήτε
533 2822 721 2861 προσκυνεῖν
745 2821 827 2862 μήτ’
851 2820 1094 2864 ἐπισκευάζειν.
1117 2822 1201 2854 Illud
1228 2807 1416 2863 προσ-’κυνεῖν
1439 2821 1498 2854 sibi
1519 2823 1630 2854 danum
1649 2821 1751 2853 videri
1769 2823 1902 2854 annotat

318 2875 455 2906 Graecus
485 2876 597 2909 editor.
627 2876 714 2908 Scire
750 2876 902 2918 pervelim
937 2876 1011 2918 quid
1045 2876 1074 2907 ei
1105 2876 1249 2908 insanum
1282 2877 1438 2910 videatur.
1470 2876 1597 2908 Incerta
1627 2875 1816 2914 emendatio,
1848 2877 1902 2908 sed

316 2929 435 2970 requiri
459 2930 580 2971 aliquid
603 2931 686 2972 quod
711 2934 757 2972 τῷ
782 2928 1016 2973 ἐπισκευάζειν
1040 2930 1146 2973 aliquo
1169 2932 1262 2963 modo
1284 2931 1326 2963 sit
1347 2933 1515 2973 cognatum
1541 2930 1612 2974 quis
1635 2940 1698 2963 non
1721 2930 1831 2964 videt?
1890 2966 1893 2969 Α
