2002 3372
928 977 1217 1034 CAPUT
1265 977 1365 1032 IV.

898 1380 952 1409 DE
985 1380 1164 1410 VIRTU'PE
1197 1379 1248 1409 ET
1282 1379 1407 1410 VITIO.

418 1532 481 1573 En
514 1531 844 1574 admonitionem
879 1545 901 1572 a
929 1534 1094 1586 pastore
1124 1529 1407 1574 Chaeronensi
1434 1530 1484 1573 ad
1513 1521 1732 1587 proprium
1759 1545 1937 1588 gregem

357 1604 560 1645 habitam.
605 1602 794 1653 Quatuor
836 1605 937 1643 sunt
978 1603 1159 1658 paginae
1202 1601 1274 1643 sed
1317 1615 1389 1644 eae
1421 1614 1590 1643 summa
1619 1601 1794 1644 limatae
1824 1615 1938 1644 cura.

356 1674 461 1716 'Poto
513 1673 657 1716 libello
703 1688 776 1714 voce
823 1674 1001 1715 oratoris
1055 1672 1229 1714 auditur
1276 1672 1347 1715 sed
1400 1674 1623 1728 praecipue
1670 1672 1749 1715 sub
1797 1672 1937 1717 finem.

358 1744 572 1787 Ultimum
613 1748 740 1799 caput
781 1744 881 1785 artis
924 1744 1121 1785 oratoriae
1162 1746 1226 1785 est
1267 1744 1494 1799 specimen,
1541 1757 1626 1786 non
1666 1742 1831 1787 fucatae
1870 1743 1941 1786 vel

357 1815 630 1870 sophisticae,
678 1813 750 1856 sed
795 1818 939 1856 tamen
981 1815 1082 1855 artis
1124 1817 1167 1855 et
1208 1838 1264 1845 —-
1308 1828 1390 1869 quo
1431 1827 1554 1870 saepe
1594 1814 1726 1856 etiam
1767 1814 1940 1856 actiones

355 1884 576 1927 Plutarchi
606 1898 744 1926 carere
772 1884 1096 1927 observavimus
1123 1909 1179 1915 —-
1206 1885 1294 1926 exit
1318 1885 1364 1925 in
1392 1883 1727 1940 ‘perorationem’
1752 1885 1943 1941 graviter

356 1959 588 2005 sonantem,
623 1968 729 2010 quae
761 1953 938 2010 impleat
969 1967 1113 1997 aures:

417 2027 459 2068 οὐ
487 2025 615 2077 βιώσῃ
643 2025 933 2076 φιλοσοφήσας
963 2025 1106 2073 ἀηδῶς,
1137 2025 1253 2066 ἀλλὰ
1282 2028 1504 2078 πανταχοῦ
1533 2024 1600 2077 ζῆν
1629 2024 1750 2074 ἡδέως
1778 2026 1942 2076 μαθήσῃ

359 2096 424 2138 καὶ
472 2095 553 2136 ἀπὸ
597 2096 781 2136 πάντων·
826 2096 1021 2147 εὐφρανεῖ
1050 2111 1094 2136 σε
1130 2098 1303 2141 πλοῦτος
1336 2094 1510 2140 πολλοὺς
1545 2095 1838 2147 εὐεργετοῦντα
1871 2095 1939 2137 καὶ

359 2166 479 2208 πενία
522 2166 661 2206 πολλοὶ
704 2167 761 2214 μὴ
805 2170 1075 2217 μεριμνῶντα,
1110 2166 1178 2208 καὶ
1214 2165 1312 2216 δόξα
1347 2166 1573 2216 τιμώμενον
1604 2166 1673 2208 καὶ
1707 2165 1850 2216 ἀδοξίαι
1883 2166 1942 2216 μὴ

359 2237 638 2288 Φθονούμενον.

419 2306 474 2348 Et
514 2305 565 2347 ad
605 2305 854 2358 corriqendos
894 2307 1056 2348 civium
1101 2320 1240 2348 mores
1283 2306 1477 2349 habitam
1519 2307 1677 2363 ubique
1707 2305 1942 2362 intelligis;

360 2382 453 2419 tum
488 2389 586 2418 vero
620 2377 805 2418 maxime
838 2390 935 2418 cum
969 2376 1281 2419 exclamantem
1314 2377 1434 2419 audis
1467 2381 1701 2420 oratorem:

419 2447 571 2499 ἄθροιζε
600 2447 776 2499 χρυσίον,
805 2447 960 2496 σύναγε
992 2446 1192 2499 ἀργύριον,
1223 2446 1418 2498 οἷκεδόμει
1447 2448 1710 2499 περιπάτους,
1731 2446 1941 2499 ἔμπλησον
1972 2435 1976 2439 ’

359 2516 614 2569 ἀνδραπόδων
656 2519 727 2565 τὴν
771 2516 898 2558 οἰκίαιν
931 2517 998 2558 uxi
1034 2522 1246 2570 χρεωστῶν
1280 2519 1351 2566 τὴν
1384 2519 1500 2560 πόλιν
1532 2517 1659 2571 (nihil
1692 2519 1770 2561 tibi
1801 2519 1943 2561 omnia

358 2587 432 2629 illa
475 2587 705 2643 proderunt
747 2588 829 2629 nisi
870 2591 1058 2630 mentem
1099 2592 1220 2630 tuam
1252 2588 1520 2645 philosophia
1550 2588 1785 2632 excolueris
1816 2593 1942 2645 atque

360 2657 682 2710 emendaveris).

421 2728 541 2779 Quod
571 2729 627 2769 sit
659 2727 961 2770 vocabulorum
993 2729 1219 2771 citatorum
1251 2729 1474 2772 consilium
1505 2734 1548 2772 et
1579 2743 1707 2786 quam
1735 2733 1832 2785 apto
1859 2730 1944 2772 sint

361 2803 549 2852 tempore
592 2799 864 2853 pronuntiata
895 2800 1054 2854 optime
1086 2798 1304 2855 intelliges
1340 2801 1377 2842 si
1409 2802 1670 2855 reputaveris
1702 2799 1791 2857 legi
1821 2814 1870 2843 ea
1901 2804 1943 2843 et

360 2869 404 2909 in
435 2867 579 2909 libello
612 2869 660 2908 de
690 2869 848 2910 vitando
880 2884 970 2910 aere
1000 2869 1145 2911 alieno.
1179 2869 1403 2912 Invehitur
1435 2874 1575 2914 orator
1599 2872 1643 2912 in
1669 2870 1779 2913 illud
1804 2884 1941 2927 genus

362 2938 586 2979 hominum
634 2952 716 2992 quo
763 2938 879 2980 nulla
922 2942 1023 2981 tunc
1066 2939 1147 2981 fuit
1187 2941 1230 2981 in
1273 2941 1520 2983 civitatibus
1562 2940 1762 2985 Graeciae
1803 2942 1934 2996 pestis
