<?xml version="1.0" encoding="UTF-8"?>
<!DOCTYPE html PUBLIC "-//W3C//DTD XHTML 1.0 Transitional//EN"
    "http://www.w3.org/TR/xhtml1/DTD/xhtml1-transitional.dtd">
<html xmlns="http://www.w3.org/1999/xhtml" xml:lang="en" lang="en">
 <head>
  <title>
</title>
<meta http-equiv="Content-Type" content="text/html;charset=utf-8" />
  <meta name='ocr-system' content='tesseract 3.04.00' />
  <meta name='ocr-capabilities' content='ocr_page ocr_carea ocr_par ocr_line ocrx_word'/>
</head>
<body>
  <div class='ocr_page' id='page_1' title='image "./deplutarchoscrip00hartuoft_0492.png"; bbox 0 0 2002 3372; ppageno 0'>
   <div class='ocr_carea' id='block_1_1' title="bbox 1126 274 1214 320">
    <p class='ocr_par' dir='ltr' id='par_1_1' title="bbox 1126 274 1214 320">
     <span class='ocr_line' id='line_1_1' title="bbox 1126 274 1214 320; baseline 0.023 -2"><span class='ocrx_word' id='word_1_1' title='bbox 1126 274 1214 320; x_wconf 83' lang='lat'><strong>476</strong></span> 
     </span>
    </p>
   </div>
   <div class='ocr_carea' id='block_1_2' title="bbox 375 397 1962 3075">
    <p class='ocr_par' dir='ltr' id='par_1_2' title="bbox 380 397 1958 813">
     <span class='ocr_line' id='line_1_2' title="bbox 381 397 1956 456; baseline 0.003 -15"><span class='ocrx_word' id='word_1_2' title='bbox 381 399 659 442; x_wconf 80' lang='lat' dir='ltr'><strong>emendantur</strong></span> <span class='ocrx_word' id='word_1_3' title='bbox 697 411 847 440; x_wconf 85' lang='lat' dir='ltr'><strong>mores.</strong></span> <span class='ocrx_word' id='word_1_4' title='bbox 889 397 1111 440; x_wconf 85' lang='lat' dir='ltr'><strong>Praeterea</strong></span> <span class='ocrx_word' id='word_1_5' title='bbox 1151 397 1298 441; x_wconf 92' lang='lat' dir='ltr'><strong>eodem</strong></span> <span class='ocrx_word' id='word_1_6' title='bbox 1338 400 1449 442; x_wconf 83' lang='lat' dir='ltr'><strong>vitae</strong></span> <span class='ocrx_word' id='word_1_7' title='bbox 1481 398 1654 443; x_wconf 75' lang='lat' dir='ltr'>Camilli</span> <span class='ocrx_word' id='word_1_8' title='bbox 1685 400 1956 456; x_wconf 67' lang='lat' dir='ltr'><strong>capitoirele·</strong></span> 
     </span>
     <span class='ocr_line' id='line_1_3' title="bbox 380 466 1956 526; baseline 0.002 -14"><span class='ocrx_word' id='word_1_9' title='bbox 380 483 535 526; x_wconf 87' lang='lat' dir='ltr'><strong>gamur</strong></span> <span class='ocrx_word' id='word_1_10' title='bbox 561 469 612 511; x_wconf 89' lang='lat' dir='ltr'><strong>ad</strong></span> <span class='ocrx_word' id='word_1_11' title='bbox 638 469 796 511; x_wconf 89' lang='lat' dir='ltr'><strong>librum</strong></span> <span class='ocrx_word' id='word_1_12' title='bbox 823 468 872 509; x_wconf 78' lang='lat' dir='ltr'><strong>de</strong></span> <span class='ocrx_word' id='word_1_13' title='bbox 897 466 1048 519; x_wconf 72' lang='lat' dir='ltr'><strong>diebus,</strong></span> <span class='ocrx_word' id='word_1_14' title='bbox 1077 468 1146 511; x_wconf 90' lang='lat' dir='ltr'><strong>cui</strong></span> <span class='ocrx_word' id='word_1_15' title='bbox 1170 469 1215 510; x_wconf 90' lang='grc'><strong>10</strong></span> <span class='ocrx_word' id='word_1_16' title='bbox 1240 468 1386 513; x_wconf 86' lang='lat' dir='ltr'><strong>eadem</strong></span> <span class='ocrx_word' id='word_1_17' title='bbox 1413 469 1545 512; x_wconf 89' lang='lat' dir='ltr'><strong>fuisse</strong></span> <span class='ocrx_word' id='word_1_18' title='bbox 1570 469 1956 517; x_wconf 36' lang='lat' dir='ltr'><strong>oolleotionermm</strong></span> 
     </span>
     <span class='ocr_line' id='line_1_4' title="bbox 381 538 1958 600; baseline 0.002 -19"><span class='ocrx_word' id='word_1_19' title='bbox 381 539 654 595; x_wconf 80' lang='lat' dir='ltr'><strong>adsignatum</strong></span> <span class='ocrx_word' id='word_1_20' title='bbox 696 538 838 580; x_wconf 89' lang='lat' dir='ltr'><strong>sedem</strong></span> <span class='ocrx_word' id='word_1_21' title='bbox 879 541 1208 581; x_wconf 85' lang='lat' dir='ltr'><strong>consentaneum</strong></span> <span class='ocrx_word' id='word_1_22' title='bbox 1249 543 1327 583; x_wconf 82' lang='lat' dir='ltr'><strong>est.</strong></span> <span class='ocrx_word' id='word_1_23' title='bbox 1366 539 1426 582; x_wconf 85' lang='lat' dir='ltr'><strong>Et</strong></span> <span class='ocrx_word' id='word_1_24' title='bbox 1457 541 1628 584; x_wconf 87' lang='lat' dir='ltr'><strong>omnino</strong></span> <span class='ocrx_word' id='word_1_25' title='bbox 1660 554 1726 585; x_wconf 80' lang='lat' dir='ltr'><strong>ree</strong></span> <span class='ocrx_word' id='word_1_26' title='bbox 1754 541 1850 600; x_wconf 64' lang='lat' dir='ltr'><strong>ipen.</strong></span> <span class='ocrx_word' id='word_1_27' title='bbox 1872 541 1958 584; x_wconf 76' lang='lat' dir='ltr'><strong>fert</strong></span> 
     </span>
     <span class='ocr_line' id='line_1_5' title="bbox 380 608 1956 668; baseline 0.003 -16"><span class='ocrx_word' id='word_1_28' title='bbox 380 613 429 652; x_wconf 93' lang='lat' dir='ltr'><strong>ut</strong></span> <span class='ocrx_word' id='word_1_29' title='bbox 457 608 792 664; x_wconf 82' lang='lat' dir='ltr'><strong>„philosophus”</strong></span> <span class='ocrx_word' id='word_1_30' title='bbox 821 609 1010 664; x_wconf 89' lang='lat' dir='ltr'><strong>primum</strong></span> <span class='ocrx_word' id='word_1_31' title='bbox 1038 608 1158 652; x_wconf 87' lang='lat' dir='ltr'><strong>docte</strong></span> <span class='ocrx_word' id='word_1_32' title='bbox 1184 609 1235 652; x_wconf 90' lang='lat' dir='ltr'><strong>de</strong></span> <span class='ocrx_word' id='word_1_33' title='bbox 1261 610 1486 653; x_wconf 90' lang='lat' dir='ltr'><strong>hominum</strong></span> <span class='ocrx_word' id='word_1_34' title='bbox 1502 611 1956 668; x_wconf 35' lang='lat' dir='ltr'><strong>virtutihuslvitiisque</strong></span> 
     </span>
     <span class='ocr_line' id='line_1_6' title="bbox 380 678 1957 737; baseline 0.003 -16"><span class='ocrx_word' id='word_1_35' title='bbox 380 680 579 735; x_wconf 81' lang='lat' dir='ltr'><strong>disputet,</strong></span> <span class='ocrx_word' id='word_1_36' title='bbox 612 678 760 721; x_wconf 87' lang='lat' dir='ltr'><strong>deinde</strong></span> <span class='ocrx_word' id='word_1_37' title='bbox 793 693 844 721; x_wconf 83' lang='lat' dir='ltr'><strong>ex</strong></span> <span class='ocrx_word' id='word_1_38' title='bbox 874 678 1026 721; x_wconf 88' lang='lat' dir='ltr'><strong>iisdem</strong></span> <span class='ocrx_word' id='word_1_39' title='bbox 1057 681 1412 730; x_wconf 83' lang='lat' dir='ltr'><strong>annotationibus,</strong></span> <span class='ocrx_word' id='word_1_40' title='bbox 1441 694 1463 723; x_wconf 90' lang='lat' dir='ltr'><strong>e</strong></span> <span class='ocrx_word' id='word_1_41' title='bbox 1491 680 1746 737; x_wconf 71' lang='lat' dir='ltr'><strong>quibus&#39;illa</strong></span> <span class='ocrx_word' id='word_1_42' title='bbox 1770 685 1957 729; x_wconf 56' lang='lat' dir='ltr'><strong>§etanta</strong></span> 
     </span>
     <span class='ocr_line' id='line_1_7' title="bbox 380 749 1811 813; baseline 0.006 -22"><span class='ocrx_word' id='word_1_43' title='bbox 380 749 624 805; x_wconf 88' lang='lat' dir='ltr'><strong>disputatio,</strong></span> <span class='ocrx_word' id='word_1_44' title='bbox 650 755 761 805; x_wconf 70' lang='lat' dir='ltr'><strong>&#39;opus</strong></span> <span class='ocrx_word' id='word_1_45' title='bbox 791 754 1014 805; x_wconf 86' lang='lat' dir='ltr'><strong>componat</strong></span> <span class='ocrx_word' id='word_1_46' title='bbox 1045 763 1215 793; x_wconf 87' lang='lat' dir='ltr'><strong>summa</strong></span> <span class='ocrx_word' id='word_1_47' title='bbox 1245 754 1336 793; x_wconf 86' lang='lat' dir='ltr'><strong>arte</strong></span> <span class='ocrx_word' id='word_1_48' title='bbox 1367 754 1811 813; x_wconf 43' lang='lat' dir='ltr'><strong>constructum-susm</strong></span> 
     </span>
    </p>

    <p class='ocr_par' dir='ltr' id='par_1_3' title="bbox 377 819 1957 1646">
     <span class='ocr_line' id='line_1_8' title="bbox 439 819 1956 879; baseline 0.003 -17"><span class='ocrx_word' id='word_1_49' title='bbox 439 819 675 862; x_wconf 77' lang='lat' dir='ltr'>Audiamus</span> <span class='ocrx_word' id='word_1_50' title='bbox 708 834 818 862; x_wconf 85' lang='lat' dir='ltr'><strong>nunc</strong></span> <span class='ocrx_word' id='word_1_51' title='bbox 847 821 991 876; x_wconf 89' lang='lat' dir='ltr'><strong>ipsum</strong></span> <span class='ocrx_word' id='word_1_52' title='bbox 1021 820 1302 864; x_wconf 81' lang='lat' dir='ltr'><strong>Plutarchum</strong></span> <span class='ocrx_word' id='word_1_53' title='bbox 1335 821 1385 864; x_wconf 90' lang='lat' dir='ltr'><strong>de</strong></span> <span class='ocrx_word' id='word_1_54' title='bbox 1409 823 1498 865; x_wconf 87' lang='lat' dir='ltr'><strong>suis</strong></span> <span class='ocrx_word' id='word_1_55' title='bbox 1530 821 1634 867; x_wconf 63' lang='lat' dir='ltr'><strong>Vim</strong></span> <span class='ocrx_word' id='word_1_56' title='bbox 1655 829 1879 879; x_wconf 52' lang='lat' dir='ltr'><strong>*tamquam</strong></span> <span class='ocrx_word' id='word_1_57' title='bbox 1901 821 1956 866; x_wconf 84' lang='lat' dir='ltr'><strong>de</strong></span> 
     </span>
     <span class='ocr_line' id='line_1_9' title="bbox 379 890 1956 948; baseline 0.003 -16"><span class='ocrx_word' id='word_1_58' title='bbox 379 905 456 932; x_wconf 77' lang='lat' dir='ltr'><strong>uno</strong></span> <span class='ocrx_word' id='word_1_59' title='bbox 497 904 619 946; x_wconf 90' lang='lat' dir='ltr'><strong>opere</strong></span> <span class='ocrx_word' id='word_1_60' title='bbox 661 892 858 934; x_wconf 88' lang='lat' dir='ltr'><strong>continuo</strong></span> <span class='ocrx_word' id='word_1_61' title='bbox 890 890 1489 948; x_wconf 79' lang='lat' dir='ltr'><strong>loquentem.&#39;Lepidissimus</strong></span> <span class='ocrx_word' id='word_1_62' title='bbox 1521 896 1587 936; x_wconf 87' lang='grc'><strong>001,</strong></span> <span class='ocrx_word' id='word_1_63' title='bbox 1614 892 1735 937; x_wconf 78' lang='lat' dir='ltr'><strong>loeus</strong></span> <span class='ocrx_word' id='word_1_64' title='bbox 1763 894 1956 937; x_wconf 46' lang='lat' dir='ltr'><strong>inditae</strong></span> 
     </span>
     <span class='ocr_line' id='line_1_10' title="bbox 381 959 1956 1024; baseline 0.003 -20"><span class='ocrx_word' id='word_1_65' title='bbox 381 959 571 1004; x_wconf 79' lang='lat' dir='ltr'>Cimonis</span> <span class='ocrx_word' id='word_1_66' title='bbox 611 975 646 1004; x_wconf 88' lang='grc'><strong>0.</strong></span> <span class='ocrx_word' id='word_1_67' title='bbox 680 960 721 1012; x_wconf 81' lang='grc'><strong>2,</strong></span> <span class='ocrx_word' id='word_1_68' title='bbox 765 962 839 1004; x_wconf 86' lang='grc'><strong>11111</strong></span> <span class='ocrx_word' id='word_1_69' title='bbox 879 966 1103 1018; x_wconf 77' lang='lat' dir='ltr'><strong>postquam</strong></span> <span class='ocrx_word' id='word_1_70' title='bbox 1133 964 1322 1007; x_wconf 84' lang='lat' dir='ltr'><strong>narravit</strong></span> <span class='ocrx_word' id='word_1_71' title='bbox 1351 963 1562 1020; x_wconf 91' lang='lat' dir='ltr'><strong>quomodo</strong></span> <span class='ocrx_word' id='word_1_72' title='bbox 1593 963 1904 1024; x_wconf 74' lang='grc' dir='ltr'><strong>0110010000ῳο</strong></span> <span class='ocrx_word' id='word_1_73' title='bbox 1932 979 1956 1009; x_wconf 87' lang='grc'><strong>0</strong></span> 
     </span>
     <span class='ocr_line' id='line_1_11' title="bbox 380 1031 1957 1091; baseline 0.004 -18"><span class='ocrx_word' id='word_1_74' title='bbox 380 1044 535 1088; x_wconf 82' lang='lat' dir='ltr'><strong>magno</strong></span> <span class='ocrx_word' id='word_1_75' title='bbox 560 1031 761 1087; x_wconf 89' lang='lat' dir='ltr'><strong>periculo,</strong></span> <span class='ocrx_word' id='word_1_76' title='bbox 788 1032 901 1088; x_wconf 91' lang='lat' dir='ltr'><strong>quod</strong></span> <span class='ocrx_word' id='word_1_77' title='bbox 925 1035 979 1076; x_wconf 86' lang='lat' dir='ltr'><strong>iis</strong></span> <span class='ocrx_word' id='word_1_78' title='bbox 1005 1047 1029 1076; x_wconf 89' lang='lat' dir='ltr'><strong>a</strong></span> <span class='ocrx_word' id='word_1_79' title='bbox 1054 1033 1358 1078; x_wconf 77' lang='lat' dir='ltr'><strong>calumniatore</strong></span> <span class='ocrx_word' id='word_1_80' title='bbox 1385 1035 1625 1091; x_wconf 82' lang='lat' dir='ltr'><strong>parabatur,</strong></span> <span class='ocrx_word' id='word_1_81' title='bbox 1647 1033 1957 1080; x_wconf 47' lang='grc' dir='ltr'><strong>11110οΗ1110οῶ-</strong></span> 
     </span>
     <span class='ocr_line' id='line_1_12' title="bbox 379 1101 1956 1162; baseline 0.004 -19"><span class='ocrx_word' id='word_1_82' title='bbox 379 1103 521 1144; x_wconf 90' lang='lat' dir='ltr'><strong>monio</strong></span> <span class='ocrx_word' id='word_1_83' title='bbox 552 1101 661 1144; x_wconf 86' lang='lat' dir='ltr'><strong>salvi</strong></span> <span class='ocrx_word' id='word_1_84' title='bbox 691 1105 918 1155; x_wconf 85' lang='lat' dir='ltr'><strong>evaserint,</strong></span> <span class='ocrx_word' id='word_1_85' title='bbox 951 1105 1010 1146; x_wconf 90' lang='lat' dir='ltr'><strong>sic</strong></span> <span class='ocrx_word' id='word_1_86' title='bbox 1041 1105 1206 1160; x_wconf 81' lang='lat' dir='ltr'><strong>pergit:</strong></span> <span class='ocrx_word' id='word_1_87' title='bbox 1242 1109 1395 1161; x_wconf 81' lang='lat' dir='ltr'><strong>„atque</strong></span> <span class='ocrx_word' id='word_1_88' title='bbox 1426 1104 1495 1148; x_wconf 86' lang='lat' dir='ltr'><strong>illi</strong></span> <span class='ocrx_word' id='word_1_89' title='bbox 1523 1106 1956 1162; x_wconf 65' lang='lat' dir='ltr'><strong>proavirnostrttune</strong></span> 
     </span>
     <span class='ocr_line' id='line_1_13' title="bbox 378 1171 1955 1234; baseline 0.004 -20"><span class='ocrx_word' id='word_1_90' title='bbox 378 1171 559 1214; x_wconf 86' lang='lat' dir='ltr'><strong>Lucullo</strong></span> <span class='ocrx_word' id='word_1_91' title='bbox 603 1174 725 1216; x_wconf 85' lang='lat' dir='ltr'><strong>iuxta</strong></span> <span class='ocrx_word' id='word_1_92' title='bbox 770 1173 985 1218; x_wconf 85' lang='lat' dir='ltr'><strong>Bacchum</strong></span> <span class='ocrx_word' id='word_1_93' title='bbox 1033 1189 1314 1219; x_wconf 80' lang='lat' dir='ltr'><strong>marmoream</strong></span> <span class='ocrx_word' id='word_1_94' title='bbox 1355 1181 1586 1233; x_wconf 86' lang='lat' dir='ltr'><strong>posuerunt</strong></span> <span class='ocrx_word' id='word_1_95' title='bbox 1623 1179 1854 1229; x_wconf 65' lang='grc' dir='ltr'><strong>01011111ιί3-4</strong></span> <span class='ocrx_word' id='word_1_96' title='bbox 1875 1184 1955 1234; x_wconf 77' lang='lat' dir='ltr'><strong>ego</strong></span> 
     </span>
     <span class='ocr_line' id='line_1_14' title="bbox 379 1245 1956 1305; baseline 0.004 -20"><span class='ocrx_word' id='word_1_97' title='bbox 379 1257 480 1286; x_wconf 85' lang='lat' dir='ltr'><strong>vero</strong></span> <span class='ocrx_word' id='word_1_98' title='bbox 523 1247 720 1300; x_wconf 88' lang='lat' dir='ltr'><strong>quamvis</strong></span> <span class='ocrx_word' id='word_1_99' title='bbox 761 1245 912 1290; x_wconf 88' lang='lat' dir='ltr'><strong>multis</strong></span> <span class='ocrx_word' id='word_1_100' title='bbox 953 1247 1132 1290; x_wconf 82' lang='lat' dir='ltr'><strong>saeculis</strong></span> <span class='ocrx_word' id='word_1_101' title='bbox 1171 1252 1267 1303; x_wconf 87' lang='lat' dir='ltr'><strong>post</strong></span> <span class='ocrx_word' id='word_1_102' title='bbox 1298 1249 1458 1299; x_wconf 84' lang='lat' dir='ltr'><strong>vivam,</strong></span> <span class='ocrx_word' id='word_1_103' title='bbox 1491 1251 1635 1292; x_wconf 76' lang='lat' dir='ltr'><strong>tamen</strong></span> <span class='ocrx_word' id='word_1_104' title='bbox 1665 1253 1774 1305; x_wconf 61' lang='lat' dir='ltr'><strong>puto,</strong></span> <span class='ocrx_word' id='word_1_105' title='bbox 1797 1247 1853 1292; x_wconf 74' lang='lat' dir='ltr'><strong>ad</strong></span> <span class='ocrx_word' id='word_1_106' title='bbox 1881 1261 1956 1292; x_wconf 85' lang='grc'><strong>1100</strong></span> 
     </span>
     <span class='ocr_line' id='line_1_15' title="bbox 379 1315 1956 1375; baseline 0.002 -18"><span class='ocrx_word' id='word_1_107' title='bbox 379 1328 544 1371; x_wconf 87' lang='grc'><strong>1111011110</strong></span> <span class='ocrx_word' id='word_1_108' title='bbox 575 1315 748 1359; x_wconf 81' lang='lat' dir='ltr'><strong>Luculli</strong></span> <span class='ocrx_word' id='word_1_109' title='bbox 780 1319 988 1373; x_wconf 84' lang='lat' dir='ltr'><strong>pert-inere</strong></span> <span class='ocrx_word' id='word_1_110' title='bbox 1019 1320 1248 1369; x_wconf 88' lang='lat' dir='ltr'><strong>meritum;</strong></span> <span class='ocrx_word' id='word_1_111' title='bbox 1281 1332 1464 1375; x_wconf 85' lang='lat' dir='ltr'><strong>cumque</strong></span> <span class='ocrx_word' id='word_1_112' title='bbox 1490 1318 1599 1363; x_wconf 88' lang='lat' dir='ltr'><strong>mihi</strong></span> <span class='ocrx_word' id='word_1_113' title='bbox 1624 1319 1956 1375; x_wconf 40' lang='lat' dir='ltr'><strong>persuasnmfsit</strong></span> 
     </span>
     <span class='ocr_line' id='line_1_16' title="bbox 377 1386 1956 1446; baseline 0.003 -19"><span class='ocrx_word' id='word_1_114' title='bbox 377 1386 581 1442; x_wconf 83' lang='lat' dir='ltr'><strong>imagine,</strong></span> <span class='ocrx_word' id='word_1_115' title='bbox 609 1401 716 1442; x_wconf 88' lang='lat' dir='ltr'><strong>quae</strong></span> <span class='ocrx_word' id='word_1_116' title='bbox 742 1402 893 1444; x_wconf 86' lang='lat' dir='ltr'><strong>corpus</strong></span> <span class='ocrx_word' id='word_1_117' title='bbox 921 1388 1175 1445; x_wconf 90' lang='lat' dir='ltr'><strong>vultumque</strong></span> <span class='ocrx_word' id='word_1_118' title='bbox 1202 1389 1366 1442; x_wconf 84' lang='lat' dir='ltr'><strong>referat,</strong></span> <span class='ocrx_word' id='word_1_119' title='bbox 1395 1388 1534 1434; x_wconf 87' lang='lat' dir='ltr'><strong>multo</strong></span> <span class='ocrx_word' id='word_1_120' title='bbox 1560 1399 1648 1433; x_wconf 85' lang='grc'><strong>0000</strong></span> <span class='ocrx_word' id='word_1_121' title='bbox 1670 1387 1956 1446; x_wconf 65' lang='lat' dir='ltr'><strong>pulchriorem</strong></span> 
     </span>
     <span class='ocr_line' id='line_1_17' title="bbox 377 1455 1956 1517; baseline 0.004 -19"><span class='ocrx_word' id='word_1_122' title='bbox 377 1455 499 1499; x_wconf 90' lang='lat' dir='ltr'><strong>illam</strong></span> <span class='ocrx_word' id='word_1_123' title='bbox 530 1459 574 1500; x_wconf 91' lang='lat' dir='ltr'><strong>in</strong></span> <span class='ocrx_word' id='word_1_124' title='bbox 606 1471 688 1513; x_wconf 89' lang='lat' dir='ltr'><strong>qua</strong></span> <span class='ocrx_word' id='word_1_125' title='bbox 720 1473 860 1502; x_wconf 89' lang='lat' dir='ltr'><strong>mores</strong></span> <span class='ocrx_word' id='word_1_126' title='bbox 891 1459 1136 1516; x_wconf 90' lang='lat' dir='ltr'><strong>indolesque</strong></span> <span class='ocrx_word' id='word_1_127' title='bbox 1168 1461 1492 1517; x_wconf 85' lang='lat' dir='ltr'><strong>conspiciantur,</strong></span> <span class='ocrx_word' id='word_1_128' title='bbox 1522 1461 1578 1504; x_wconf 63' lang='lat' dir='ltr'><strong>iu&gt;</strong></span> <span class='ocrx_word' id='word_1_129' title='bbox 1599 1461 1723 1504; x_wconf 71' lang='lat' dir='ltr'><strong>vitas·</strong></span> <span class='ocrx_word' id='word_1_130' title='bbox 1741 1472 1956 1516; x_wconf 64' lang='lat' dir='ltr'><strong>menape-</strong></span> 
     </span>
     <span class='ocr_line' id='line_1_18' title="bbox 378 1526 1956 1588; baseline 0.003 -19"><span class='ocrx_word' id='word_1_131' title='bbox 378 1526 545 1571; x_wconf 87' lang='lat' dir='ltr'><strong>rallelas</strong></span> <span class='ocrx_word' id='word_1_132' title='bbox 593 1531 722 1572; x_wconf 84' lang='lat' dir='ltr'><strong>etiam</strong></span> <span class='ocrx_word' id='word_1_133' title='bbox 768 1529 886 1574; x_wconf 87' lang='lat' dir='ltr'><strong>illiue</strong></span> <span class='ocrx_word' id='word_1_134' title='bbox 927 1532 1012 1574; x_wconf 84' lang='lat' dir='ltr'><strong>viri</strong></span> <span class='ocrx_word' id='word_1_135' title='bbox 1053 1544 1117 1574; x_wconf 88' lang='lat' dir='ltr'><strong>ree</strong></span> <span class='ocrx_word' id='word_1_136' title='bbox 1159 1535 1301 1588; x_wconf 85' lang='lat' dir='ltr'><strong>gestas</strong></span> <span class='ocrx_word' id='word_1_137' title='bbox 1342 1532 1543 1588; x_wconf 84' lang='lat' dir='ltr'><strong>recipiam</strong></span> <span class='ocrx_word' id='word_1_138' title='bbox 1584 1545 1750 1588; x_wconf 81' lang='lat' dir='ltr'><strong>easque-</strong></span> <span class='ocrx_word' id='word_1_139' title='bbox 1775 1529 1956 1577; x_wconf 66' lang='lat' dir='ltr'><strong>fideliter</strong></span> 
     </span>
     <span class='ocr_line' id='line_1_19' title="bbox 379 1599 1725 1646; baseline 0.001 -6"><span class='ocrx_word' id='word_1_140' title='bbox 379 1599 622 1641; x_wconf 57' lang='lat' dir='ltr'><strong>enarraboss&#39;</strong></span> <span class='ocrx_word' id='word_1_141' title='bbox 1643 1639 1649 1646; x_wconf 91' lang='grc'><strong>,</strong></span> <span class='ocrx_word' id='word_1_142' title='bbox 1682 1637 1684 1640; x_wconf 78' lang='grc'><strong>,</strong></span> <span class='ocrx_word' id='word_1_143' title='bbox 1722 1638 1725 1645; x_wconf 85' lang='grc'>,</span> 
     </span>
    </p>

    <p class='ocr_par' dir='ltr' id='par_1_4' title="bbox 376 1639 1962 1944">
     <span class='ocr_line' id='line_1_20' title="bbox 439 1639 1962 1717; baseline 0.002 -5"><span class='ocrx_word' id='word_1_144' title='bbox 439 1670 625 1714; x_wconf 90' lang='lat' dir='ltr'><strong>Audisne</strong></span> <span class='ocrx_word' id='word_1_145' title='bbox 666 1671 841 1716; x_wconf 90' lang='lat' dir='ltr'><strong>illarum</strong></span> <span class='ocrx_word' id='word_1_146' title='bbox 884 1675 1072 1717; x_wconf 83' lang='lat' dir='ltr'><strong>vitarum</strong></span> <span class='ocrx_word' id='word_1_147' title='bbox 1113 1674 1429 1717; x_wconf 83' lang='lat' dir='ltr'><strong>scribendarum</strong></span> <span class='ocrx_word' id='word_1_148' title='bbox 1470 1687 1606 1717; x_wconf 90' lang='lat' dir='ltr'><strong>unum</strong></span> <span class='ocrx_word' id='word_1_149' title='bbox 1646 1682 1736 1717; x_wconf 79' lang='grc'><strong>0000</strong></span> <span class='ocrx_word' id='word_1_150' title='bbox 1765 1639 1962 1717; x_wconf 70' lang='grc'><strong>1013010111-</strong></span> 
     </span>
     <span class='ocr_line' id='line_1_21' title="bbox 379 1743 1954 1799; baseline 0.001 -14"><span class='ocrx_word' id='word_1_151' title='bbox 379 1757 596 1799; x_wconf 91' lang='lat' dir='ltr'><strong>unumque</strong></span> <span class='ocrx_word' id='word_1_152' title='bbox 637 1743 893 1787; x_wconf 86' lang='lat' dir='ltr'><strong>consilium?</strong></span> <span class='ocrx_word' id='word_1_153' title='bbox 934 1744 1054 1798; x_wconf 80' lang='lat' dir='ltr'><strong>Quod</strong></span> <span class='ocrx_word' id='word_1_154' title='bbox 1094 1745 1332 1788; x_wconf 87' lang='lat' dir='ltr'><strong>cuiusmodi</strong></span> <span class='ocrx_word' id='word_1_155' title='bbox 1373 1747 1428 1788; x_wconf 85' lang='lat' dir='ltr'><strong>sit</strong></span> <span class='ocrx_word' id='word_1_156' title='bbox 1469 1745 1590 1788; x_wconf 84' lang='lat' dir='ltr'><strong>nobis</strong></span> <span class='ocrx_word' id='word_1_157' title='bbox 1621 1743 1876 1789; x_wconf 72' lang='lat' dir='ltr'><strong>Plutarchus</strong></span> <span class='ocrx_word' id='word_1_158' title='bbox 1905 1757 1954 1786; x_wconf 89' lang='lat' dir='ltr'><strong>eo</strong></span> 
     </span>
     <span class='ocr_line' id='line_1_22' title="bbox 376 1814 1955 1874; baseline 0.002 -18"><span class='ocrx_word' id='word_1_159' title='bbox 376 1814 467 1857; x_wconf 88' lang='lat' dir='ltr'><strong>loco</strong></span> <span class='ocrx_word' id='word_1_160' title='bbox 509 1820 648 1857; x_wconf 87' lang='lat' dir='ltr'><strong>narrat</strong></span> <span class='ocrx_word' id='word_1_161' title='bbox 689 1817 762 1871; x_wconf 88' lang='lat' dir='ltr'><strong>qui</strong></span> <span class='ocrx_word' id='word_1_162' title='bbox 803 1816 999 1859; x_wconf 87' lang='lat' dir='ltr'><strong>omnibus</strong></span> <span class='ocrx_word' id='word_1_163' title='bbox 1030 1815 1125 1859; x_wconf 86' lang='lat' dir='ltr'><strong>aliis</strong></span> <span class='ocrx_word' id='word_1_164' title='bbox 1157 1818 1298 1874; x_wconf 82' lang='lat' dir='ltr'><strong>magis</strong></span> <span class='ocrx_word' id='word_1_165' title='bbox 1329 1816 1456 1859; x_wconf 84' lang='lat' dir='ltr'><strong>efficit</strong></span> <span class='ocrx_word' id='word_1_166' title='bbox 1487 1820 1536 1859; x_wconf 90' lang='lat' dir='ltr'><strong>ut</strong></span> <span class='ocrx_word' id='word_1_167' title='bbox 1568 1829 1678 1859; x_wconf 64' lang='grc'><strong>011111»</strong></span> <span class='ocrx_word' id='word_1_168' title='bbox 1697 1828 1783 1859; x_wconf 81' lang='lat' dir='ltr'><strong>non</strong></span> <span class='ocrx_word' id='word_1_169' title='bbox 1807 1823 1955 1859; x_wconf 74' lang='lat' dir='ltr'><strong>amare</strong></span> 
     </span>
     <span class='ocr_line' id='line_1_23' title="bbox 376 1886 1534 1944; baseline 0.003 -17"><span class='ocrx_word' id='word_1_170' title='bbox 376 1899 459 1928; x_wconf 90' lang='lat' dir='ltr'><strong>non</strong></span> <span class='ocrx_word' id='word_1_171' title='bbox 491 1887 715 1941; x_wconf 86' lang='lat' dir='ltr'><strong>possimus.</strong></span> <span class='ocrx_word' id='word_1_172' title='bbox 747 1886 927 1944; x_wconf 82' lang='lat' dir='ltr'><strong>Legitur</strong></span> <span class='ocrx_word' id='word_1_173' title='bbox 956 1889 1000 1929; x_wconf 91' lang='lat' dir='ltr'><strong>in</strong></span> <span class='ocrx_word' id='word_1_174' title='bbox 1033 1889 1244 1944; x_wconf 88' lang='lat' dir='ltr'><strong>prooemio</strong></span> <span class='ocrx_word' id='word_1_175' title='bbox 1280 1887 1534 1930; x_wconf 64' lang='lat' dir='ltr'><strong>flmoleonisz</strong></span> 
     </span>
    </p>

    <p class='ocr_par' dir='ltr' id='par_1_5' title="bbox 375 1955 1954 2509">
     <span class='ocr_line' id='line_1_24' title="bbox 439 1955 1953 2014; baseline 0.001 -16"><span class='ocrx_word' id='word_1_176' title='bbox 439 1955 662 2006; x_wconf 88' lang='lat' dir='ltr'><strong>„Aliorum</strong></span> <span class='ocrx_word' id='word_1_177' title='bbox 695 1971 818 2000; x_wconf 90' lang='lat' dir='ltr'><strong>causa</strong></span> <span class='ocrx_word' id='word_1_178' title='bbox 851 1960 959 2001; x_wconf 84' lang='lat' dir='ltr'><strong>vitas</strong></span> <span class='ocrx_word' id='word_1_179' title='bbox 990 1959 1169 2001; x_wconf 89' lang='lat' dir='ltr'><strong>scribere</strong></span> <span class='ocrx_word' id='word_1_180' title='bbox 1201 1960 1331 2014; x_wconf 85' lang='lat' dir='ltr'><strong>coepi,</strong></span> <span class='ocrx_word' id='word_1_181' title='bbox 1364 1957 1436 2001; x_wconf 84' lang='lat' dir='ltr'><strong>sed</strong></span> <span class='ocrx_word' id='word_1_182' title='bbox 1466 1959 1512 2000; x_wconf 88' lang='grc'><strong>10</strong></span> <span class='ocrx_word' id='word_1_183' title='bbox 1537 1956 1750 2002; x_wconf 75' lang='lat' dir='ltr'><strong>solabere</strong></span> <span class='ocrx_word' id='word_1_184' title='bbox 1775 1957 1953 2013; x_wconf 71' lang='lat' dir='ltr'><strong>persisto</strong></span> 
     </span>
     <span class='ocr_line' id='line_1_25' title="bbox 377 2026 1954 2085; baseline 0 -16"><span class='ocrx_word' id='word_1_185' title='bbox 377 2041 510 2083; x_wconf 87' lang='lat' dir='ltr'><strong>eoque</strong></span> <span class='ocrx_word' id='word_1_186' title='bbox 552 2027 737 2071; x_wconf 87' lang='lat' dir='ltr'><strong>delector</strong></span> <span class='ocrx_word' id='word_1_187' title='bbox 767 2042 862 2072; x_wconf 85' lang='lat' dir='ltr'><strong>mea</strong></span> <span class='ocrx_word' id='word_1_188' title='bbox 894 2043 1032 2081; x_wconf 87' lang='lat' dir='ltr'><strong>causa,</strong></span> <span class='ocrx_word' id='word_1_189' title='bbox 1065 2029 1168 2072; x_wconf 89' lang='lat' dir='ltr'><strong>dum</strong></span> <span class='ocrx_word' id='word_1_190' title='bbox 1199 2029 1376 2072; x_wconf 85' lang='lat' dir='ltr'><strong>historia</strong></span> <span class='ocrx_word' id='word_1_191' title='bbox 1407 2033 1625 2085; x_wconf 85' lang='lat' dir='ltr'><strong>tamquam</strong></span> <span class='ocrx_word' id='word_1_192' title='bbox 1658 2026 1828 2084; x_wconf 78' lang='lat' dir='ltr'><strong>speculo</strong></span> <span class='ocrx_word' id='word_1_193' title='bbox 1857 2032 1954 2070; x_wconf 85' lang='lat' dir='ltr'><strong>utor</strong></span> 
     </span>
     <span class='ocr_line' id='line_1_26' title="bbox 378 2098 1953 2156; baseline 0.003 -17"><span class='ocrx_word' id='word_1_194' title='bbox 378 2102 427 2140; x_wconf 84' lang='lat' dir='ltr'><strong>ut</strong></span> <span class='ocrx_word' id='word_1_195' title='bbox 470 2101 567 2140; x_wconf 86' lang='lat' dir='ltr'><strong>ante</strong></span> <span class='ocrx_word' id='word_1_196' title='bbox 596 2098 707 2142; x_wconf 88' lang='lat' dir='ltr'><strong>illud</strong></span> <span class='ocrx_word' id='word_1_197' title='bbox 737 2103 852 2142; x_wconf 88' lang='lat' dir='ltr'><strong>stans</strong></span> <span class='ocrx_word' id='word_1_198' title='bbox 883 2114 952 2142; x_wconf 92' lang='lat' dir='ltr'><strong>me</strong></span> <span class='ocrx_word' id='word_1_199' title='bbox 982 2101 1125 2156; x_wconf 89' lang='lat' dir='ltr'><strong>ipsum</strong></span> <span class='ocrx_word' id='word_1_200' title='bbox 1157 2113 1355 2143; x_wconf 85' lang='lat' dir='ltr'><strong>exornem</strong></span> <span class='ocrx_word' id='word_1_201' title='bbox 1388 2112 1615 2155; x_wconf 87' lang='lat' dir='ltr'><strong>paremque</strong></span> <span class='ocrx_word' id='word_1_202' title='bbox 1645 2098 1817 2142; x_wconf 82' lang='lat' dir='ltr'><strong>reddam</strong></span> <span class='ocrx_word' id='word_1_203' title='bbox 1848 2099 1953 2143; x_wconf 84' lang='lat' dir='ltr'><strong>ima-</strong></span> 
     </span>
     <span class='ocr_line' id='line_1_27' title="bbox 375 2169 1952 2227; baseline 0.001 -17"><span class='ocrx_word' id='word_1_204' title='bbox 375 2169 546 2224; x_wconf 81' lang='lat' dir='ltr'><strong>ginibus</strong></span> <span class='ocrx_word' id='word_1_205' title='bbox 589 2183 692 2225; x_wconf 88' lang='lat' dir='ltr'><strong>quas</strong></span> <span class='ocrx_word' id='word_1_206' title='bbox 730 2169 838 2212; x_wconf 90' lang='lat' dir='ltr'><strong>illud</strong></span> <span class='ocrx_word' id='word_1_207' title='bbox 881 2170 989 2213; x_wconf 87' lang='lat' dir='ltr'><strong>mihi</strong></span> <span class='ocrx_word' id='word_1_208' title='bbox 1028 2170 1212 2227; x_wconf 85' lang='lat' dir='ltr'><strong>praebet.</strong></span> <span class='ocrx_word' id='word_1_209' title='bbox 1255 2170 1366 2213; x_wconf 85' lang='lat' dir='ltr'><strong>Nam</strong></span> <span class='ocrx_word' id='word_1_210' title='bbox 1406 2170 1625 2213; x_wconf 83' lang='lat' dir='ltr'><strong>historiam</strong></span> <span class='ocrx_word' id='word_1_211' title='bbox 1669 2170 1848 2214; x_wconf 83' lang='lat' dir='ltr'><strong>scribere</strong></span> <span class='ocrx_word' id='word_1_212' title='bbox 1888 2172 1952 2213; x_wconf 86' lang='lat' dir='ltr'><strong>est</strong></span> 
     </span>
     <span class='ocr_line' id='line_1_28' title="bbox 377 2240 1952 2296; baseline 0 -15"><span class='ocrx_word' id='word_1_213' title='bbox 377 2240 498 2294; x_wconf 80' lang='lat' dir='ltr'><strong>quasi</strong></span> <span class='ocrx_word' id='word_1_214' title='bbox 536 2241 647 2282; x_wconf 87' lang='lat' dir='ltr'><strong>inter</strong></span> <span class='ocrx_word' id='word_1_215' title='bbox 688 2241 886 2296; x_wconf 86' lang='lat' dir='ltr'><strong>antiquos</strong></span> <span class='ocrx_word' id='word_1_216' title='bbox 929 2243 1082 2284; x_wconf 87' lang='lat' dir='ltr'><strong>versari</strong></span> <span class='ocrx_word' id='word_1_217' title='bbox 1127 2241 1318 2284; x_wconf 86' lang='lat' dir='ltr'><strong>homines</strong></span> <span class='ocrx_word' id='word_1_218' title='bbox 1362 2245 1404 2284; x_wconf 88' lang='lat' dir='ltr'><strong>et</strong></span> <span class='ocrx_word' id='word_1_219' title='bbox 1443 2253 1542 2283; x_wconf 90' lang='lat' dir='ltr'><strong>cum</strong></span> <span class='ocrx_word' id='word_1_220' title='bbox 1573 2241 1628 2283; x_wconf 82' lang='grc'><strong>110</strong></span> <span class='ocrx_word' id='word_1_221' title='bbox 1658 2241 1818 2288; x_wconf 79' lang='lat' dir='ltr'><strong>vivere.</strong></span> <span class='ocrx_word' id='word_1_222' title='bbox 1849 2251 1952 2295; x_wconf 90' lang='lat' dir='ltr'><strong>quos</strong></span> 
     </span>
     <span class='ocr_line' id='line_1_29' title="bbox 376 2309 1952 2367; baseline 0.001 -16"><span class='ocrx_word' id='word_1_223' title='bbox 376 2309 687 2365; x_wconf 89' lang='lat' dir='ltr'><strong>quodammodo</strong></span> <span class='ocrx_word' id='word_1_224' title='bbox 720 2311 772 2353; x_wconf 90' lang='lat' dir='ltr'><strong>ad</strong></span> <span class='ocrx_word' id='word_1_225' title='bbox 802 2326 877 2354; x_wconf 88' lang='lat' dir='ltr'><strong>nos</strong></span> <span class='ocrx_word' id='word_1_226' title='bbox 907 2312 1144 2354; x_wconf 86' lang='lat' dir='ltr'><strong>invitamus</strong></span> <span class='ocrx_word' id='word_1_227' title='bbox 1178 2315 1226 2354; x_wconf 91' lang='lat' dir='ltr'><strong>ut</strong></span> <span class='ocrx_word' id='word_1_228' title='bbox 1258 2310 1594 2367; x_wconf 86' lang='lat' dir='ltr'><strong>contemplemur</strong></span> <span class='ocrx_word' id='word_1_229' title='bbox 1626 2309 1792 2366; x_wconf 78' lang='lat' dir='ltr'><strong>„qualis</strong></span> <span class='ocrx_word' id='word_1_230' title='bbox 1823 2323 1952 2366; x_wconf 85' lang='lat' dir='ltr'><strong>quan-</strong></span> 
     </span>
     <span class='ocr_line' id='line_1_30' title="bbox 377 2381 1952 2461; baseline 0.001 -39"><span class='ocrx_word' id='word_1_231' title='bbox 377 2385 530 2437; x_wconf 89' lang='lat' dir='ltr'><strong>tusque</strong></span> <span class='ocrx_word' id='word_1_232' title='bbox 571 2383 748 2438; x_wconf 88' lang='lat' dir='ltr'><strong>quisque</strong></span> <span class='ocrx_word' id='word_1_233' title='bbox 781 2396 928 2425; x_wconf 89' lang='lat' dir='ltr'><strong>eorum</strong></span> <span class='ocrx_word' id='word_1_234' title='bbox 956 2381 1116 2427; x_wconf 85' lang='lat' dir='ltr'><strong>fuerit&#39;&#39;</strong></span> <span class='ocrx_word' id='word_1_235' title='bbox 1120 2416 1130 2435; x_wconf 94' lang='lat'><strong><em>,</em></strong></span> <span class='ocrx_word' id='word_1_236' title='bbox 1164 2397 1186 2425; x_wconf 91' lang='grc'><strong>0</strong></span> <span class='ocrx_word' id='word_1_237' title='bbox 1219 2383 1342 2426; x_wconf 86' lang='lat' dir='ltr'><strong>factis</strong></span> <span class='ocrx_word' id='word_1_238' title='bbox 1374 2396 1521 2425; x_wconf 88' lang='lat' dir='ltr'><strong>eorum</strong></span> <span class='ocrx_word' id='word_1_239' title='bbox 1552 2385 1814 2461; x_wconf 81' lang='lat' dir='ltr'><strong>secernentes</strong></span> <span class='ocrx_word' id='word_1_240' title='bbox 1844 2390 1952 2437; x_wconf 85' lang='lat' dir='ltr'><strong>quae</strong></span> 
     </span>
     <span class='ocr_line' id='line_1_31' title="bbox 376 2452 1459 2509; baseline 0.002 -16"><span class='ocrx_word' id='word_1_241' title='bbox 376 2453 562 2495; x_wconf 83' lang='lat' dir='ltr'><strong>maxime</strong></span> <span class='ocrx_word' id='word_1_242' title='bbox 594 2454 679 2495; x_wconf 88' lang='lat' dir='ltr'><strong>sint</strong></span> <span class='ocrx_word' id='word_1_243' title='bbox 710 2455 763 2495; x_wconf 88' lang='lat' dir='ltr'><strong>iis</strong></span> <span class='ocrx_word' id='word_1_244' title='bbox 794 2455 963 2509; x_wconf 87' lang='lat' dir='ltr'><strong>propria</strong></span> <span class='ocrx_word' id='word_1_245' title='bbox 993 2457 1120 2509; x_wconf 85' lang='lat' dir='ltr'><strong>atque</strong></span> <span class='ocrx_word' id='word_1_246' title='bbox 1151 2452 1459 2509; x_wconf 87' lang='lat' dir='ltr'><strong>pulcherrima:</strong></span> 
     </span>
    </p>

    <p class='ocr_par' dir='ltr' id='par_1_6' title="bbox 376 2494 1674 2649">
     <span class='ocr_line' id='line_1_32' title="bbox 646 2494 1674 2580; baseline 0.002 -15"><span class='ocrx_word' id='word_1_247' title='bbox 646 2538 670 2565; x_wconf 94' lang='grc' dir='ltr'>ο</span> <span class='ocrx_word' id='word_1_248' title='bbox 697 2537 804 2580; x_wconf 89' lang='lat' dir='ltr'><strong>quae</strong></span> <span class='ocrx_word' id='word_1_249' title='bbox 836 2523 1031 2580; x_wconf 86' lang='lat' dir='ltr'><strong>voluptas</strong></span> <span class='ocrx_word' id='word_1_250' title='bbox 1062 2525 1198 2567; x_wconf 91' lang='lat' dir='ltr'><strong>maior</strong></span> <span class='ocrx_word' id='word_1_251' title='bbox 1228 2523 1316 2566; x_wconf 88' lang='lat' dir='ltr'><strong>ulla</strong></span> <span class='ocrx_word' id='word_1_252' title='bbox 1347 2537 1526 2580; x_wconf 79' lang='lat' dir='ltr'><strong>usquam</strong></span> <span class='ocrx_word' id='word_1_253' title='bbox 1559 2494 1674 2579; x_wconf 81' lang='lat' dir='ltr'><strong>patet</strong></span> 
     </span>
     <span class='ocr_line' id='line_1_33' title="bbox 376 2591 1538 2649; baseline 0.001 -13"><span class='ocrx_word' id='word_1_254' title='bbox 376 2596 419 2636; x_wconf 90' lang='lat' dir='ltr'><strong>et</strong></span> <span class='ocrx_word' id='word_1_255' title='bbox 451 2599 557 2649; x_wconf 90' lang='lat' dir='ltr'><strong>quae</strong></span> <span class='ocrx_word' id='word_1_256' title='bbox 589 2594 791 2637; x_wconf 86' lang='lat' dir='ltr'><strong>efficacior</strong></span> <span class='ocrx_word' id='word_1_257' title='bbox 821 2594 873 2637; x_wconf 90' lang='lat' dir='ltr'><strong>ad</strong></span> <span class='ocrx_word' id='word_1_258' title='bbox 904 2609 1002 2638; x_wconf 86' lang='lat' dir='ltr'><strong>suos</strong></span> <span class='ocrx_word' id='word_1_259' title='bbox 1032 2609 1170 2638; x_wconf 90' lang='lat' dir='ltr'><strong>mores</strong></span> <span class='ocrx_word' id='word_1_260' title='bbox 1202 2591 1522 2638; x_wconf 69' lang='lat' dir='ltr'><strong>emendandosP</strong></span> <span class='ocrx_word' id='word_1_261' title='bbox 1528 2593 1538 2611; x_wconf 91' lang='lat'>&#39;</span> 
     </span>
    </p>

    <p class='ocr_par' dir='ltr' id='par_1_7' title="bbox 436 2664 799 2721">
     <span class='ocr_line' id='line_1_34' title="bbox 436 2664 799 2721; baseline 0.006 -15"><span class='ocrx_word' id='word_1_262' title='bbox 436 2664 490 2706; x_wconf 83' lang='lat' dir='ltr'><strong>Et</strong></span> <span class='ocrx_word' id='word_1_263' title='bbox 521 2664 647 2721; x_wconf 90' lang='lat' dir='ltr'><strong>paulo</strong></span> <span class='ocrx_word' id='word_1_264' title='bbox 680 2669 799 2721; x_wconf 89' lang='lat' dir='ltr'><strong>post:</strong></span> 
     </span>
    </p>

    <p class='ocr_par' dir='ltr' id='par_1_8' title="bbox 375 2734 1951 3075">
     <span class='ocr_line' id='line_1_35' title="bbox 438 2734 1949 2790; baseline -0.001 -13"><span class='ocrx_word' id='word_1_265' title='bbox 438 2735 513 2785; x_wconf 91' lang='lat' dir='ltr'><strong>„In</strong></span> <span class='ocrx_word' id='word_1_266' title='bbox 545 2736 721 2779; x_wconf 86' lang='lat' dir='ltr'><strong>historia</strong></span> <span class='ocrx_word' id='word_1_267' title='bbox 752 2735 935 2779; x_wconf 84' lang='lat' dir='ltr'><strong>vivendo</strong></span> <span class='ocrx_word' id='word_1_268' title='bbox 963 2739 1005 2778; x_wconf 86' lang='lat' dir='ltr'><strong>et</strong></span> <span class='ocrx_word' id='word_1_269' title='bbox 1030 2735 1195 2779; x_wconf 82' lang='lat' dir='ltr'><strong>assidue</strong></span> <span class='ocrx_word' id='word_1_270' title='bbox 1221 2737 1444 2778; x_wconf 82' lang='lat' dir='ltr'><strong>historiam</strong></span> <span class='ocrx_word' id='word_1_271' title='bbox 1470 2734 1686 2778; x_wconf 89' lang='lat' dir='ltr'><strong>scribendo</strong></span> <span class='ocrx_word' id='word_1_272' title='bbox 1713 2749 1782 2778; x_wconf 93' lang='lat' dir='ltr'><strong>me</strong></span> <span class='ocrx_word' id='word_1_273' title='bbox 1808 2736 1949 2790; x_wconf 90' lang='lat' dir='ltr'><strong>ipsum</strong></span> 
     </span>
     <span class='ocr_line' id='line_1_36' title="bbox 375 2804 1951 2863; baseline -0.001 -14"><span class='ocrx_word' id='word_1_274' title='bbox 375 2821 475 2863; x_wconf 88' lang='lat' dir='ltr'><strong>paro</strong></span> <span class='ocrx_word' id='word_1_275' title='bbox 508 2810 568 2858; x_wconf 86' lang='lat' dir='ltr'><strong>ut,</strong></span> <span class='ocrx_word' id='word_1_276' title='bbox 603 2808 646 2849; x_wconf 90' lang='lat' dir='ltr'><strong>in</strong></span> <span class='ocrx_word' id='word_1_277' title='bbox 679 2808 871 2850; x_wconf 86' lang='lat' dir='ltr'><strong>animum</strong></span> <span class='ocrx_word' id='word_1_278' title='bbox 905 2821 1051 2850; x_wconf 89' lang='lat' dir='ltr'><strong>meum</strong></span> <span class='ocrx_word' id='word_1_279' title='bbox 1084 2808 1288 2863; x_wconf 88' lang='lat' dir='ltr'><strong>recipiens</strong></span> <span class='ocrx_word' id='word_1_280' title='bbox 1318 2808 1579 2863; x_wconf 87' lang='lat' dir='ltr'><strong>optimorum</strong></span> <span class='ocrx_word' id='word_1_281' title='bbox 1604 2804 1951 2848; x_wconf 81' lang='lat' dir='ltr'><strong>clarissimorum-</strong></span> 
     </span>
     <span class='ocr_line' id='line_1_37' title="bbox 375 2875 1949 2934; baseline -0.001 -15"><span class='ocrx_word' id='word_1_282' title='bbox 375 2891 456 2932; x_wconf 90' lang='lat' dir='ltr'><strong>que</strong></span> <span class='ocrx_word' id='word_1_283' title='bbox 487 2879 673 2920; x_wconf 88' lang='lat' dir='ltr'><strong>virorum</strong></span> <span class='ocrx_word' id='word_1_284' title='bbox 706 2879 971 2928; x_wconf 88' lang='lat' dir='ltr'><strong>memoriam,</strong></span> <span class='ocrx_word' id='word_1_285' title='bbox 1005 2880 1146 2920; x_wconf 90' lang='lat' dir='ltr'><strong>omnia</strong></span> <span class='ocrx_word' id='word_1_286' title='bbox 1177 2891 1448 2934; x_wconf 86' lang='lat' dir='ltr'><strong>quaecunque</strong></span> <span class='ocrx_word' id='word_1_287' title='bbox 1478 2877 1652 2920; x_wconf 78' lang='lat' dir='ltr'><strong>fortasse</strong></span> <span class='ocrx_word' id='word_1_288' title='bbox 1682 2875 1949 2932; x_wconf 79' lang='lat' dir='ltr'><strong>quotidianus</strong></span> 
     </span>
     <span class='ocr_line' id='line_1_38' title="bbox 376 2947 1949 3004; baseline 0 -15"><span class='ocrx_word' id='word_1_289' title='bbox 376 2948 597 2990; x_wconf 89' lang='lat' dir='ltr'><strong>hominum</strong></span> <span class='ocrx_word' id='word_1_290' title='bbox 646 2962 759 3000; x_wconf 90' lang='lat' dir='ltr'><strong>usus,</strong></span> <span class='ocrx_word' id='word_1_291' title='bbox 807 2949 1060 3004; x_wconf 85' lang='lat' dir='ltr'><strong>quibuscum</strong></span> <span class='ocrx_word' id='word_1_292' title='bbox 1108 2963 1176 2991; x_wconf 90' lang='lat' dir='ltr'><strong>me</strong></span> <span class='ocrx_word' id='word_1_293' title='bbox 1221 2949 1442 2991; x_wconf 84' lang='lat' dir='ltr'><strong>coniunxit</strong></span> <span class='ocrx_word' id='word_1_294' title='bbox 1487 2947 1724 2999; x_wconf 84' lang='lat' dir='ltr'><strong>necessitas,</strong></span> <span class='ocrx_word' id='word_1_295' title='bbox 1770 2947 1949 3003; x_wconf 82' lang='lat' dir='ltr'><strong>ingessit</strong></span> 
     </span>
     <span class='ocr_line' id='line_1_39' title="bbox 376 3016 1948 3075; baseline 0 -15"><span class='ocrx_word' id='word_1_296' title='bbox 376 3031 518 3072; x_wconf 85' lang='lat' dir='ltr'><strong>prava,</strong></span> <span class='ocrx_word' id='word_1_297' title='bbox 555 3032 764 3073; x_wconf 86' lang='lat' dir='ltr'><strong>perversa,</strong></span> <span class='ocrx_word' id='word_1_298' title='bbox 801 3018 1089 3075; x_wconf 85' lang='lat' dir='ltr'><strong>pusillanima,</strong></span> <span class='ocrx_word' id='word_1_299' title='bbox 1118 3018 1326 3075; x_wconf 84' lang='lat' dir='ltr'><strong>expellam</strong></span> <span class='ocrx_word' id='word_1_300' title='bbox 1352 3018 1459 3062; x_wconf 80' lang='lat' dir='ltr'><strong>dum.</strong></span> <span class='ocrx_word' id='word_1_301' title='bbox 1481 3031 1646 3074; x_wconf 84' lang='lat' dir='ltr'><strong>semper</strong></span> <span class='ocrx_word' id='word_1_302' title='bbox 1666 3016 1948 3073; x_wconf 73' lang='lat' dir='ltr'><strong>pulcherrima</strong></span> 
     </span>
    </p>
   </div>
  </div>
 </body>
</html>
