2002 3372
882 211 969 256 239

195 328 325 389 καλὺν
357 339 536 391 κρηπῖδα
570 338 637 382 καὶ
671 337 842 389 μόνιμον
875 337 1063 387 ὁμονοίας
1091 335 1159 378 καὶ
1188 336 1341 388 εἰρήνης
1375 353 1398 378 κ
1413 352 1440 378 α
1453 353 1476 377 τ
1491 353 1518 377 α
1530 335 1563 387 β
1576 353 1603 378 α
1616 348 1640 379 λ
1655 348 1681 379 λ
1695 337 1728 380 o'-

130 428 165 464 μ
178 429 197 456 ε
212 429 233 455 ν
243 412 264 455 ό
276 429 295 459 ς
329 412 384 455 ἑσ
396 427 422 454 τ
434 427 460 454 ι.

188 481 366 528 Incolit-a
396 483 528 527 etiam
561 481 675 539 apud
707 479 992 524 Plutarchum
1025 483 1253 523 structura.

185 630 324 675 484D
369 629 547 688 Oportet
578 629 755 672 fratrem
789 629 864 685 qui
898 642 1027 685 supra
1059 628 1236 672 fratrem
1268 630 1430 672 eminet

186 703 389 748 ἐνδιδόντα
417 701 487 745 καὶ
516 719 540 745 σ
553 717 575 744 υ
589 717 691 753 γκα
708 700 849 743 θιέντ
862 716 890 742 α
919 716 943 742 τ
956 700 983 754 ᾧ
1012 699 1121 750 ἤθει
1151 702 1223 750 τὴν
1242 701 1444 753 ὑπεροχὴν
1462 699 1727 752 ἀνεπίφθονον

125 781 268 819 ποιεῖν.

120 832 138 869 .'
180 845 320 891 Verba
345 848 491 890 notata
519 845 728 902 interpres
757 844 817 887 sic
844 844 1000 887 vertit:
1029 844 1269 886 demittendo
1293 859 1334 886 se
1349 843 1528 898 placide.
1562 843 1723 887 Parum

37 916 40 919 ’
120 921 330 971 accurate,
359 921 410 961 ut
436 918 598 974 opinor.
629 914 861 973 Oportebat
885 915 989 958 fere:
1018 914 1317 958 concedentem
1334 916 1505 959 innatae
1522 915 1725 960 adversus

122 977 301 1035 fratrem
333 988 516 1033 lenitati.

191 1125 329 1171 485ss
375 1124 519 1170 Bonus
560 1125 693 1168 frater
736 1137 861 1181 saepe
901 1125 946 1166 in
983 1124 1122 1175 rebus,
1155 1125 1199 1166 in
1232 1124 1387 1180 quibus
1419 1124 1591 1168 excellit
1622 1127 1728 1183 ipse,

125 1199 256 1243 fratre
287 1197 467 1242 adutore
499 1198 640 1241 utitur
671 1199 715 1239 et
745 1196 989 1239 monitore:
1708 1188 1710 1190 ’

187 1265 264 1314 οἷον
297 1270 336 1313 ἕν
369 1269 501 1317 δίκαις
533 1267 730 1323 ῥητορικὸς
765 1267 828 1319 ὤν,
863 1268 903 1310 ἕν
936 1269 1092 1320 ἀρχαῖς
1126 1266 1455 1320 πολιτευόμενος,
1484 1269 1523 1310 ἐν
1552 1267 1728 1321 πράξεσι

125 1346 334 1395 Φιλικαῖς.

152 1399 157 1405 ’
189 1411 302 1467 Quid
333 1411 403 1455 hic
435 1411 598 1455 deesset
630 1412 802 1468 egregie
834 1411 966 1453 sensit
998 1409 1136 1454 editor
1167 1408 1380 1454 Graecus:
1412 1410 1578 1454 addidit
1609 1413 1725 1455 enim

126 1483 306 1537 Φιλικός.
349 1482 432 1527 Sed
473 1497 587 1526 nunc
628 1486 703 1526 aut
743 1483 825 1525 ista
864 1483 917 1523 ἐν’
937 1480 1112 1535 πράξεσι
1144 1487 1334 1534 φιλικαῖς
1367 1484 1515 1526 statim
1548 1488 1646 1540 post
1677 1484 1726 1527 ὤν

116 1558 229 1600 'sunt
258 1553 465 1613 ponenda,
498 1557 573 1598 aut
604 1553 791 1598 alterum
822 1554 872 1597 ὤν
901 1553 1143 1597 addendum
1174 1557 1252 1598 est.

191 1701 330 1747 485D
375 1703 393 1746 ὃ
434 1702 650 1750 Μέτελλος
684 1700 781 1757 ᾤετο
817 1701 898 1744 δεῖν
933 1702 1158 1752 Ῥωμαίους
1193 1708 1277 1751 τοῖς
1312 1703 1412 1751 θεοῖς
1445 1703 1569 1758 χάριν
1602 1703 1729 1759 ἔχειν,

129 1770 191 1817 ὅτι
225 1773 406 1818 Σκιπίων
439 1774 478 1816 ἐν
510 1773 629 1828 ἑτέρᾳ
660 1783 777 1816 πολει
809 1776 1048 1821 τοιοῦτος
1084 1774 1144 1817 ὧν
1177 1773 1248 1816 οὐκ
1280 1774 1483 1826 ἐγεννήθη.

188 1844 327 1890 Verba
366 1848 513 1889 notata
556 1846 630 1889 vix
671 1859 898 1902 concoquo.
943 1846 1008 1888 An
1051 1845 1188 1888 hiatus
1229 1845 1396 1889 vitandi
1425 1860 1552 1890 causa
1584 1847 1729 1892 addita

127 1914 369 1984 sunt‘ZRVix
400 1917 480 1980 hoc
513 1916 765 1980 crediderim
799 1916 849 1960 de
881 1918 1083 1974 scriptore
1117 1918 1192 1974 qui
1223 1917 1326 1961 adeo
1357 1917 1588 1962 Isocratem
1619 1919 1729 1963 ludi-

126 1988 220 2032 brio
252 1987 420 2032 habeat.

190 2133 329 2178 486A
376 2133 432 2178 Ut
463 2135 604 2178 minor
636 2133 801 2192 digitus
834 2136 1039 2179 maiorem
1070 2135 1259 2187 adiuvat,
1291 2138 1352 2179 ita

189 2206 388 2259 Κρατερὸς
430 2204 668 2257 Ἀντιγόνου
702 2206 995 2260 (Ἂντιποέτρου
1028 2207 1098 2262 R.)
1130 2207 1424 2259 βασιλεύοντος
1458 2209 1642 2262 α’δελφὸς
1676 2208 1726 2251 ὢν

129 2276 198 2320 καὶ
242 2276 480 2331 Κασάνδρου
523 2278 724 2331 Περίλαος
769 2279 834 2321 ἐπὶ
869 2279 915 2321 τὸ
950 2285 1201 2331 στρατηγεῖν
1234 2279 1303 2322 καὶ
1334 2281 1521 2332 οἰκουρεῖν
1554 2280 1728 2323 ἔταττον

129 2347 294 2396 αὐτούς.

188 2419 427 2463 Prudenter
467 2418 655 2464 Graecus
698 2420 836 2464 editor
876 2420 1092 2465 intellexit
1130 2423 1396 2479 ineptissime
1439 2422 1509 2466 hic
1541 2438 1729 2465 summum

126 2492 362 2548 imperium
388 2491 452 2545 (τὸ
480 2496 750 2546 στρατηγεῖν)
778 2494 1105 2536 commemorari
1132 2497 1187 2546 et,
1214 2493 1384 2537 hiatum
1408 2508 1493 2537 non
1516 2499 1728 2547 metuens,

125 2563 347 2620 aptissime
379 2564 571 2620 reposuit
601 2563 805 2615 οὕραγεῒν.

189 2697 324 2743 4860
365 2699 592 2757 Leguntur
623 2699 692 2743 hic
725 2699 931 2743 vocabula
962 2701 1170 2758 quaedam
1205 2715 1312 2758 quae
1343 2704 1390 2745 in
1422 2707 1626 2759 promptu
1659 2702 1731 2746 ha-

127 2769 226 2814 bere
269 2775 436 2828 oportet
472 2785 577 2814 eum
620 2772 694 2828 qui
733 2770 958 2815 literarum
1004 2771 1266 2817 Graecarum
1309 2774 1457 2817 scribit
1488 2774 1726 2818 historiam.

130 2841 254 2893 „Non
285 2841 509 2885 invident'’
542 2843 603 2885 ait

191 2916 269 2955 τῶν
302 2913 469 2966 ῥητόρων
503 2914 536 2956 οἱ
569 2913 770 2965 δικολόγοι
804 2919 887 2961 τοῖς
921 2915 1245 2967 σοφιστεύουσιν.

121 3010 125 3013 -
193 2984 308 3042 Ergo
340 2987 414 3042 qui
446 2987 529 3028 arti
561 2985 727 3029 dicendi
760 2985 915 3030 dabant
940 3001 1111 3044 operam
1140 2988 1191 3040 (οἱ
1220 2988 1398 3042 ῥήτορες)
1422 2989 1469 3030 in
1496 2987 1600 3031 duas
1627 2991 1731 3031 tunc
