2002 3372
858 263 945 306 335

164 388 249 431 Ain
289 385 422 432 vero?
468 388 635 430 Caretne
675 386 929 443 improbitas
973 385 1194 443 voluptate
1235 398 1342 442 quae
1373 384 1509 426 statim
1539 383 1698 426 inanem

101 459 231 503 habet
274 456 492 516 gratiam?
543 457 754 515 Equidem
797 458 1005 514 putabam
1047 456 1212 500 nullam
1254 455 1383 499 aliam
1423 456 1699 513 improbitate

104 529 242 574 afferri
271 529 540 586 voluptatem
573 542 702 586 quam
734 527 996 571 brevissimam
1029 532 1157 585 atque
1189 541 1291 571 mox
1316 529 1379 570 ita
1396 527 1622 582 perituram
1648 531 1699 569 ut

103 599 229 645 solidi
271 599 486 660 relinquat
516 599 640 644 nihil.
672 598 916 655 Utrumque
946 601 1058 642 inest
1087 601 1133 642 in
1165 598 1385 643 vocabulis
1417 598 1536 646 εὐθὺς
1569 599 1699 647 κενήν.

102 671 162 716 Et
201 685 302 716 cum
343 671 476 716 taline
519 670 740 728 voluptate
773 685 879 713 vana
911 674 1039 727 atque
1072 669 1191 712 inam·
1220 671 1428 727 iungatur
1459 683 1554 726 spes
1586 670 1698 720 bona,

102 744 182 788 hoc
222 747 287 786 est
317 742 443 787 firma
474 746 519 786 et
547 740 712 786 laetum
744 741 945 785 habitura
978 739 1210 785 eventum?
1244 740 1371 783 Vides
1402 754 1577 798 prorsus
1608 754 1700 783 con-

102 816 286 859 trarium
326 815 502 872 requiri.
546 813 630 858 Sed
671 813 885 870 quomodo
925 813 970 856 id
1011 827 1033 856 e
1071 813 1241 856 traditis
1274 811 1498 856 eliciamus
1528 809 1700 856 verbis?

102 885 324 930 Docebunt
355 887 549 943 proxime
581 887 823 942 sequentia:

161 957 308 1011 Φόβων
347 957 389 1000 δὲ
421 957 490 1000 καὶ
524 962 662 1000 λυπῶν
695 957 764 999 καὶ
799 956 964 1008 μνήμης
999 957 1202 1009 ἀτερποῦς
1236 955 1305 998 καὶ
1339 955 1436 1007 πρὸς
1468 955 1513 998 τὸ
1545 953 1700 1005 μέλλον

102 1030 178 1081 μὲν
210 1028 453 1080 ὑποψίας
485 1028 759 1074 ἀπιστίας
791 1027 831 1070 δὲ
865 1028 964 1079 πρὸς
996 1028 1042 1070 τὸ
1075 1028 1202 1079 παρὸν
1234 1027 1298 1069 ἀεὶ
1335 1027 1561 1077 γέμουσαν.

161 1099 280 1145 Mala
319 1114 423 1158 ergo
465 1113 574 1157 quae
614 1099 818 1156 voluptas
849 1099 969 1142 affert
1001 1102 1172 1142 aeterna
1206 1101 1307 1141 sunt
1339 1111 1476 1154 neque
1507 1111 1700 1154 unquam

101 1173 334 1224 intereunt,
363 1186 465 1215 nam
496 1175 617 1215 metu
643 1174 686 1214 et
712 1172 951 1228 suspicione
978 1184 1113 1226 usque
1141 1174 1393 1212 renovantur.
1427 1169 1540 1212 Satis
1572 1183 1700 1220 nunc,

103 1248 154 1286 ut
195 1245 357 1302 opinor,
399 1257 477 1300 pro
520 1244 633 1290 εὐθὺς
679 1243 795 1292 κενήν
836 1241 1056 1285 lenissima
1089 1240 1384 1284 emendatione
1416 1238 1525 1287 αὖθις
1560 1242 1699 1289 καινήν

103 1313 340 1373 legendum
386 1328 478 1359 esse
517 1319 718 1371 apparet:
771 1314 1024 1370 improbitas
1065 1312 1230 1356 nullam
1271 1311 1390 1355 affert
1431 1311 1700 1369 voluptatem

106 1400 215 1444 quae
255 1391 300 1430 et
330 1390 478 1442 postea
517 1401 656 1428 novam
686 1385 996 1430 iucunditatem
1029 1386 1087 1428 sit
1116 1384 1316 1427 habitura
1326 1397 1337 1437 ;
1371 1385 1510 1427 omnis
1542 1385 1701 1440 impro-

103 1458 253 1502 bitatis
280 1458 447 1501 fructus
470 1462 630 1515 puncto
647 1458 851 1515 temporis
868 1456 1000 1509 adest,
1019 1459 1115 1499 tum
1132 1456 1274 1499 subito
1291 1455 1514 1499 dominum
1531 1455 1700 1499 deserit.

165 1599 302 1644 556ss
331 1597 431 1644 ὅπου
458 1601 742 1655 Φιλοπλουτία
772 1601 840 1643 καὶ
868 1601 1087 1654 Φιληδονία
1115 1600 1404 1654 περιμάχητος
1435 1599 1670 1654 ἐνοικίζεται

102 1673 165 1716 1111
193 1673 343 1717 statim
374 1677 419 1717 et
449 1671 534 1716 alia
563 1672 680 1716 mala
710 1671 849 1716 multa
879 1671 1023 1716 adesse
1055 1671 1235 1716 videbis.

162 1743 294 1788 Haud
333 1743 486 1788 multis
525 1745 669 1788 verbis
711 1757 818 1802 opus
847 1758 938 1788 esse
972 1747 1077 1801 puto
1109 1743 1162 1787 ad
1194 1742 1573 1787 demonstrandum
1607 1745 1702 1786 iure

103 1813 306 1874 Emperio
354 1815 613 1860 adiectivum
661 1815 950 1869 περιμάχητος
993 1815 1045 1858 ab
1087 1815 1167 1859 hoc
1206 1814 1299 1858 loco
1342 1829 1471 1872 quam
1513 1816 1702 1858 maxime

103 1886 294 1932 alienum
325 1889 470 1931 visum
501 1901 604 1932 esse.
637 1888 820 1931 Prorsus
851 1888 1112 1931 contrarium
1145 1887 1396 1943 requiritur:
1430 1888 1539 1930 vitia
1571 1888 1701 1938 enim,

104 1973 212 2018 quae
254 1963 424 2004 tantum
473 1973 619 2004 secum
666 1959 847 2003 afferunt
893 1957 1011 2011 mali,
1059 1973 1144 2002 non
1193 1959 1419 2014 appetenda
1462 1957 1534 2001 sed
1574 1972 1702 2014 quam

104 2032 294 2075 maxime
333 2030 540 2089 fugienda
579 2034 694 2074 sunt.
736 2031 1024 2087 Aptissimum
1056 2033 1201 2073 contra
1233 2035 1297 2072 est
1329 2029 1557 2082 περιμανής
1589 2029 1702 2086 quod

102 2102 219 2147 idem
260 2103 506 2161 proposuit:
550 2102 732 2160 quodvis
773 2102 889 2145 enim
931 2101 1126 2144 studium
1168 2100 1282 2158 quod
1324 2100 1503 2144 modum
1535 2100 1703 2144 excedit

103 2177 216 2218 recte
257 2173 443 2217 incanum
482 2171 737 2231 appellatur.
769 2172 918 2216 Minus
949 2171 1129 2216 alteram
1159 2172 1289 2229 probo
1320 2171 1514 2228 Emperii
1545 2172 1704 2215 coniec-

106 2249 252 2290 turam
281 2245 621 2298 ὶταραμύθητος,
653 2244 767 2301 quod
798 2243 957 2287 melius
990 2244 1042 2287 de
1073 2244 1209 2286 dolore
1239 2257 1370 2300 quam
1403 2243 1454 2286 de
1480 2244 1704 2298 cupiditate

105 2315 264 2361 dicitur
294 2320 339 2360 et
369 2320 587 2374 praeterea
616 2318 839 2374 ingratum
870 2316 1046 2374 praebet
1075 2315 1260 2359 hiatum.

167 2459 301 2505 556G
342 2459 535 2518 Improbi
572 2459 665 2508 τοὺς
697 2460 905 2513 ψέγοντας
938 2460 1169 2513 Φοβοῦνται
1202 2460 1271 2503 καὶ
1305 2459 1399 2506 τοὺς
1434 2460 1699 2507 ἐπαινοῦντας

105 2533 282 2576 δεδίασιν
324 2534 375 2580 ὦς
418 2532 703 2583 ἀδικουμένους
741 2539 792 2586 τῇ
826 2533 988 2586 ἀπάτῃ,
1022 2532 1090 2574 καὶ
1124 2531 1316 2583 μάλιστα
1348 2536 1430 2578 τοῖς
1465 2537 1606 2578 κακοῖς
1635 2547 1703 2573 πο-

105 2607 337 2656 λομοῦντας
371 2602 432 2647 ὅτι
465 2605 558 2651 τοὺς
591 2604 807 2652 δοκοῦντας
839 2604 1025 2655 α’γαθοὺς
1058 2604 1268 2646 ἐπαινοῦσι
1302 2602 1526 2656 προθύμως.

166 2675 388 2720 Praeclara
420 2676 644 2727 sententia,
677 2674 911 2718 dummodo
943 2672 1012 2717 ὅτε
1042 2689 1119 2732 pro
1152 2673 1212 2717 ὅτι
1245 2674 1467 2731 legamus:
1499 2677 1702 2717 metuunt

105 2748 292 2805 improbi
338 2762 409 2792 eos
451 2761 475 2790 8
517 2747 674 2804 quibus
713 2745 958 2797 laudantur,
1001 2760 1101 2789 nam
1143 2750 1195 2788 ut
1238 2745 1516 2789 laudarentur
1556 2743 1701 2788 fraude

106 2818 348 2871 effecerunt,
391 2822 434 2863 et
474 2818 717 2862 laudatores
748 2817 818 2860 illi
850 2821 931 2859 tum
963 2819 1221 2860 acerrimum
1253 2831 1353 2860 cum
1384 2816 1512 2860 malis
1543 2820 1701 2874 gerunt

106 2889 271 2934 bellum
318 2904 419 2933 cum
466 2903 538 2933 eos
579 2888 757 2932 laudant
797 2889 1016 2944 improbos
1059 2889 1134 2944 qui
1175 2889 1384 2931 bonorum
1426 2891 1702 2944 sumpserunt

106 2963 305 3018 speciem.
349 2960 602 3006 Coniunctio
644 2958 703 3003 ὅτι
747 2960 816 3002 hic
857 2963 934 3002 aut
975 2958 1181 3016 languida
1223 2962 1299 3002 aut
1345 2960 1523 3002 obscura
1564 2958 1703 3002 reddit

108 3046 264 3076 omma.
