2002 3372
1132 282 1220 326 484

388 405 747 461 quemadmodum
788 419 863 461 pro
902 409 1014 448 certo
1055 409 1219 449 constat
1259 406 1310 449 de
1351 407 1442 449 vita
1482 403 1620 448 Sullae
1658 410 1701 450 et
1742 406 1962 455 3030101110

387 476 535 519 idonea
566 490 690 519 causa
721 476 771 518 de
802 477 890 518 vita
921 475 1084 518 Iaseulbi
1116 478 1378 519 conficimus.
1769 487 1811 511 <1

447 547 570 589 Nunc
609 547 837 603 separatim
879 550 922 589 et
963 547 1148 590 breviter
1189 547 1239 590 (10
1279 547 1355 590 1110
1398 547 1666 604 disputemus
1697 546 1877 602 libello,
1886 552 1963 593 cui

388 617 565 659 titulus.
1775 636 1778 643 ’
1843 634 1882 643 ἰ·

807 688 1028 742 Praecepta
1052 690 1247 742 yerendae
1276 689 1554 743 reipublicae.

448 757 623 800 Nullam
654 758 846 801 Platonis
877 760 1128 802 sententiam
1161 758 1391 802 Plutarcho
1423 761 1564 816 magis
1587 760 1735 804 fuisse
1730 716 1962 818 pfebntam

387 831 536 884 opinor
566 843 695 884 quam
726 828 982 885 praeclaram
1016 829 1158 872 1113111·
1206 830 1371 885 „malis,
1405 831 1559 886 quibus
1587 833 1633 874 in
1660 832 1876 889 republica.
1905 832 1963 876 13-

386 900 534 942 borant
565 900 773 952 homines,
806 900 920 943 haud
951 891 1194 957 imponetur
1224 901 1333 952 finis,
1366 903 1448 962 nisi
1476 906 1550 946 aut
1574 899 1818 960 philosophi
1841 911 1962 962 reges

388 974 511 1012 erunt
551 964 652 1012 faeti
694 975 767 1013 3111
808 985 929 1028 reges
969 970 1240 1028 philosophi'’
1285 984 1462 1028 eamque
1493 986 1714 1030 nusquam
1724 973 1839 1032 1081-
1849 974 1962 1031 apud

386 1042 634 1096 scriptorem
665 1041 805 1092 illum,
831 1043 904 1108 qui
931 1043 976 1083 in
1004 1041 1336 1098 Epicureorum,
1351 1056 1455 1099 quos
1483 1047 1626 1087 tamen
1651 1045 1841 1088 minime
1855 1045 1960 1096 odit,

387 1110 607 1167 disciplina
632 1111 734 1154 adeo
759 1110 909 1163 illud,
909 1111 1056 1163 ,lateat
1083 1114 1172 1155 vita
1198 1113 1300 1155 tua”
1318 1113 1598 1165 abominetur,
1615 1114 1960 1172 quiquesstoicos‚

386 1196 491 1237 quos
523 1182 629 1224 ferre
655 1196 734 1224 non
762 1185 915 1239 potest,
942 1185 1113 1238 propter
1138 1196 1272 1225 unum
1298 1182 1407 1225 illud
1435 1185 1641 1240 „sapienti
1667 1185 1961 1242 capessendam

385 1266 474 1294 esse
516 1251 854 1309 rempublicam’'
897 1253 1011 1295 haud
1051 1266 1181 1310 parva
1210 1252 1516 1317 landeldignos
1547 1252 1964 1308 aestimetnmeiiarer

384 1324 451 1364 aio
496 1322 574 1365 illa
620 1322 803 1365 Socratis
848 1322 899 1365 ad
941 1321 1199 1366 Glauconem
1245 1324 1372 1380 verba
1413 1338 1438 1366 a
1478 1324 1630 1368 sedulo*
1662 1323 1961 1370 hoerPlatonis

352 1410 355 1420 2
385 1392 541 1435 lectore
573 1395 696 1436 citari
726 1407 960 1449 nunquam,
993 1395 1075 1436 nisi
1106 1396 1150 1436 in
1182 1399 1382 1451 promptu
1414 1395 1676 1439 esset‘haud.
1693 1397 1876 1441 absurda
1899 1399 1962 1441 rei

353 1448 363 1477 ᾖ
385 1463 624 1519 explicatio
652 1463 896 1516 Verebatur,
925 1467 974 1506 ut
997 1466 1157 1521 opinor,
1185 1464 1440 1508 Plutarchus
1463 1466 1552 1510 illis
1577 1464 1960 1512 afferendisssverbis

384 1536 513 1577 nimis
555 1539 697 1590 aperte
739 1539 872 1578 semet
911 1537 1054 1592 ipsum
1095 1541 1314 1593 tamquam
1356 1537 1600 1593 exemplum
1628 1535 1861 1596 sapientiae
1887 1552 1961 1582 ex-

384 1605 545 1657 tollere,
580 1609 727 1662 utpote
759 1608 833 1662 qui
863 1608 1053 1649 conscius
1085 1608 1166 1650 sibi
1196 1611 1304 1650 esset
1335 1621 1378 1650 00
1411 1621 1512 1651 suae
1542 1610 1709 1652 aetatis
1717 1605 1960 1654 hominibus

385 1677 450 1719 τὸν
495 1680 590 1718 κατ’
634 1676 782 1729 ἐξοχην
821 1677 1049 1731 φιλόσοφον
1089 1677 1240 1728 videri,
1274 1679 1430 1734 quique
1462 1692 1560 1721 cum
1591 1671 1777 1723 maximb
1806 1681 1852 1723 in
1883 1676 1960 1723 033

384 1747 597 1803 republica
636 1762 817 1804 regnum
859 1748 1070 1804 quoddam
1111 1752 1336 1792 exerceret.
1377 1748 1435 1791 Et
1465 1763 1610 1792 revera
1640 1750 1787 1793 fuisse
1795 1762 1957 1808 regem,

385 1822 590 1873 quatenus
632 1832 707 1874 per
737 1818 983 1860 hodiernam
1015 1817 1160 1861 liceret
1190 1832 1333 1861 rerum
1365 1818 1647 1864 conditionem
1679 1819 1960 1863 Plutarchum

384 1888 530 1930 nullus
561 1890 650 1930 eius
681 1888 788 1931 liber
813 1891 902 1931 tam
930 1888 1083 1931 diserte
1109 1888 1230 1932 docet
1257 1902 1385 1945 quam
1409 1889 1512 1932 haec
1528 1891 1960 1945 praecepta<>9aeeudae

384 1959 637 2012 reipublicae.
671 1958 787 2012 Quae
819 1960 892 2015 qui
923 1962 1115 2001 accurate
1146 1959 1256 2016 legit
1287 1973 1514 2016 secumque
1543 1960 1779 2016 perpendit,-
1807 1960 1885 2004 ille
1912 1961 1959 2004 et

384 2042 490 2084 quae
532 2029 662 2072 fuerit
700 2028 776 2072 illa
815 2043 1010 2085 praesens
1041 2043 1185 2072 rerum
1217 2028 1400 2072 conditio
1434 2030 1537 2073 bene
1565 2030 1834 2084 noveriwet
1853 2031 1959 2087 quae

383 2099 603 2142 Plutarchi
642 2100 771 2142 fuerit
811 2102 1020 2147 sententia
1050 2099 1101 2142 de
1132 2099 1279 2142 officiis
1310 2100 1509 2151 hominis,
1540 2102 1734 2157 quisuis
1755 2101 1959 2158 :prodesse

385 2169 553 2213 studeat
583 2172 763 2222 civibus,
808 2170 980 2214 habebit
1011 2175 1293 2226 perspectum.
1326 2170 1423 2227 Ipsa
1453 2171 1523 2214 hic
1553 2171 1675 2215 nobis
1702 2170 1822 2215 illius
1852 2175 1959 2215 tem-

385 2242 496 2296 poris
537 2241 782 2298 depingitur
824 2243 927 2293 vita,
970 2243 1085 2285 vitae
1128 2241 1252 2297 plena
1294 2246 1393 2284 sunt
1433 2243 1589 2293 omnia,
1629 2243 1674 2284 in
1714 2255 1818 2285 una
1816 2256 1958 2299 eaque

383 2324 512 2365 parva
566 2313 740 2355 civitate
792 2311 905 2354 haud
958 2325 1133 2368 parvam
1179 2311 1518 2369 contemplamur
1561 2313 1755 2368 imperii
1769 2312 1959 2356 Romani

383 2386 562 2437 partem.
1795 2390 1797 2397 ²

443 2451 565 2495 Certe
597 2456 646 2495 ut
677 2466 701 2494 a
733 2452 882 2495 multis
914 2452 1130 2509 legeret-ur
1161 2454 1342 2509 scriptus
1374 2454 1443 2496 hic
1474 2418 1648 2496 libellus
1673 2456 1759 2496 est:
1790 2467 1958 2497 summa
1971 2501 1995 2507 ῃ

383 2524 497 2565 enim
516 2527 605 2571 est
608 2523 818 2569 limatus
829 2528 917 2567 arte
948 2527 990 2566 et
1021 2537 1149 2580 quam
1177 2523 1506 2580 elegantissime
1518 2527 1758 2567 exornatus.
1772 2524 1849 2567 Ut
1871 2537 1956 2567 uno

384 2587 480 2635 utar
511 2593 729 2650 exemplo:
762 2593 873 2636 clara
905 2607 1006 2636 voce
1038 2593 1159 2636 illam
1189 2592 1286 2650 lege
1317 2593 1538 2650 periodum
1564 2593 1789 2647 (enema

444 2664 563 2720 (fuge
603 2666 846 2716 avaritiam)
887 2663 954 2706 τὸν
997 2664 1080 2706 ἀπὸ
1122 2664 1319 2714 δημοσίων
1350 2663 1956 2718 χρηματιζόμενονψήγούμενσς

384 2734 463 2784 ἀφ’
504 2734 612 2785 ἱερῶν
655 2734 859 2786 κλέπτειν,
903 2734 986 2777 ἀπὸ
1028 2733 1188 2787 τάφων,
1233 2735 1316 2777 ἀπὸ
1358 2734 1505 2787 φίλων,
1539 2734 1583 2776 ἐκ
1614 2733 1845 2788 *poledae-‚⁴
1872 2734 1954 2778 ἀπὸ

383 2804 751 2857 ψευδομαρτυρίας,
793 2805 1027 2856 σύμβουλον
1067 2803 1239 2847 ἄπιστον
1279 2802 1398 2859 εἶναι,
1441 2805 1636 2854 δικαστὴν
1666 2805 1856 2858 ἐπίορκον,
1889 2803 1956 2860 ἄρ’·

383 2889 514 2924 χοντοι
546 2874 766 2927 δωροδόκον,
797 2874 989 2925 οὐδεμιᾶς
1024 2875 1166 2921 ἁπλῶς
1199 2874 1369 2925 καθαρὸν
1399 2874 1561 2921 ἀδικίας

441 2945 554 2986 haud
586 2945 800 2988 dubitabis
832 2947 933 3001 quin
966 2945 1068 2988 talia
1101 2944 1206 2988 olim
1233 2947 1281 2987 in
1314 2944 1595 2988 Chaeronensi
1626 2944 1765 3001 aliqua
1798 2946 1956 2989 fuerint

383 3016 556 3056 recitata
602 3017 809 3058 contione.
855 3016 909 3057 Et
954 3016 1005 3058 ad
1053 3016 1158 3058 hanc
1197 3029 1390 3058 normam
1434 3019 1549 3058 totus
1588 3018 1654 3058 001
1693 3017 1952 3071 conscriptus
