2002 3372
1137 204 1193 246 28

375 331 531 371 tionem
579 327 731 369 habeas
779 325 911 368 velim
958 338 1086 380 quam
1132 325 1568 377 vehementissimam,
1613 325 1658 367 in
1705 324 1843 380 primo
1881 319 1992 366 mess'

375 399 591 442 sedentem
624 398 784 441 videbis
816 395 1006 438 ordine’'.

434 470 488 512 Et
531 469 731 512 assidebit
772 481 869 509 cum
912 465 1062 510 multis
1086 467 1187 510 aliis
1217 468 1310 524 ipso
1342 467 1469 511 vultu
1501 467 1733 523 habituque
1760 466 1950 522 corporis

374 539 757 583 demonstrantibus
787 539 954 581 venisse
985 551 1028 580 se
1059 543 1107 580 ut
1138 539 1189 581 ab
1222 543 1383 582 oratore
1415 540 1621 595 accipiant
1650 537 1694 580 id
1724 535 1836 594 quod
1865 537 1951 579 cui-

373 613 440 655 vis
480 614 662 667 praestet
695 609 930 651 doctrinae:
964 609 1300 652 emendationem
1332 623 1500 652 morum
1535 607 1724 664 aliasque
1753 620 1820 650 res
1850 606 1950 650 huic

375 686 586 739 cognatas,
614 680 948 723 adhortationem
976 679 1027 722 ad
1054 681 1276 732 virtutem,
1295 679 1505 723 malorum
1522 678 1739 731 solatium,
1755 679 1950 721 animum

375 753 427 795 ad
462 754 594 795 vitam
627 755 752 807 atque
785 750 836 793 ad
869 755 1048 793 mortem
1083 765 1249 807 quoque
1281 756 1468 794 erectum
1496 749 1774 806 alacremque.
1805 748 1953 792 Nonne

375 822 576 879 praeclari
614 822 780 864 inventi
820 822 954 863 instar
994 820 1148 864 titulus
1190 821 1262 865 ille
1293 822 1389 874 fuit,
1424 836 1506 878 quo
1537 820 1952 878 praestantissimum

374 907 501 935 suum
533 891 727 935 libellum
761 893 981 934 exornavit
1011 891 1264 948 Levequius,
1296 908 1351 934 un
1381 891 1553 935 me‘decin
1583 892 1652 934 des
1682 887 1812 933 amec?
1837 889 1868 943 ¹)
1892 927 1894 930 .

433 963 526 1019 Age
566 964 653 1005 iam
684 964 820 1018 ipsius
853 961 1065 1013 διατριβῆς
1098 962 1302 1019 quasdam
1332 964 1560 1006 sententias
1591 962 1828 1005 accuratius
1858 974 1951 1003 con·
1998 1010 2000 1014 ι

372 1034 620 1084 sideramus,
653 1034 806 1089 quibus
837 1034 1040 1089 pristinus
1071 1033 1190 1076 reddi
1221 1038 1264 1076 et
1297 1035 1431 1090 possit
1462 1038 1504 1076 et
1535 1033 1684 1076 debeat
1713 1033 1840 1075 nitor.
1882 1029 1953 1076 Sic

372 1104 503 1147 simul
547 1105 765 1160 apparebit
804 1117 932 1160 quam
975 1106 1146 1161 egregia
1177 1103 1253 1147 illa
1283 1106 1362 1147 sit:
1397 1103 1506 1146 nihil
1536 1103 1635 1146 inde
1665 1103 1788 1146 citari
1815 1105 1954 1159 potest
2001 1130 2002 1144 2

372 1176 483 1233 quod
524 1189 606 1218 non
647 1174 862 1231 legentem
905 1177 1080 1217 oratoris
1122 1174 1299 1230 impleat
1330 1174 1610 1217 admiratione
1641 1177 1767 1230 atque
1797 1185 1952 1216 amore.
2001 1183 2002 1188 ¹

374 1245 585 1290 Graecum
618 1250 761 1288 autem
791 1244 900 1287 illud
931 1259 1085 1288 nomen
1111 1246 1205 1289 ideo
1233 1247 1301 1289 hic
1329 1247 1452 1302 posui
1478 1249 1529 1288 ut·
1553 1243 1683 1289 simul
1707 1247 1951 1287 annotarem
2001 1233 2002 1237 ¹

375 1316 534 1373 duplici
573 1316 682 1359 illud
713 1330 836 1359 sensu
871 1330 895 1358 a
926 1316 1156 1359 Plutarcho
1189 1317 1403 1359 adhiberi:
1444 1332 1469 1358 a
1515 1314 1741 1372 „collegii”
1774 1338 1831 1347 -—
1863 1314 1952 1357 bre÷

375 1389 522 1431 vitatis
564 1401 687 1430 causa
726 1391 826 1430 utor
863 1387 1069 1430 vocabulo
1100 1387 1174 1430 illo
1206 1387 1454 1430 Academico
1490 1411 1544 1420 —
1577 1386 1628 1430 de
1659 1385 1780 1429 docta
1809 1384 1952 1440 aliqua

375 1459 619 1515 quaestione
662 1458 682 1498 b
717 1457 1093 1514 „praedicationis”
1124 1457 1211 1500 illis
1243 1462 1445 1514 cognatae
1477 1471 1582 1514 quae
1613 1470 1638 1499 a
1668 1455 1803 1499 divini
1834 1454 1953 1498 verbi

375 1531 583 1572 ministris
616 1529 759 1571 haberi
791 1528 942 1572 solent.
980 1527 1153 1572 Civium
1192 1543 1386 1572 meorum
1423 1543 1547 1572 causa
1582 1531 1721 1572 totum
1756 1525 1952 1570 libellum

381 1598 600 1643 vernacule
633 1600 743 1642 verti
775 1598 859 1642 vol.
891 1599 924 1650 Ι,
958 1598 1044 1643 247
1063 1614 1151 1656 sqq.

437 1669 491 1713 37
511 1669 545 1711 E
595 1670 712 1720 „Iam
754 1669 936 1721 virilem,
983 1670 1204 1721 Nicaudre,
1254 1672 1475 1727 sumpsisti
1520 1674 1682 1727 togam,
1729 1682 1813 1711 non
1859 1668 1946 1710 iam

375 1741 502 1783 habes
535 1742 608 1796 qui
641 1741 718 1782 tibi
749 1740 949 1794 imperent,
984 1755 1084 1797 ergo
1117 1755 1228 1783 nunc
1261 1746 1471 1783 monentem
1502 1739 1631 1784 audi’'

436 1812 619 1863 ἀναρχία
646 1811 721 1860 μὲν
738 1811 835 1863 γαρ,
859 1809 903 1859 ἣν
922 1810 1010 1853 ἔνιοι
1030 1817 1104 1853 τῶν
1123 1812 1212 1853 νέων
1233 1812 1455 1863 ἐλευθερίαν
1473 1810 1722 1864 ἀπαιδευσία
1738 1808 1952 1860 νομίζουσι,

378 1883 690 1935 χαλεπωτέρους
734 1882 887 1924 ἐκείνων
929 1887 1004 1923 τῶν
1050 1883 1087 1923 ἐν
1130 1883 1246 1924 παισὶ
1285 1882 1538 1924 διδασκάλων
1573 1882 1639 1924 καὶ
1672 1880 1952 1930 παιδαγωγῶν

379 1952 582 1998 δεσπότας
615 1952 805 2004 ἐφίστησι
839 1953 917 1999 τοϊς
951 1953 1163 2002 ἐπιθυμίας
1197 1951 1329 2005 ὥσπερ
1362 1955 1406 1994 ἐκ
1437 1954 1593 2001 δεσμῶν
1626 1951 1830 1996 λυθείσας.

440 2023 522 2064 Ain
564 2021 693 2065 vero?
735 2023 996 2077 Oupidatesne
1028 2038 1127 2066 cum
1157 2024 1400 2067 hominibus
1431 2027 1727 2080 comparantur
1757 2022 1831 2078 qui
1862 2021 1951 2062 vin·

379 2093 486 2136 culis
512 2091 756 2136 solvuntur!
791 2094 1011 2146 Quodnam
1036 2094 1104 2136 hic
1132 2098 1195 2137 est
1225 2096 1431 2146 „tertium
1457 2089 1838 2150 comparationis”?
1870 2089 1953 2132 Sed

381 2163 549 2221 perlege
581 2167 622 2207 et
655 2164 772 2207 nullo
804 2167 976 2221 negotio
1007 2167 1198 2214 invenies
1230 2165 1594 2208 emendationem:
1627 2161 1760 2215 νόμιζε
1794 2164 1864 2211 τὴν
1897 2161 1952 2206 εἰς

379 2234 526 2285 ἄνδρας
556 2235 598 2276 ἐκ
626 2234 779 2277 παίδων
806 2236 976 2286 ἀγωγὴν
1004 2237 1073 2278 οὐκ
1100 2237 1230 2288 ἀρχῆς
1258 2234 1360 2278 εἶναι
1390 2242 1470 2282 τοῖς
1499 2234 1541 2278 εὖ
1569 2237 1776 2287 Φρονοῦσιν
1802 2230 1954 2281 ἀποβο-

380 2305 466 2356 λήν,
498 2306 612 2346 ἄλλα
643 2306 884 2355 μεταβολὴν
912 2307 1122 2359 ἄρχοντος,
1150 2307 1239 2348 ἀντὶ
1269 2307 1468 2355 μισθωτοῦ
1497 2321 1597 2352 τινος
1626 2306 1648 2355 ἢ
1677 2304 1954 2357 ἀργυρωνήτου

381 2377 480 2417 θεῖον
513 2375 693 2426 ἡγεμόνα
727 2379 795 2417 τοῦ
829 2377 921 2426 βίου
953 2377 1217 2428 λαμβάνουσι
1251 2379 1316 2419 τὸν
1344 2377 1480 2428 λόγον.
1513 2377 1562 2419 In
1590 2374 1773 2419 vinculis
1797 2388 1886 2417 esse
1912 2376 1955 2415 et

380 2446 561 2489 vinculis
594 2446 779 2497 liberari,
813 2447 962 2490 ducem
994 2449 1146 2491 habere
1177 2448 1245 2491 vel
1271 2463 1352 2491 non
1380 2449 1533 2491 habere
1560 2447 1756 2489 hominum
1786 2449 1863 2496 est,
1897 2447 1952 2495 et,

381 2517 491 2573 quod
518 2516 673 2559 clarius
701 2518 830 2559 etiam
855 2532 999 2560 veram
1018 2521 1168 2574 prioris
1184 2518 1265 2561 loci
1282 2523 1489 2561 monstrat
1504 2518 1743 2568 lectionem,
1760 2517 1806 2558 in
1823 2514 1956 2558 altero

379 2588 602 2644 participia
633 2586 746 2629 felici
779 2588 961 2643 quodam
994 2603 1092 2631 casu
1125 2589 1299 2631 eandem
1330 2589 1486 2631 habent
1516 2588 1696 2630 formam
1729 2599 1835 2642 quae
1865 2583 1955 2627 illic

429 2793 461 2832 1)
494 2792 610 2822 Eorum
640 2801 742 2829 causa,
773 2790 886 2831 quibus
917 2801 979 2822 non
1003 2794 1047 2822 est
1075 2791 1172 2822 facilis
1196 2791 1300 2822 aditus
1322 2791 1361 2822 ad
1385 2790 1515 2831 antiqua
1539 2787 1763 2829 Francogallici
1786 2786 1883 2818 diarii·
1903 2796 1957 2818 vo-

380 2846 512 2883 lumina,
537 2844 679 2876 libellum
703 2844 795 2875 illum
820 2845 988 2886 separatim
1013 2845 1166 2876 edendum
1190 2845 1296 2876 curavi
1322 2845 1379 2876 hoc
1399 2844 1509 2875 titulo:
1529 2842 1634 2874 Caroli
1654 2841 1794 2882 Leveque
1813 2840 1956 2872 libellum

381 2910 511 2932 aureum
541 2900 577 2930 de
610 2898 781 2930 Plutarcho
815 2899 928 2930 mentis
960 2899 1077 2930 medico
1109 2900 1209 2930 denuo
1241 2899 1394 2930 edendum
1419 2897 1542 2930 curavit
1564 2897 1595 2929 J.
1619 2897 1648 2928 J.
1673 2896 1831 2928 Hartman
1856 2895 1891 2927 1..
1918 2895 1957 2927 Β.

382 2955 463 2997 apud
489 2954 675 2995 Sythoffium
703 2953 802 2985 1903.
