<?xml version="1.0" encoding="UTF-8"?>
<!DOCTYPE html PUBLIC "-//W3C//DTD XHTML 1.0 Transitional//EN"
    "http://www.w3.org/TR/xhtml1/DTD/xhtml1-transitional.dtd">
<html xmlns="http://www.w3.org/1999/xhtml" xml:lang="en" lang="en">
 <head>
  <title>
</title>
<meta http-equiv="Content-Type" content="text/html;charset=utf-8" />
  <meta name='ocr-system' content='tesseract 3.04.00' />
  <meta name='ocr-capabilities' content='ocr_page ocr_carea ocr_par ocr_line ocrx_word'/>
</head>
<body>
  <div class='ocr_page' id='page_1' title='image "./deplutarchoscrip00hartuoft_0576.png"; bbox 0 0 2002 3372; ppageno 0'>
   <div class='ocr_carea' id='block_1_1' title="bbox 1104 286 1191 329">
    <p class='ocr_par' dir='ltr' id='par_1_1' title="bbox 1104 286 1191 329">
     <span class='ocr_line' id='line_1_1' title="bbox 1104 286 1191 329; baseline 0.011 -1"><span class='ocrx_word' id='word_1_1' title='bbox 1104 286 1191 329; x_wconf 86' lang='lat'>560</span> 
     </span>
    </p>
   </div>
   <div class='ocr_carea' id='block_1_2' title="bbox 360 406 1938 1242">
    <p class='ocr_par' dir='ltr' id='par_1_2' title="bbox 360 406 1938 1026">
     <span class='ocr_line' id='line_1_2' title="bbox 361 406 1936 466; baseline 0.002 -16"><span class='ocrx_word' id='word_1_2' title='bbox 361 407 507 463; x_wconf 82' lang='lat' dir='ltr'><strong>Neque</strong></span> <span class='ocrx_word' id='word_1_3' title='bbox 551 406 784 463; x_wconf 82' lang='lat' dir='ltr'><strong>quidquam</strong></span> <span class='ocrx_word' id='word_1_4' title='bbox 830 419 931 448; x_wconf 90' lang='lat' dir='ltr'>eum</span> <span class='ocrx_word' id='word_1_5' title='bbox 976 419 1027 448; x_wconf 86' lang='lat' dir='ltr'>ex</span> <span class='ocrx_word' id='word_1_6' title='bbox 1066 406 1144 449; x_wconf 92' lang='lat' dir='ltr'>hoc</span> <span class='ocrx_word' id='word_1_7' title='bbox 1185 407 1404 451; x_wconf 80' lang='lat' dir='ltr'>extrahere</span> <span class='ocrx_word' id='word_1_8' title='bbox 1445 408 1631 464; x_wconf 88' lang='lat' dir='ltr'>periculo</span> <span class='ocrx_word' id='word_1_9' title='bbox 1676 413 1826 466; x_wconf 64' lang='lat' dir='ltr'>potoet&#39;</span> <span class='ocrx_word' id='word_1_10' title='bbox 1852 411 1936 453; x_wconf 84' lang='lat' dir='ltr'>uisi</span> 
     </span>
     <span class='ocr_line' id='line_1_3' title="bbox 361 477 1936 538; baseline 0.002 -18"><span class='ocrx_word' id='word_1_11' title='bbox 361 478 479 520; x_wconf 76' lang='lat' dir='ltr'>Fides</span> <span class='ocrx_word' id='word_1_12' title='bbox 522 477 599 520; x_wconf 91' lang='lat' dir='ltr'>illa</span> <span class='ocrx_word' id='word_1_13' title='bbox 644 478 766 519; x_wconf 90' lang='lat' dir='ltr'>cuius</span> <span class='ocrx_word' id='word_1_14' title='bbox 806 489 849 518; x_wconf 89' lang='lat' dir='ltr'>se</span> <span class='ocrx_word' id='word_1_15' title='bbox 890 489 1057 532; x_wconf 86' lang='lat' dir='ltr'>semper</span> <span class='ocrx_word' id='word_1_16' title='bbox 1096 480 1139 520; x_wconf 85' lang='lat' dir='ltr'>et</span> <span class='ocrx_word' id='word_1_17' title='bbox 1178 477 1334 534; x_wconf 91' lang='lat' dir='ltr'>ubique</span> <span class='ocrx_word' id='word_1_18' title='bbox 1377 482 1465 521; x_wconf 87' lang='lat' dir='ltr'>tam</span> <span class='ocrx_word' id='word_1_19' title='bbox 1506 483 1726 524; x_wconf 82' lang='lat' dir='ltr'>strenuum</span> <span class='ocrx_word' id='word_1_20' title='bbox 1765 481 1936 538; x_wconf 67' lang='lat' dir='ltr'>praebet</span> 
     </span>
     <span class='ocr_line' id='line_1_4' title="bbox 361 546 1936 604; baseline 0.003 -13"><span class='ocrx_word' id='word_1_21' title='bbox 361 549 620 592; x_wconf 78' lang='lat' dir='ltr'>defensorem</span> <span class='ocrx_word' id='word_1_22' title='bbox 662 546 930 596; x_wconf 85' lang='lat' dir='ltr'>Plutarchus,</span> <span class='ocrx_word' id='word_1_23' title='bbox 973 560 1184 604; x_wconf 89' lang='lat' dir='ltr'>quamque</span> <span class='ocrx_word' id='word_1_24' title='bbox 1224 563 1308 592; x_wconf 90' lang='lat' dir='ltr'>non</span> <span class='ocrx_word' id='word_1_25' title='bbox 1351 550 1492 592; x_wconf 85' lang='lat' dir='ltr'>minus</span> <span class='ocrx_word' id='word_1_26' title='bbox 1533 550 1688 595; x_wconf 81' lang='lat' dir='ltr'>diserte</span> <span class='ocrx_word' id='word_1_27' title='bbox 1729 551 1936 595; x_wconf 48' lang='lat' dir='ltr'>iri-‘docta</span> 
     </span>
     <span class='ocr_line' id='line_1_5' title="bbox 361 616 1937 675; baseline 0.003 -14"><span class='ocrx_word' id='word_1_28' title='bbox 361 619 438 661; x_wconf 88' lang='lat' dir='ltr'>hac</span> <span class='ocrx_word' id='word_1_29' title='bbox 477 618 656 660; x_wconf 85' lang='lat' dir='ltr'>diatribe</span> <span class='ocrx_word' id='word_1_30' title='bbox 698 616 965 659; x_wconf 76' lang='lat' dir='ltr'>commendat</span> <span class='ocrx_word' id='word_1_31' title='bbox 996 631 1124 672; x_wconf 90' lang='lat' dir='ltr'>quam</span> <span class='ocrx_word' id='word_1_32' title='bbox 1154 619 1198 660; x_wconf 90' lang='lat' dir='ltr'>in</span> <span class='ocrx_word' id='word_1_33' title='bbox 1229 617 1350 661; x_wconf 86' lang='lat' dir='ltr'>libris</span> <span class='ocrx_word' id='word_1_34' title='bbox 1381 633 1485 675; x_wconf 89' lang='lat' dir='ltr'>quos</span> <span class='ocrx_word' id='word_1_35' title='bbox 1515 620 1937 665; x_wconf 58' lang='lat' dir='ltr'>indoctorum-*causa</span> 
     </span>
     <span class='ocr_line' id='line_1_6' title="bbox 361 687 1936 750; baseline 0.003 -20"><span class='ocrx_word' id='word_1_36' title='bbox 361 690 540 744; x_wconf 75' lang='lat' dir='ltr'><strong>scripsit.</strong></span> <span class='ocrx_word' id='word_1_37' title='bbox 577 687 687 730; x_wconf 88' lang='lat' dir='ltr'>Nam</span> <span class='ocrx_word' id='word_1_38' title='bbox 713 701 985 744; x_wconf 84' lang='lat' dir='ltr'>quaecunque</span> <span class='ocrx_word' id='word_1_39' title='bbox 1011 688 1080 732; x_wconf 91' lang='lat' dir='ltr'>hic</span> <span class='ocrx_word' id='word_1_40' title='bbox 1103 703 1128 731; x_wconf 90' lang='lat' dir='ltr'>a</span> <span class='ocrx_word' id='word_1_41' title='bbox 1155 688 1289 732; x_wconf 88' lang='lat' dir='ltr'>doctis</span> <span class='ocrx_word' id='word_1_42' title='bbox 1315 691 1567 734; x_wconf 85' lang='lat' dir='ltr'>astronomis</span> <span class='ocrx_word' id='word_1_43' title='bbox 1593 690 1936 750; x_wconf 72' lang='lat' dir='ltr'>philosophisque</span> 
     </span>
     <span class='ocr_line' id='line_1_7' title="bbox 361 758 1936 816; baseline 0.003 -15"><span class='ocrx_word' id='word_1_44' title='bbox 361 759 703 801; x_wconf 77' lang='lat' dir='ltr'>demonstrantur</span> <span class='ocrx_word' id='word_1_45' title='bbox 731 771 779 800; x_wconf 86' lang='lat' dir='ltr'>ea</span> <span class='ocrx_word' id='word_1_46' title='bbox 812 759 956 800; x_wconf 84' lang='lat' dir='ltr'>omnia</span> <span class='ocrx_word' id='word_1_47' title='bbox 985 772 1032 801; x_wconf 90' lang='lat' dir='ltr'>eo</span> <span class='ocrx_word' id='word_1_48' title='bbox 1061 758 1239 802; x_wconf 90' lang='lat' dir='ltr'>tendunt</span> <span class='ocrx_word' id='word_1_49' title='bbox 1265 763 1315 802; x_wconf 91' lang='lat' dir='ltr'>ut</span> <span class='ocrx_word' id='word_1_50' title='bbox 1339 759 1580 816; x_wconf 81' lang='lat' dir='ltr'>leg-entibus</span> <span class='ocrx_word' id='word_1_51' title='bbox 1605 760 1714 805; x_wconf 86' lang='lat' dir='ltr'>illud</span> <span class='ocrx_word' id='word_1_52' title='bbox 1740 763 1936 806; x_wconf 82' lang='lat' dir='ltr'>omnium</span> 
     </span>
     <span class='ocr_line' id='line_1_8' title="bbox 360 827 1935 885; baseline 0.004 -15"><span class='ocrx_word' id='word_1_53' title='bbox 360 828 670 884; x_wconf 82' lang='lat' dir='ltr'>paradoxorum</span> <span class='ocrx_word' id='word_1_54' title='bbox 700 827 1016 884; x_wconf 87' lang='lat' dir='ltr'>pulcherimum</span> <span class='ocrx_word' id='word_1_55' title='bbox 1046 828 1303 872; x_wconf 70' lang='lat' dir='ltr'>inculcetur:</span> <span class='ocrx_word' id='word_1_56' title='bbox 1335 830 1529 882; x_wconf 84' lang='lat' dir='ltr'>„credere</span> <span class='ocrx_word' id='word_1_57' title='bbox 1554 831 1698 884; x_wconf 85' lang='lat' dir='ltr'>nolite,</span> <span class='ocrx_word' id='word_1_58' title='bbox 1725 831 1935 885; x_wconf 80' lang='lat' dir='ltr'>mortales,</span> 
     </span>
     <span class='ocr_line' id='line_1_9' title="bbox 360 890 1938 960; baseline 0.004 -19"><span class='ocrx_word' id='word_1_59' title='bbox 360 899 453 942; x_wconf 90' lang='lat' dir='ltr'>ideo</span> <span class='ocrx_word' id='word_1_60' title='bbox 493 912 664 955; x_wconf 86' lang='lat' dir='ltr'>corpora</span> <span class='ocrx_word' id='word_1_61' title='bbox 706 898 904 942; x_wconf 89' lang='lat' dir='ltr'>deorsum</span> <span class='ocrx_word' id='word_1_62' title='bbox 945 899 1091 942; x_wconf 88' lang='lat' dir='ltr'>cadere</span> <span class='ocrx_word' id='word_1_63' title='bbox 1134 890 1233 956; x_wconf 86' lang='lat' dir='ltr'>quia</span> <span class='ocrx_word' id='word_1_64' title='bbox 1267 905 1377 943; x_wconf 88' lang='lat' dir='ltr'>terra</span> <span class='ocrx_word' id='word_1_65' title='bbox 1409 915 1459 944; x_wconf 88' lang='lat' dir='ltr'>ea</span> <span class='ocrx_word' id='word_1_66' title='bbox 1489 902 1699 946; x_wconf 80' lang='lat' dir='ltr'>attrahat:</span> <span class='ocrx_word' id='word_1_67' title='bbox 1729 902 1938 960; x_wconf 83' lang='lat' dir='ltr'>quidquid</span> 
     </span>
     <span class='ocr_line' id='line_1_10' title="bbox 361 969 1526 1026; baseline 0.003 -15"><span class='ocrx_word' id='word_1_68' title='bbox 361 969 408 1012; x_wconf 85' lang='lat' dir='ltr'>fit</span> <span class='ocrx_word' id='word_1_69' title='bbox 438 969 531 1012; x_wconf 92' lang='lat' dir='ltr'>ideo</span> <span class='ocrx_word' id='word_1_70' title='bbox 561 969 609 1011; x_wconf 87' lang='lat' dir='ltr'>fit</span> <span class='ocrx_word' id='word_1_71' title='bbox 640 971 739 1025; x_wconf 90' lang='lat' dir='ltr'>quia</span> <span class='ocrx_word' id='word_1_72' title='bbox 770 969 865 1012; x_wconf 85' lang='lat' dir='ltr'>vult</span> <span class='ocrx_word' id='word_1_73' title='bbox 897 969 1012 1013; x_wconf 88' lang='lat' dir='ltr'>Deus</span> <span class='ocrx_word' id='word_1_74' title='bbox 1046 971 1238 1026; x_wconf 91' lang='lat' dir='ltr'>optimus</span> <span class='ocrx_word' id='word_1_75' title='bbox 1269 971 1526 1015; x_wconf 85' lang='lat' dir='ltr'>maximus‘’.</span> 
     </span>
    </p>

    <p class='ocr_par' dir='ltr' id='par_1_3' title="bbox 361 1040 1938 1242">
     <span class='ocr_line' id='line_1_11' title="bbox 420 1040 1937 1096; baseline 0.004 -14"><span class='ocrx_word' id='word_1_76' title='bbox 420 1040 566 1096; x_wconf 88' lang='lat' dir='ltr'>Neque</span> <span class='ocrx_word' id='word_1_77' title='bbox 598 1040 829 1083; x_wconf 85' lang='lat' dir='ltr'>absurdum</span> <span class='ocrx_word' id='word_1_78' title='bbox 861 1041 969 1083; x_wconf 90' lang='lat' dir='ltr'>mihi</span> <span class='ocrx_word' id='word_1_79' title='bbox 1001 1041 1171 1085; x_wconf 85' lang='lat' dir='ltr'>videtur</span> <span class='ocrx_word' id='word_1_80' title='bbox 1203 1044 1407 1086; x_wconf 90' lang='lat' dir='ltr'>coniicere</span> <span class='ocrx_word' id='word_1_81' title='bbox 1438 1043 1621 1087; x_wconf 77' lang='lat' dir='ltr'>similem</span> <span class='ocrx_word' id='word_1_82' title='bbox 1654 1057 1743 1088; x_wconf 78' lang='lat' dir='ltr'>esse</span> <span class='ocrx_word' id='word_1_83' title='bbox 1766 1046 1937 1088; x_wconf 81' lang='lat' dir='ltr'>causam</span> 
     </span>
     <span class='ocr_line' id='line_1_12' title="bbox 362 1111 1937 1172; baseline 0.003 -18"><span class='ocrx_word' id='word_1_84' title='bbox 362 1112 414 1155; x_wconf 96' lang='lat' dir='ltr'>ob</span> <span class='ocrx_word' id='word_1_85' title='bbox 458 1126 584 1167; x_wconf 86' lang='lat' dir='ltr'>quam</span> <span class='ocrx_word' id='word_1_86' title='bbox 616 1115 659 1154; x_wconf 89' lang='lat' dir='ltr'>et</span> <span class='ocrx_word' id='word_1_87' title='bbox 688 1113 733 1154; x_wconf 91' lang='lat' dir='ltr'>in</span> <span class='ocrx_word' id='word_1_88' title='bbox 763 1115 905 1155; x_wconf 89' lang='lat' dir='ltr'>nostro</span> <span class='ocrx_word' id='word_1_89' title='bbox 936 1111 1044 1155; x_wconf 91' lang='lat' dir='ltr'>libro</span> <span class='ocrx_word' id='word_1_90' title='bbox 1076 1117 1119 1155; x_wconf 90' lang='lat' dir='ltr'>et</span> <span class='ocrx_word' id='word_1_91' title='bbox 1149 1112 1252 1156; x_wconf 85' lang='lat' dir='ltr'>alibi</span> <span class='ocrx_word' id='word_1_92' title='bbox 1283 1117 1373 1156; x_wconf 84' lang='lat' dir='ltr'>tam</span> <span class='ocrx_word' id='word_1_93' title='bbox 1404 1115 1556 1157; x_wconf 87' lang='lat' dir='ltr'>acriter</span> <span class='ocrx_word' id='word_1_94' title='bbox 1585 1115 1937 1172; x_wconf 76' lang='lat' dir='ltr'>pertinaciter-que</span> 
     </span>
     <span class='ocr_line' id='line_1_13' title="bbox 361 1182 1938 1242; baseline 0.004 -18"><span class='ocrx_word' id='word_1_95' title='bbox 361 1183 523 1225; x_wconf 88' lang='lat' dir='ltr'>reiiciat</span> <span class='ocrx_word' id='word_1_96' title='bbox 565 1182 797 1225; x_wconf 81' lang='lat' dir='ltr'>doctrinam</span> <span class='ocrx_word' id='word_1_97' title='bbox 836 1182 924 1235; x_wconf 75' lang='grc' dir='ltr'>περὶ</span> <span class='ocrx_word' id='word_1_98' title='bbox 967 1187 1043 1225; x_wconf 77' lang='grc' dir='ltr'>τῶν</span> <span class='ocrx_word' id='word_1_99' title='bbox 1084 1183 1318 1226; x_wconf 71' lang='grc' dir='ltr'><strong><em>ἀντιπόδων.</em></strong></span> <span class='ocrx_word' id='word_1_100' title='bbox 1352 1183 1632 1242; x_wconf 81' lang='lat' dir='ltr'>Quaecunque</span> <span class='ocrx_word' id='word_1_101' title='bbox 1661 1187 1776 1229; x_wconf 87' lang='lat' dir='ltr'>enim</span> <span class='ocrx_word' id='word_1_102' title='bbox 1807 1199 1860 1229; x_wconf 82' lang='lat' dir='ltr'>ex</span> <span class='ocrx_word' id='word_1_103' title='bbox 1888 1199 1938 1230; x_wconf 88' lang='lat' dir='ltr'>eo</span> 
     </span>
    </p>
   </div>
   <div class='ocr_carea' id='block_1_3' title="bbox 362 1254 1940 1312">
    <p class='ocr_par' dir='ltr' id='par_1_4' title="bbox 362 1254 1940 1312">
     <span class='ocr_line' id='line_1_14' title="bbox 362 1254 1940 1312; baseline 0.003 -17"><span class='ocrx_word' id='word_1_104' title='bbox 362 1257 460 1296; x_wconf 91' lang='lat' dir='ltr'>sunt</span> <span class='ocrx_word' id='word_1_105' title='bbox 483 1267 636 1310; x_wconf 85' lang='lat' dir='ltr'>genere</span> <span class='ocrx_word' id='word_1_106' title='bbox 661 1254 860 1310; x_wconf 87' lang='lat' dir='ltr'>prudenti</span> <span class='ocrx_word' id='word_1_107' title='bbox 885 1258 1089 1310; x_wconf 88' lang='lat' dir='ltr'>cautoque</span> <span class='ocrx_word' id='word_1_108' title='bbox 1117 1256 1327 1297; x_wconf 83' lang='lat' dir='ltr'>mentium</span> <span class='ocrx_word' id='word_1_109' title='bbox 1355 1255 1517 1299; x_wconf 90' lang='lat' dir='ltr'>medico</span> <span class='ocrx_word' id='word_1_110' title='bbox 1538 1257 1783 1312; x_wconf 76' lang='lat' dir='ltr'>perturbare</span> <span class='ocrx_word' id='word_1_111' title='bbox 1805 1256 1940 1301; x_wconf 81' lang='lat' dir='ltr'>homi·</span> 
     </span>
    </p>
   </div>
   <div class='ocr_carea' id='block_1_4' title="bbox 361 1324 1939 1663">
    <p class='ocr_par' dir='ltr' id='par_1_5' title="bbox 361 1324 1938 1451">
     <span class='ocr_line' id='line_1_15' title="bbox 361 1324 1938 1380; baseline 0.003 -14"><span class='ocrx_word' id='word_1_112' title='bbox 361 1338 434 1367; x_wconf 88' lang='lat' dir='ltr'>nes</span> <span class='ocrx_word' id='word_1_113' title='bbox 465 1329 506 1366; x_wconf 91' lang='lat' dir='ltr'>et</span> <span class='ocrx_word' id='word_1_114' title='bbox 538 1325 684 1366; x_wconf 85' lang='lat' dir='ltr'>anxios</span> <span class='ocrx_word' id='word_1_115' title='bbox 714 1324 885 1367; x_wconf 90' lang='lat' dir='ltr'>reddere</span> <span class='ocrx_word' id='word_1_116' title='bbox 914 1338 1033 1380; x_wconf 86' lang='lat' dir='ltr'>posse</span> <span class='ocrx_word' id='word_1_117' title='bbox 1059 1324 1272 1368; x_wconf 85' lang='lat' dir='ltr'>videntur.</span> <span class='ocrx_word' id='word_1_118' title='bbox 1311 1325 1394 1368; x_wconf 86' lang='lat' dir='ltr'>Sed</span> <span class='ocrx_word' id='word_1_119' title='bbox 1421 1326 1497 1369; x_wconf 92' lang='lat' dir='ltr'>hoc</span> <span class='ocrx_word' id='word_1_120' title='bbox 1523 1328 1567 1369; x_wconf 91' lang='lat' dir='ltr'>in</span> <span class='ocrx_word' id='word_1_121' title='bbox 1594 1328 1798 1370; x_wconf 65' lang='lat' dir='ltr'>transitus</span> <span class='ocrx_word' id='word_1_122' title='bbox 1825 1339 1938 1370; x_wconf 86' lang='lat' dir='ltr'>nnnc</span> 
     </span>
     <span class='ocr_line' id='line_1_16' title="bbox 362 1393 1120 1451; baseline 0.003 -15"><span class='ocrx_word' id='word_1_123' title='bbox 362 1393 414 1437; x_wconf 88' lang='lat' dir='ltr'>ad</span> <span class='ocrx_word' id='word_1_124' title='bbox 446 1393 638 1451; x_wconf 82' lang='lat' dir='ltr'>singulos</span> <span class='ocrx_word' id='word_1_125' title='bbox 667 1394 766 1438; x_wconf 89' lang='lat' dir='ltr'>libri</span> <span class='ocrx_word' id='word_1_126' title='bbox 796 1398 961 1438; x_wconf 81' lang='lat' dir='ltr'>transeo</span> <span class='ocrx_word' id='word_1_127' title='bbox 993 1394 1120 1438; x_wconf 92' lang='lat' dir='ltr'>locos.</span> 
     </span>
    </p>

    <p class='ocr_par' dir='ltr' id='par_1_6' title="bbox 361 1463 1939 1663">
     <span class='ocr_line' id='line_1_17' title="bbox 423 1463 1939 1524; baseline 0.003 -17"><span class='ocrx_word' id='word_1_128' title='bbox 423 1463 554 1507; x_wconf 92' lang='grc' dir='ltr'>92οΒ</span> <span class='ocrx_word' id='word_1_129' title='bbox 588 1465 745 1513; x_wconf 76' lang='grc' dir='ltr'><strong><em>τούτοις</em></strong></span> <span class='ocrx_word' id='word_1_130' title='bbox 875 1466 1061 1513; x_wconf 77' lang='grc' dir='ltr'><strong><em>ἐκείνους.</em></strong></span> <span class='ocrx_word' id='word_1_131' title='bbox 1089 1465 1406 1523; x_wconf 69' lang='lat' dir='ltr'>significantur,</span> <span class='ocrx_word' id='word_1_132' title='bbox 1425 1467 1784 1524; x_wconf 87' lang='lat' dir='ltr'>quemadmodum</span> <span class='ocrx_word' id='word_1_133' title='bbox 1801 1466 1939 1511; x_wconf 89' lang='lat' dir='ltr'>elucet</span> 
     </span>
     <span class='ocr_line' id='line_1_18' title="bbox 362 1535 1939 1593; baseline 0.002 -15"><span class='ocrx_word' id='word_1_134' title='bbox 362 1549 385 1578; x_wconf 90' lang='lat' dir='ltr'>e</span> <span class='ocrx_word' id='word_1_135' title='bbox 426 1535 785 1592; x_wconf 83' lang='lat' dir='ltr'>praecedentibus,</span> <span class='ocrx_word' id='word_1_136' title='bbox 828 1535 954 1587; x_wconf 70' lang='grc' dir='ltr'><em>δόξαι,</em></span> <span class='ocrx_word' id='word_1_137' title='bbox 996 1550 1098 1593; x_wconf 84' lang='lat' dir='ltr'>ergo</span> <span class='ocrx_word' id='word_1_138' title='bbox 1143 1551 1242 1579; x_wconf 92' lang='lat' dir='ltr'>cum</span> <span class='ocrx_word' id='word_1_139' title='bbox 1276 1536 1340 1580; x_wconf 88' lang='lat' dir='ltr'>W.</span> <span class='ocrx_word' id='word_1_140' title='bbox 1374 1538 1550 1586; x_wconf 74' lang='grc' dir='ltr'>ταύταις</span> <span class='ocrx_word' id='word_1_141' title='bbox 1688 1538 1846 1587; x_wconf 73' lang='grc' dir='ltr'><strong><em>ἐκείνοις</em></strong></span> <span class='ocrx_word' id='word_1_142' title='bbox 1872 1541 1939 1582; x_wconf 52' lang='lat' dir='ltr'>‚est</span> 
     </span>
     <span class='ocr_line' id='line_1_19' title="bbox 361 1605 606 1663; baseline 0 -14"><span class='ocrx_word' id='word_1_143' title='bbox 361 1605 606 1663; x_wconf 82' lang='lat' dir='ltr'>legendnm.</span> 
     </span>
    </p>
   </div>
   <div class='ocr_carea' id='block_1_5' title="bbox 422 1741 1906 1870">
    <p class='ocr_par' dir='ltr' id='par_1_7' title="bbox 422 1741 1906 1870">
     <span class='ocr_line' id='line_1_20' title="bbox 424 1741 1666 1796; baseline 0.003 -12"><span class='ocrx_word' id='word_1_144' title='bbox 424 1741 557 1786; x_wconf 81' lang='grc'>9200</span> <span class='ocrx_word' id='word_1_145' title='bbox 598 1743 641 1785; x_wconf 82' lang='grc' dir='ltr'><strong><em>οὐ</em></strong></span> <span class='ocrx_word' id='word_1_146' title='bbox 672 1746 835 1793; x_wconf 83' lang='grc' dir='ltr'><strong><em>συνορῶν</em></strong></span> <span class='ocrx_word' id='word_1_147' title='bbox 868 1775 878 1785; x_wconf 92' lang='grc'><strong>.</strong></span> <span class='ocrx_word' id='word_1_148' title='bbox 898 1774 908 1785; x_wconf 91' lang='grc'><em>.</em></span> <span class='ocrx_word' id='word_1_149' title='bbox 928 1775 938 1786; x_wconf 88' lang='grc'><strong>.</strong></span> <span class='ocrx_word' id='word_1_150' title='bbox 971 1741 1114 1785; x_wconf 74' lang='grc' dir='ltr'><strong><em>ἔπειτα</em></strong></span> <span class='ocrx_word' id='word_1_151' title='bbox 1148 1741 1271 1794; x_wconf 73' lang='grc' dir='ltr'><strong><em>λόγον</em></strong></span> <span class='ocrx_word' id='word_1_152' title='bbox 1303 1743 1408 1796; x_wconf 81' lang='grc' dir='ltr'><strong><em>(οὐκ)</em></strong></span> <span class='ocrx_word' id='word_1_153' title='bbox 1441 1743 1666 1792; x_wconf 69' lang='grc' dir='ltr'><strong><em>ἀποδιδούς.</em></strong></span> 
     </span>
     <span class='ocr_line' id='line_1_21' title="bbox 422 1811 1906 1870; baseline 0.003 -15"><span class='ocrx_word' id='word_1_154' title='bbox 422 1811 554 1856; x_wconf 83' lang='lat' dir='ltr'>&#39;Pctus</span> <span class='ocrx_word' id='word_1_155' title='bbox 583 1816 805 1856; x_wconf 83' lang='lat' dir='ltr'>contextus</span> <span class='ocrx_word' id='word_1_156' title='bbox 836 1812 990 1856; x_wconf 85' lang='lat' dir='ltr'>clamat</span> <span class='ocrx_word' id='word_1_157' title='bbox 1022 1817 1132 1856; x_wconf 89' lang='lat' dir='ltr'>recte</span> <span class='ocrx_word' id='word_1_158' title='bbox 1162 1813 1413 1870; x_wconf 76' lang='lat' dir='ltr'>Emporium</span> <span class='ocrx_word' id='word_1_159' title='bbox 1443 1813 1552 1857; x_wconf 89' lang='lat' dir='ltr'>illud</span> <span class='ocrx_word' id='word_1_160' title='bbox 1582 1816 1654 1858; x_wconf 77' lang='grc' dir='ltr'><strong><em>οὐκ</em></strong></span> <span class='ocrx_word' id='word_1_161' title='bbox 1684 1813 1906 1860; x_wconf 78' lang='lat' dir='ltr'>addidisse.</span> 
     </span>
    </p>
   </div>
   <div class='ocr_carea' id='block_1_6' title="bbox 362 1958 1937 2088">
    <p class='ocr_par' dir='ltr' id='par_1_8' title="bbox 362 1958 1937 2088">
     <span class='ocr_line' id='line_1_22' title="bbox 424 1958 1937 2018; baseline 0.003 -17"><span class='ocrx_word' id='word_1_162' title='bbox 424 1958 559 2002; x_wconf 82' lang='lat' dir='ltr'>920D</span> <span class='ocrx_word' id='word_1_163' title='bbox 603 1959 706 2012; x_wconf 81' lang='lat' dir='ltr'>Quis</span> <span class='ocrx_word' id='word_1_164' title='bbox 745 1959 820 2003; x_wconf 87' lang='lat' dir='ltr'>ille</span> <span class='ocrx_word' id='word_1_165' title='bbox 861 1963 925 2002; x_wconf 88' lang='lat' dir='ltr'>est</span> <span class='ocrx_word' id='word_1_166' title='bbox 966 1958 1228 2011; x_wconf 69' lang='grc' dir='ltr'><strong><em>Ἀγησιάναξ</em></strong></span> <span class='ocrx_word' id='word_1_167' title='bbox 1268 1963 1404 2016; x_wconf 80' lang='lat' dir='ltr'>poeta,</span> <span class='ocrx_word' id='word_1_168' title='bbox 1445 1961 1517 2016; x_wconf 90' lang='lat' dir='ltr'>qui</span> <span class='ocrx_word' id='word_1_169' title='bbox 1554 1965 1598 2003; x_wconf 90' lang='lat' dir='ltr'>et</span> <span class='ocrx_word' id='word_1_170' title='bbox 1637 1960 1707 2004; x_wconf 80' lang='lat' dir='ltr'>hic</span> <span class='ocrx_word' id='word_1_171' title='bbox 1738 1965 1782 2004; x_wconf 86' lang='lat' dir='ltr'>et</span> <span class='ocrx_word' id='word_1_172' title='bbox 1810 1961 1937 2018; x_wconf 85' lang='lat' dir='ltr'>paulo</span> 
     </span>
     <span class='ocr_line' id='line_1_23' title="bbox 362 2028 1659 2088; baseline 0.001 -15"><span class='ocrx_word' id='word_1_173' title='bbox 362 2034 457 2086; x_wconf 90' lang='lat' dir='ltr'>post</span> <span class='ocrx_word' id='word_1_174' title='bbox 488 2028 872 2074; x_wconf 79' lang='lat' dir='ltr'>commemoratur?</span> <span class='ocrx_word' id='word_1_175' title='bbox 899 2030 1063 2086; x_wconf 81' lang='lat' dir='ltr'>Ecquid</span> <span class='ocrx_word' id='word_1_176' title='bbox 1093 2030 1372 2082; x_wconf 74' lang='grc' dir='ltr'><strong><em>Ἑρμησιάναξ</em></strong></span> <span class='ocrx_word' id='word_1_177' title='bbox 1402 2029 1659 2088; x_wconf 78' lang='lat' dir='ltr'>leg-endum?</span> 
     </span>
    </p>
   </div>
   <div class='ocr_carea' id='block_1_7' title="bbox 420 2174 1935 2303">
    <p class='ocr_par' dir='ltr' id='par_1_9' title="bbox 420 2174 1935 2303">
     <span class='ocr_line' id='line_1_24' title="bbox 425 2174 1935 2230; baseline 0.003 -12"><span class='ocrx_word' id='word_1_178' title='bbox 425 2174 558 2218; x_wconf 67' lang='lat' dir='ltr'>920ss</span> <span class='ocrx_word' id='word_1_179' title='bbox 606 2175 675 2218; x_wconf 74' lang='grc' dir='ltr'>καὶ</span> <span class='ocrx_word' id='word_1_180' title='bbox 708 2175 892 2230; x_wconf 76' lang='grc' dir='ltr'>πιέζεται</span> <span class='ocrx_word' id='word_1_181' title='bbox 926 2175 995 2218; x_wconf 75' lang='grc' dir='ltr'>καὶ</span> <span class='ocrx_word' id='word_1_182' title='bbox 1029 2176 1156 2230; x_wconf 80' lang='grc' dir='ltr'><em>πιέζει</em></span> <span class='ocrx_word' id='word_1_183' title='bbox 1184 2176 1311 2219; x_wconf 73' lang='grc' dir='ltr'><strong><em>πάλιν</em></strong></span> <span class='ocrx_word' id='word_1_184' title='bbox 1345 2177 1412 2220; x_wconf 72' lang='grc' dir='ltr'>ὑπ’</span> <span class='ocrx_word' id='word_1_185' title='bbox 1445 2178 1577 2220; x_wconf 78' lang='grc' dir='ltr'><strong><em>αὐτῶν</em></strong></span> <span class='ocrx_word' id='word_1_186' title='bbox 1602 2178 1935 2230; x_wconf 67' lang='grc' dir='ltr'><strong><em>ἀποκοπτόμενα.</em></strong></span> 
     </span>
     <span class='ocr_line' id='line_1_25' title="bbox 420 2245 1476 2303; baseline 0.002 -15"><span class='ocrx_word' id='word_1_187' title='bbox 420 2245 491 2289; x_wconf 83' lang='lat' dir='ltr'>Sic</span> <span class='ocrx_word' id='word_1_188' title='bbox 519 2250 629 2289; x_wconf 88' lang='lat' dir='ltr'>recte</span> <span class='ocrx_word' id='word_1_189' title='bbox 661 2246 855 2303; x_wconf 88' lang='lat' dir='ltr'>supplere</span> <span class='ocrx_word' id='word_1_190' title='bbox 886 2250 928 2289; x_wconf 92' lang='lat' dir='ltr'>et</span> <span class='ocrx_word' id='word_1_191' title='bbox 959 2247 1180 2291; x_wconf 86' lang='lat' dir='ltr'>emendare</span> <span class='ocrx_word' id='word_1_192' title='bbox 1211 2247 1259 2290; x_wconf 91' lang='lat' dir='ltr'>B.</span> <span class='ocrx_word' id='word_1_193' title='bbox 1293 2247 1476 2292; x_wconf 82' lang='lat' dir='ltr'>videtur.</span> 
     </span>
    </p>
   </div>
   <div class='ocr_carea' id='block_1_8' title="bbox 363 2391 1936 2521">
    <p class='ocr_par' dir='ltr' id='par_1_10' title="bbox 363 2391 1936 2521">
     <span class='ocr_line' id='line_1_26' title="bbox 424 2391 1936 2450; baseline 0.003 -16"><span class='ocrx_word' id='word_1_194' title='bbox 424 2391 507 2435; x_wconf 83' lang='lat'>921</span> <span class='ocrx_word' id='word_1_195' title='bbox 524 2391 559 2434; x_wconf 94' lang='lat' dir='ltr'>B</span> <span class='ocrx_word' id='word_1_196' title='bbox 599 2391 914 2436; x_wconf 87' lang='lat' dir='ltr'>Versiculorum</span> <span class='ocrx_word' id='word_1_197' title='bbox 946 2394 1174 2436; x_wconf 84' lang='lat' dir='ltr'>citatorum</span> <span class='ocrx_word' id='word_1_198' title='bbox 1199 2395 1390 2450; x_wconf 89' lang='lat' dir='ltr'>primum</span> <span class='ocrx_word' id='word_1_199' title='bbox 1417 2392 1672 2438; x_wconf 83' lang='lat' dir='ltr'>vocabulum</span> <span class='ocrx_word' id='word_1_200' title='bbox 1698 2406 1788 2438; x_wconf 75' lang='lat' dir='ltr'>esse</span> <span class='ocrx_word' id='word_1_201' title='bbox 1811 2394 1936 2438; x_wconf 86' lang='lat' dir='ltr'>debet</span> 
     </span>
     <span class='ocr_line' id='line_1_27' title="bbox 363 2461 1291 2521; baseline 0.004 -17"><span class='ocrx_word' id='word_1_202' title='bbox 363 2476 444 2506; x_wconf 91' lang='lat' dir='ltr'>non</span> <span class='ocrx_word' id='word_1_203' title='bbox 477 2462 498 2512; x_wconf 80' lang='grc' dir='ltr'><strong><em>ἤ</em></strong></span> <span class='ocrx_word' id='word_1_204' title='bbox 531 2462 602 2506; x_wconf 87' lang='lat' dir='ltr'>sed</span> <span class='ocrx_word' id='word_1_205' title='bbox 635 2461 659 2518; x_wconf 74' lang='grc' dir='ltr'><em>ᾖ</em></span> <span class='ocrx_word' id='word_1_206' title='bbox 689 2463 802 2520; x_wconf 89' lang='lat' dir='ltr'>quod</span> <span class='ocrx_word' id='word_1_207' title='bbox 833 2465 1024 2520; x_wconf 83' lang='lat' dir='ltr'>reposuit</span> <span class='ocrx_word' id='word_1_208' title='bbox 1054 2463 1291 2521; x_wconf 86' lang='lat' dir='ltr'>Emperius.</span> 
     </span>
    </p>
   </div>
   <div class='ocr_carea' id='block_1_9' title="bbox 422 2597 1934 2728">
    <p class='ocr_par' dir='ltr' id='par_1_11' title="bbox 422 2597 1934 2728">
     <span class='ocr_line' id='line_1_28' title="bbox 422 2597 1270 2652; baseline 0.005 -13"><span class='ocrx_word' id='word_1_209' title='bbox 422 2597 480 2640; x_wconf 91' lang='lat' dir='ltr'>ib.</span> <span class='ocrx_word' id='word_1_210' title='bbox 529 2598 646 2640; x_wconf 67' lang='grc' dir='ltr'>ἀλλὰ</span> <span class='ocrx_word' id='word_1_211' title='bbox 678 2603 735 2651; x_wconf 70' lang='grc' dir='ltr'>πῇ</span> <span class='ocrx_word' id='word_1_212' title='bbox 768 2599 835 2641; x_wconf 80' lang='grc' dir='ltr'>τὸν</span> <span class='ocrx_word' id='word_1_213' title='bbox 861 2597 1039 2652; x_wconf 71' lang='grc' dir='ltr'><strong><em>ἔλεγχον</em></strong></span> <span class='ocrx_word' id='word_1_214' title='bbox 1069 2605 1270 2652; x_wconf 50' lang='lat' dir='ltr'>macir&amp;</span> 
     </span>
     <span class='ocr_line' id='line_1_29' title="bbox 424 2668 1934 2728; baseline 0.003 -18"><span class='ocrx_word' id='word_1_215' title='bbox 424 2668 538 2724; x_wconf 86' lang='lat' dir='ltr'>Lege</span> <span class='ocrx_word' id='word_1_216' title='bbox 561 2682 658 2711; x_wconf 91' lang='lat' dir='ltr'>cum</span> <span class='ocrx_word' id='word_1_217' title='bbox 683 2668 837 2712; x_wconf 73' lang='lat' dir='ltr'>Tum:</span> <span class='ocrx_word' id='word_1_218' title='bbox 861 2669 978 2712; x_wconf 71' lang='grc' dir='ltr'>ἀλλὰ</span> <span class='ocrx_word' id='word_1_219' title='bbox 1001 2671 1050 2713; x_wconf 79' lang='grc' dir='ltr'>σὺ</span> <span class='ocrx_word' id='word_1_220' title='bbox 1070 2687 1108 2714; x_wconf 78' lang='grc' dir='ltr'>τ.</span> <span class='ocrx_word' id='word_1_221' title='bbox 1127 2671 1158 2714; x_wconf 77' lang='grc' dir='ltr'>ἐ.</span> <span class='ocrx_word' id='word_1_222' title='bbox 1176 2669 1375 2723; x_wconf 72' lang='grc' dir='ltr'><strong><em>πρόσαγε.</em></strong></span> <span class='ocrx_word' id='word_1_223' title='bbox 1404 2670 1561 2713; x_wconf 85' lang='lat' dir='ltr'>Statim</span> <span class='ocrx_word' id='word_1_224' title='bbox 1585 2672 1700 2714; x_wconf 86' lang='lat' dir='ltr'>enim</span> <span class='ocrx_word' id='word_1_225' title='bbox 1715 2671 1934 2728; x_wconf 81' lang='lat' dir='ltr'>Lamprias</span> 
     </span>
    </p>
   </div>
   <div class='ocr_carea' id='block_1_10' title="bbox 363 2738 1936 2852">
    <p class='ocr_par' dir='ltr' id='par_1_12' title="bbox 363 2738 1936 2852">
     <span class='ocr_line' id='line_1_30' title="bbox 363 2738 1936 2799; baseline 0.003 -19"><span class='ocrx_word' id='word_1_226' title='bbox 363 2738 463 2780; x_wconf 84' lang='lat' dir='ltr'>facit</span> <span class='ocrx_word' id='word_1_227' title='bbox 510 2739 622 2795; x_wconf 91' lang='lat' dir='ltr'>quod</span> <span class='ocrx_word' id='word_1_228' title='bbox 669 2754 767 2782; x_wconf 89' lang='lat' dir='ltr'>eum</span> <span class='ocrx_word' id='word_1_229' title='bbox 811 2741 937 2783; x_wconf 89' lang='lat' dir='ltr'>iussit</span> <span class='ocrx_word' id='word_1_230' title='bbox 983 2741 1255 2798; x_wconf 88' lang='lat' dir='ltr'>Apollonides</span> <span class='ocrx_word' id='word_1_231' title='bbox 1302 2745 1352 2784; x_wconf 89' lang='lat' dir='ltr'>ut</span> <span class='ocrx_word' id='word_1_232' title='bbox 1391 2740 1512 2784; x_wconf 89' lang='lat' dir='ltr'>illam</span> <span class='ocrx_word' id='word_1_233' title='bbox 1553 2739 1744 2786; x_wconf 80' lang='lat' dir='ltr'>Olearohi</span> <span class='ocrx_word' id='word_1_234' title='bbox 1784 2743 1936 2799; x_wconf 61' lang='lat' dir='ltr'>refutet</span> 
     </span>
     <span class='ocr_line' id='line_1_31' title="bbox 364 2811 630 2852; baseline 0.008 -2"><span class='ocrx_word' id='word_1_235' title='bbox 364 2811 630 2852; x_wconf 88' lang='lat' dir='ltr'>sententiam.</span> 
     </span>
    </p>
   </div>
   <div class='ocr_carea' id='block_1_11' title="bbox 423 2943 1592 3070">
    <p class='ocr_par' dir='ltr' id='par_1_13' title="bbox 423 2943 1592 3070">
     <span class='ocr_line' id='line_1_32' title="bbox 425 2943 1592 2999; baseline 0.004 -13"><span class='ocrx_word' id='word_1_236' title='bbox 425 2943 558 2988; x_wconf 80' lang='lat'>9210</span> <span class='ocrx_word' id='word_1_237' title='bbox 602 2950 675 2995; x_wconf 79' lang='grc' dir='ltr'>τῆς</span> <span class='ocrx_word' id='word_1_238' title='bbox 707 2944 934 2996; x_wconf 76' lang='grc' dir='ltr'><strong><em>οἰκουμένης</em></strong></span> <span class='ocrx_word' id='word_1_239' title='bbox 968 2945 1072 2999; x_wconf 78' lang='grc' dir='ltr'><strong><em>εὖρος</em></strong></span> <span class='ocrx_word' id='word_1_240' title='bbox 1106 2946 1226 2998; x_wconf 74' lang='grc' dir='ltr'>ἴσης</span> <span class='ocrx_word' id='word_1_241' title='bbox 1260 2947 1327 2991; x_wconf 66' lang='grc' dir='ltr'>καὶ</span> <span class='ocrx_word' id='word_1_242' title='bbox 1360 2951 1486 2998; x_wconf 74' lang='grc' dir='ltr'><strong><em>μῆκος</em></strong></span> <span class='ocrx_word' id='word_1_243' title='bbox 1522 2980 1531 2991; x_wconf 96' lang='grc'><strong>.</strong></span> <span class='ocrx_word' id='word_1_244' title='bbox 1552 2977 1592 2991; x_wconf 83' lang='grc'>..</span> 
     </span>
     <span class='ocr_line' id='line_1_33' title="bbox 423 3014 1089 3070; baseline 0.008 -14"><span class='ocrx_word' id='word_1_245' title='bbox 423 3014 561 3057; x_wconf 92' lang='lat' dir='ltr'>Immo</span> <span class='ocrx_word' id='word_1_246' title='bbox 593 3014 674 3058; x_wconf 81' lang='grc' dir='ltr'><strong><em>ἴσον</em></strong></span> <span class='ocrx_word' id='word_1_247' title='bbox 707 3016 878 3070; x_wconf 77' lang='grc' dir='ltr'><strong><em>ἐχούσης</em></strong></span> <span class='ocrx_word' id='word_1_248' title='bbox 911 3031 1009 3060; x_wconf 84' lang='lat' dir='ltr'>cum</span> <span class='ocrx_word' id='word_1_249' title='bbox 1042 3018 1089 3061; x_wconf 88' lang='lat' dir='ltr'>B.</span> 
     </span>
    </p>
   </div>
  </div>
 </body>
</html>
