2002 3372
1105 197 1190 242 148

360 325 478 367 obsto
522 324 747 380 quominus
790 326 884 378 post
916 322 1084 373 μέτεστι
1117 337 1216 365 cum
1248 323 1436 367 Bruhnio
1467 326 1703 367 inseramus
1733 323 1876 367 locum
1908 321 1934 364 9

358 395 579 444 linearum,
623 407 728 449 quae
771 407 883 435 nunc
923 407 963 448 p.
999 392 1134 434 319Α
1174 392 1347 450 legitur.
1393 394 1561 436 Etenim
1602 394 1726 436 Virili
1755 394 1936 436 Fortuna

356 467 685 507 commemorata
727 463 910 505 continuo
952 465 1070 519 sequi
1113 463 1236 506 debet
1277 465 1387 520 quod
1430 465 1480 507 de
1524 465 1704 507 Fortwna
1738 463 1935 507 Muliebri

355 535 533 578 dicitur:
569 535 612 575 τὸ
647 535 686 576 δὲ
718 538 789 581 τῆς
821 535 1061 584 γυναικείας
1095 534 1239 586 Τύχης
1274 535 1632 577 κατεσκευάσαντο
1667 535 1752 578 nri.
1775 533 1818 588 ¹).

417 680 549 722 319ss
592 679 678 731 περὶ
720 679 759 720 δὲ
793 678 915 721 Γαΐου
948 679 1147 731 Καίσαρος
1181 679 1345 734 ᾐδέσθην
1378 679 1428 722 ἂν
1460 680 1602 730 εἰπεῖν,
1635 681 1685 727 ὦς
1719 680 1786 722 ὑπ’
1818 681 1932 723 εὔτυ-

354 752 457 802 χίας
490 750 579 802 ἤρθη
614 750 813 800 μέγιστος
846 750 879 792 εἰ
913 751 970 800 μὴ
1003 752 1112 792 τοῦτ’
1145 750 1267 796 αὐτὸς
1303 750 1569 802 ἐμαρτύρησε.

412 821 528 863 Haec
559 820 775 863 Bruhnius
807 820 932 870 delet,
964 824 1013 862 ut
1045 822 1192 876 opinor
1223 823 1322 877 quia
1352 823 1397 863 in
1429 822 1620 877 proxime
1652 820 1930 877 praecedenti-

353 892 467 934 ti'ous
510 892 560 934 de
603 890 777 935 Caesare
815 896 959 933 actum
990 893 1075 933 iam
1109 893 1178 934 sit.
1214 891 1296 934 Sed
1330 893 1401 934 vix
1433 894 1487 934 iis
1519 906 1657 935 carere
1688 906 1928 948 possumne,

354 976 451 1004 nam
484 967 580 1018 apte
611 977 709 1004 cum
742 962 807 1004 his
837 963 1034 1018 iungitur
1065 977 1244 1018 sequens
1277 965 1461 1005 narratio
1494 964 1580 1005 ἐπεὶ
1615 965 1697 1015 γάρ
1730 963 1813 1006 κτέ.
1845 977 1929 1006 non

353 1047 451 1075 cum
479 1038 808 1076 commemorato
834 1032 1044 1075 Fortunae
1071 1033 1234 1089 templo
1259 1035 1303 1075 in
1331 1032 1519 1076 Caesaris
1545 1034 1680 1077 hortis
1697 1033 1928 1076 aedificato.

354 1104 413 1146 Ut
447 1108 587 1146 tamen
619 1105 843 1159 scrupulus
872 1103 946 1145 ille
978 1103 1168 1146 Bruhnio
1200 1106 1426 1156 eximatur,
1459 1119 1535 1160 pro
1562 1104 1603 1146 δέ
1624 1103 1820 1161 legamus
1846 1105 1928 1155 γάρ

349 1180 404 1225 et,
452 1189 503 1217 ne
551 1175 743 1230 deinceps
790 1175 896 1216 duae
944 1176 1176 1216 sententiae
1223 1175 1366 1217 eodem
1416 1175 1668 1218 claudantur
1708 1177 1846 1228 modo,
1884 1178 1928 1219 in

349 1245 692 1301 praecedentibus
720 1244 934 1287 deleamus
962 1245 1089 1287 verba
1118 1246 1167 1291 ὥς
1198 1245 1319 1291 αὐτὸς
1344 1246 1596 1298 ἐμαρτύρησε
1613 1247 1768 1301 quibus
1784 1245 1928 1289 nuUus

348 1316 479 1358 locus.

408 1386 567 1429 Statim
613 1388 828 1442 sequitur:
876 1387 962 1428 ἐπεὶ
1004 1387 1088 1436 γὰρ
1131 1387 1213 1428 ἀπὸ
1259 1387 1488 1438 Βρεντεσίου
1533 1389 1741 1436 Πομπήιον
1782 1389 1926 1430 διώκων

348 1459 491 1508 ἀνήρθη
527 1491 536 1500 .
557 1490 566 1499 .
586 1489 595 1500 .
616 1490 625 1501 .
659 1458 796 1500 Immo
827 1472 925 1500 vero
957 1459 1130 1510 ἀνήχθη,
1162 1458 1251 1499 vela
1281 1459 1420 1501 dedit..
1455 1458 1518 1502 Cf.
1553 1457 1586 1502 G
1619 1459 1843 1508 ἐτόλμησεν
1869 1460 1926 1506 εἷς

348 1530 517 1570 οἱκατιον
559 1530 695 1578 μικρὸν
740 1529 879 1578 ἐμβὰς
916 1561 924 1570 .
945 1562 953 1570 .
975 1560 983 1570 .
1005 1561 1014 1571 .
1049 1529 1292 1582 ἀναχθῆναι.
1337 1529 1432 1585 Ipsa
1472 1528 1711 1585 corruptela
1742 1531 1871 1573 verba
1902 1544 1926 1573 a

351 1599 537 1642 Bruhnio
570 1600 765 1642 damnata
793 1599 1000 1641 vindicat:
1034 1600 1175 1650 οὶνήρθη
1203 1601 1315 1642 enim
1343 1599 1468 1642 solito
1492 1602 1536 1642 in
1562 1600 1782 1644 Plutarchi
1805 1605 1925 1644 textu

351 1684 487 1712 errore
518 1674 668 1713 natum
700 1675 762 1712 est
793 1684 815 1712 e
846 1671 985 1713 vicino
1019 1670 1124 1723 ἤρθη.

413 1805 548 1849 3191)
594 1808 816 1863 Augustus
858 1806 954 1848 deos
995 1810 1188 1862 precatus
1219 1810 1282 1848 est
1314 1811 1363 1848 ut
1396 1808 1538 1862 nepoti
1569 1821 1646 1849 suo
1679 1807 1828 1850 darent
1859 1809 1927 1849 ἀν-

350 1877 481 1927 δρείαν
509 1878 583 1926 μὲν
613 1910 621 1920 .
641 1909 650 1919 .
671 1909 679 1919 .
700 1910 709 1920 .
739 1879 809 1925 την
843 1877 1076 1928 Σκιπίωνος,
1109 1879 1262 1920 εὔνοιαν
1295 1877 1336 1919 δὲ
1369 1878 1440 1924 την
1472 1878 1697 1929 Πομπηίου,
1726 1878 1858 1930 τύχην
1885 1878 1926 1920 δὲ

352 1949 423 1995 την
455 1948 616 1990 ἑαυτοῦ.

414 2018 491 2060 Pro
519 2017 685 2070 εὔνοιαν,
705 2018 816 2074 quod
833 2019 930 2061 hinc
947 2018 1146 2069 alienum,
1165 2019 1338 2061 fortasse
1354 2018 1583 2075 legendum
1601 2022 1665 2062 est
1681 2019 1924 2070 εὐλάβειαν.

412 2162 547 2204 32οΑ
578 2164 826 2214 Antonium,
855 2178 952 2206 cum
979 2166 1022 2206 in
1050 2163 1230 2206 ludendo
1258 2178 1423 2220 semper
1450 2166 1590 2208 victus
1617 2165 1668 2208 ab
1695 2165 1926 2210 Octaviano

348 2233 592 2284 discederet,
635 2238 678 2276 et
720 2234 816 2276 aliis
852 2236 992 2277 verbis
1027 2239 1074 2277 ut
1106 2234 1314 2277 desineret
1345 2237 1542 2278 monebat
1574 2238 1735 2279 amicus
1768 2237 1926 2280 divina-

348 2305 475 2346 tionis
515 2306 677 2361 peritus
718 2309 761 2347 et
802 2305 981 2361 denique
1012 2305 1099 2347 his:
1133 2306 1204 2347 ἐὰν
1238 2308 1294 2356 μη
1327 2307 1491 2357 μακρὰν
1525 2304 1583 2359 ἧς,
1616 2307 1829 2359 οἰχήσεται
1859 2324 1929 2356 με·

348 2375 526 2424 ταβοῖσα
561 2376 655 2426 πρὸς
691 2374 813 2417 αὐτόν
846 2380 939 2427 (tua
972 2375 1187 2428 Fortuna).

408 2445 546 2488 Immo
579 2460 678 2489 vero
711 2445 784 2498 ἵης.

409 2591 548 2634 3211)
589 2592 721 2634 Navis
762 2606 904 2635 recens
935 2593 1043 2635 facta
1074 2592 1379 2649 aliquantisper
1410 2595 1668 2650 requiescere
1700 2595 1823 2637 debet
1854 2593 1923 2642 ἕως

346 2662 385 2703 οἵ
412 2679 456 2703 τε
489 2662 626 2711 δεσμοὶ
662 2665 831 2714 κάτοχοι
866 2663 1063 2712 γένωνται
1098 2664 1165 2704 καὶ
1200 2665 1405 2711 συνήθειαν
1439 2665 1472 2707 οἱ
1505 2665 1663 2714 γόμφοι
1695 2665 1893 2715 λάβωσιν.

408 2733 491 2774 Pro
531 2733 737 2780 συνήθειαν
769 2734 942 2775 fortasse
974 2738 1085 2776 recte
1118 2734 1152 2775 B
1186 2734 1415 2784 συναφειαν
1447 2736 1637 2778 coniecit.
1679 2735 1774 2779 Non
1804 2735 1926 2778 dubi-

348 2806 497 2853 tarem,
528 2805 562 2844 si
596 2803 646 2845 de
678 2804 837 2855 tabulis,
871 2818 953 2846 non
986 2804 1036 2845 de
1068 2804 1193 2845 clavis
1226 2804 1292 2846 hic
1323 2808 1430 2847 esset
1461 2818 1613 2847 sermo.

397 2955 429 2992 l)
453 2954 645 2985 Sententiam
672 2954 722 2985 hic
745 2955 882 2985 mutavi:
907 2954 939 2985 in
965 2953 1047 2985 libro
1072 2954 1237 2985 vernaculo
1261 2954 1456 2986 contrarium
1480 2954 1604 2996 legitur.
