2002 3372
1067 245 1155 288 252

319 368 485 410 insania
526 367 637 408 hunc
667 367 758 422 egit
790 366 1010 408 hominem
1042 369 1091 408 ut
1121 368 1233 409 inter
1263 381 1307 409 se
1339 365 1614 409 confunderet
1644 365 1765 410 Decii
1795 379 1904 409 mor-

322 441 409 480 tem
453 442 495 480 et
539 468 548 479 .
570 468 608 479 ..
654 435 903 493 Peregrini?
950 435 1155 480 confudit
1204 443 1345 480 tamen
1389 441 1430 479 et
1472 438 1531 479 sic
1574 450 1742 479 omnem
1785 437 1905 480 nobis

321 508 479 550 ademit
517 507 763 550 facultatem
806 507 1000 549 credendi
1033 509 1270 564 genuinum
1302 508 1380 550 hoc
1412 521 1501 550 esse
1533 506 1752 550 Plutarchi
1783 521 1905 564 opus-

320 577 480 620 culum.
525 577 841 634 Quinquaginta
883 578 997 619 enim
1039 582 1133 634 post
1164 577 1385 620 Plutarchi
1417 581 1599 620 mortem
1630 579 1753 620 annis
1783 591 1827 620 se
1856 591 1904 620 ex

320 653 406 690 voto
449 649 705 705 Peregrinus
745 650 789 690 in
828 650 976 705 ignem
1018 649 1164 691 iniecit
1206 649 1436 700 ardentem,
1480 647 1591 704 quod
1633 650 1904 704 nequeunte

319 732 455 774 neque
487 723 581 774 post
611 718 738 761 illum
771 719 871 761 fecit
903 720 1142 774 quisquam.

383 789 573 839 „Uxores
614 789 726 845 apud
769 789 907 841 Indos,
950 803 1056 845 quae
1096 789 1268 845 quidem
1300 791 1477 832 maritos
1509 803 1607 832 euos
1638 791 1784 832 amant
1815 802 1904 844 pro-

320 861 480 915 baeque
512 863 624 910 sunt,
659 859 710 902 de
742 861 858 916 rogis
889 861 1001 902 inter
1031 874 1074 902 se
1101 864 1297 916 pugnant
1322 862 1581 915 certantque,
1609 872 1799 916 quaeque
1822 859 1905 901 vic-

320 931 475 973 toriam
507 932 741 986 reportavit
767 934 809 972 et
836 944 935 972 cum
962 931 1054 972 viro
1082 944 1159 972 suo
1185 934 1410 980 crematur,
1439 943 1533 972 eam
1559 927 1727 972 felicem
1753 932 1906 972 vocant

321 1000 526 1043 ceterae''.
895 1015 898 1017 ·

381 1071 495 1113 Mira
535 1071 604 1112 hic
636 1069 892 1113 declamator
923 1072 1064 1112 utitur
1096 1070 1399 1114 vocabulorum
1431 1074 1666 1114 structura:
1699 1070 1772 1119 τὴν
1803 1070 1906 1118 nami·

321 1157 455 1183 σασαν
491 1172 499 1183 .
521 1172 530 1183 .
550 1173 559 1183 .
593 1146 1020 1193 συγκαταφλεγῆναι.

384 1212 557 1267 „Neque
590 1213 816 1267 quisquam
848 1212 908 1254 ibi
942 1213 1199 1267 sapientium
1233 1212 1381 1254 beatus
1413 1211 1598 1267 felixque
1632 1210 1802 1254 videtur
1832 1211 1906 1266 qui

322 1297 403 1325 non
436 1283 576 1332 vivus,
610 1284 768 1324 mentis
795 1297 978 1338 compos,
1005 1296 1104 1325 sano
1131 1296 1315 1338 corpore,
1343 1283 1445 1338 igne
1471 1283 1658 1324 animam
1686 1295 1711 1324 a
1736 1294 1905 1336 corpore

323 1355 541 1408 separarit,
585 1367 802 1408 purusque
845 1353 1018 1395 excedat
1056 1367 1078 1395 e
1110 1367 1248 1404 carne,
1281 1356 1505 1408 postquam
1540 1352 1671 1394 abluit
1701 1350 1905 1408 quidquid

322 1423 503 1466 habebat
536 1423 758 1466 mortale''.

384 1493 654 1546 ἐκνιψάμενος
687 1494 731 1534 τὸ
766 1493 915 1541 θνητόν.
948 1493 1011 1536 En
1044 1494 1121 1536 hoc
1154 1498 1217 1535 est
1250 1492 1407 1536 Graece
1439 1492 1641 1535 scribere!

384 1564 480 1614 „An
523 1577 547 1605 a
589 1563 767 1613 divitiis,
811 1565 942 1620 regia,
985 1577 1085 1606 cena
1116 1565 1289 1619 opipara
1318 1562 1521 1618 lautaque
1553 1561 1807 1618 compellere
1839 1563 1904 1604 vis

321 1634 373 1676 ad
395 1647 538 1690 peram
567 1633 942 1689 mendicorumque
969 1631 1146 1689 panem?
1174 1633 1266 1676 Hoc
1292 1634 1477 1689 Diogeni
1494 1632 1727 1683 felicitatis,
1744 1631 1905 1676 Crateti

320 1703 480 1760 gloriae
522 1704 606 1745 fuit
647 1705 833 1747 initium.
876 1705 942 1745 An
985 1705 1099 1746 cruci
1142 1703 1287 1759 affigas
1330 1701 1508 1759 palove‘?
1549 1702 1658 1755 Quid
1695 1701 1905 1746 Theodori

319 1776 494 1817 interest
526 1778 670 1816 utrum
703 1775 826 1816 humi
857 1777 1071 1830 putrescat
1100 1788 1150 1816 an
1183 1788 1311 1830 supra
1343 1771 1557 1816 terram?''

382 1843 600 1895 Credatne,
629 1844 809 1895 obsecro,
839 1846 1064 1900 quisquam
1092 1845 1195 1887 talia
1222 1858 1246 1886 a
1272 1844 1502 1887 Plutarcho
1532 1844 1659 1886 scribi
1688 1841 1904 1900 potuisse?

381 1914 438 1956 Et
464 1918 620 1966 tamen,
650 1916 846 1970 quamvis
872 1914 1103 1957 absurdum
1131 1914 1209 1957 hoc
1235 1917 1363 1970 caput
1389 1916 1458 1965 sit,
1484 1914 1648 1970 aliquid
1665 1918 1777 1957 certe
1793 1913 1905 1970 quod

322 1986 500 2027 minime
543 1988 607 2027 est
648 1985 930 2041 spernendum
974 1986 1073 2027 hinc
1114 1988 1255 2040 potest
1294 1985 1496 2040 protrahi.
1529 1983 1718 2040 Scriptor
1747 1984 1816 2026 hic
1848 2008 1903 2016 —

321 2059 363 2098 et
395 2068 523 2110 quam
553 2056 723 2111 ineptus
755 2054 827 2097 ille
859 2056 916 2097 sit
947 2069 1058 2098 nunc
1090 2054 1263 2110 quidem
1295 2069 1379 2098 non
1411 2055 1538 2098 refert
1570 2079 1626 2086 -
1658 2055 1732 2110 qui
1756 2052 1904 2110 procul

321 2126 450 2168 dubio
491 2124 773 2168 Plutarchum
816 2140 859 2168 se
903 2139 992 2168 esse
1033 2127 1254 2176 mentitur,
1298 2139 1400 2182 ergo
1437 2124 1654 2181 aliquanto
1677 2128 1772 2178 post
1802 2123 1903 2166 Plu-

320 2196 517 2239 tarchum
549 2197 672 2246 vixit,
704 2210 803 2238 cum
837 2196 1123 2238 demonstrare
1156 2194 1252 2238 vult
1284 2209 1336 2238 ne
1367 2209 1535 2238 crucem
1566 2194 1739 2251 quidem
1768 2193 1905 2236 infeli-

321 2268 462 2309 citatis
503 2280 593 2308 esse
633 2280 803 2309 causam
848 2280 980 2322 posse,
1024 2265 1195 2308 nullum
1239 2267 1380 2321 aptius
1417 2265 1562 2308 afferre
1589 2267 1902 2321 argumentum

312 2340 461 2393 vpotest
503 2350 631 2392 quam
677 2337 838 2379 dictum
879 2335 989 2378 illud
1032 2340 1199 2392 agreste
1242 2341 1284 2378 et
1318 2350 1416 2379 vere
1448 2337 1648 2393 cynicum
1679 2334 1901 2378 Theodori.

321 2408 384 2450 Ne
425 2407 549 2450 fando
590 2407 762 2462 quidem
795 2407 1027 2462 quidquam
1060 2406 1272 2449 audivisse
1306 2407 1477 2449 videt-ur
1509 2406 1559 2449 de
1591 2404 1785 2448 fidelibus
1815 2404 1902 2447 illis

321 2479 395 2533 qui
425 2478 629 2533 Magistri
658 2479 724 2519 sui
758 2491 926 2519 crucem
958 2490 1172 2519 summam
1204 2479 1358 2533 putant
1388 2476 1572 2533 gloriam
1600 2489 1902 2531 summumque

321 2548 460 2590 decus.

381 2617 742 2661 Considerandum
775 2618 886 2660 hunc
917 2617 1059 2660 locum
1092 2616 1282 2672 relinquo
1314 2618 1418 2660 viris
1447 2616 1580 2659 doctis
1605 2618 1680 2671 qui
1708 2617 1902 2659 vetustis-

321 2690 451 2730 simae
484 2687 799 2731 Christianismi
831 2702 1003 2744 operam
1035 2688 1137 2730 dant
1166 2687 1382 2730 historiae.

380 2758 574 2813 Denique
616 2772 699 2813 quo
743 2757 897 2800 melius
940 2763 1139 2813 appareat
1182 2771 1204 2800 e
1237 2772 1320 2812 quo
1350 2770 1503 2813 genere
1535 2758 1791 2812 scriptorum
1819 2758 1901 2799 iste

321 2830 397 2870 sit:
432 2842 530 2870 cum
563 2828 698 2870 dicere
730 2828 848 2870 vult:
887 2828 1132 2878 „Vitiositas
1165 2842 1247 2870 non
1274 2828 1488 2870 latronum
1514 2840 1639 2882 opera
1665 2828 1805 2869 utitur
1828 2828 1901 2882 qui

322 2900 539 2941 hominem
582 2901 794 2955 excipiant
834 2902 878 2941 in
922 2901 1137 2941 montium
1170 2899 1426 2941 anfractibus
1456 2898 1643 2954 locisque
1674 2897 1787 2949 solis,
1819 2912 1899 2940 non
1968 2910 1970 2912 ’

321 2969 526 3024 grandine
559 2971 632 3025 qui
670 2973 804 3013 vastet
837 2969 1045 3025 segetes’',
1078 2971 1137 3012 sic
1169 2969 1369 3011 blaterat:
