2002 3372
860 285 947 328 569

22 379 49 437 ὲ·
99 402 319 468 {offisque
347 410 492 455 minus
523 410 708 467 turpiter
739 421 783 452 se
816 400 889 451 dat
921 407 1171 453 Cleanthes:
1204 410 1348 465 aperte
1380 407 1495 450 enim
1523 406 1606 449 sibi
1632 405 1705 448 ob-=

99 481 303 547 ¹Ru'fu‘sttu·
339 481 468 539 idque
508 482 801 525 narrationum
841 493 948 537 quae
980 493 1172 537 unquam
1205 483 1306 523 sunt
1337 478 1459 522 fictae
1491 478 1704 534 excogita·

51 572 53 574 ·
98 555 264 610 ‘usque
303 551 610 597 absurdissima
649 550 1042 608 insulsissimaque:
1086 553 1160 608 qui
1202 551 1318 594 enim
1360 551 1523 593 ratione
1564 561 1703 592 carere

50 619 57 662 s
110 623 314 669 mimalia
329 615 521 668 dixisset
549 622 669 667 ultro
700 626 921 679 tamquam
951 622 1145 666 oculatus
1172 623 1295 666 testis
1322 635 1366 665 se
1392 620 1549 664 vidisse
1574 619 1703 663 refert

109 695 314 740 firmicus
348 695 402 740 ab
444 693 528 739 alia
567 695 844 739 formicorum
885 698 1015 751 gente
1057 695 1164 737 civis
1196 692 1419 736 cuiusdam
1451 693 1520 736 sui
1551 705 1704 748 corpus

18 782 46 814 s·
107 758 260 812 ’verme
298 766 527 811 redemisse
567 764 674 821 (967
687 766 756 819 E).
799 765 911 810 Sunt
952 767 1125 809 omnino
1167 778 1444 822 quaecunque
1484 766 1706 808 venatores

44 883 52 898 „
110 831 342 899 piscatores
379 838 479 892 alii,
511 839 666 896 quibus
706 836 875 881 multus
917 840 983 881 est
1026 836 1280 880 animalium
1322 850 1439 888 usus,
1474 835 1525 879 de
1555 835 1709 878 amicisv
1761 849 1763 851 ·

51 923 53 925 ’
110 901 201 956 filib
232 911 330 954 ¹suis
370 921 541 954 narrare
582 909 719 954 solent
757 909 1020 953 incredibilia
1063 913 1107 952 et
1149 908 1343 960 absurda,
1385 907 1458 951 sed
1489 907 1603 964 quod
1635 907 1707 950 hic

82 1001 87 1008 ·
113 981 285 1027 Stoicus·
309 978 387 1026 ‘ifle
416 983 538 1026 nobis
569 981 762 1026 venditat
793 995 942 1025 revera
970 983 1169 1024 insanum
1200 980 1500 1036 insulsumque
1526 982 1603 1023 est.
1637 978 1706 1022 Sic

16 1070 20 1090 ι
113 1056 158 1098 et
185 1054 231 1097 in
262 1052 442 1122 Luciani
471 1052 760 1110 Philopseude
791 1055 888 1110 quis
921 1054 1191 1110 ineptissima
1221 1053 1493 1108 maximeque
1523 1050 1706 1108 puerilia

15 1143 21 1186 f
110 1124 274 1184 prefert
296 1122 535 1168 miracula?
560 1124 848 1182 Philosophus
874 1124 1055 1168 Stoicus.
1089 1123 1204 1182 Ergo
1230 1127 1274 1167 et
1298 1137 1349 1166 ex
1377 1123 1456 1166 hoc
1482 1121 1707 1165 Plutarchi

16 1189 19 1195 ’
48 1247 50 1251 ,
110 1194 223 1241 libro
244 1205 321 1240 'res
351 1196 558 1254 quaedam
590 1195 784 1248 efficitur,
817 1202 926 1253 quae
953 1195 1005 1239 ad
1033 1198 1168 1239 totam
1194 1194 1312 1238 illius
1339 1195 1547 1251 temporis
1570 1195 1707 1236 vitam

96 1266 271 1312 :lelius
300 1268 634 1326 cognoscendam
666 1269 891 1326 permagni
923 1271 987 1311 est
1019 1269 1241 1311 momenti.
1272 1266 1370 1310 Non
1402 1266 1493 1309 odit
1522 1263 1707 1322 philoso-

46 1375 50 1377 >
112 1332 267 1399 filliam
303 1339 491 1385 Stoicam
531 1339 803 1391 Plutarchus,
835 1335 975 1382 multa
1005 1340 1120 1383 enim
1155 1352 1288 1396 eaque
1318 1338 1577 1396 gravissima
1607 1350 1706 1380 cum

16 1442 18 1455 .
44 1413 48 1418 “
114 1411 367 1456 Academica
407 1411 538 1456 habet
578 1413 835 1463 communia,
879 1411 953 1454 sed
984 1411 1151 1455 Stoicos
1180 1410 1455 1468 philosophos
1483 1409 1593 1452 ferre
1623 1422 1707 1451 non

17 1484 19 1504 ³
44 1535 47 1537 ,
112 1485 268 1542 potest.
293 1482 359 1527 rBt
387 1497 466 1527 our
494 1497 575 1528 non
610 1484 746 1541 possit
775 1484 820 1526 in
852 1486 1056 1541 promptu
1088 1486 1151 1526 sst
1181 1483 1444 1526 coniectura:
1471 1495 1556 1538 quo
1584 1493 1709 1537 quae-

47 1564 50 1566 '
115 1559 202 1614 qud
228 1558 298 1600 est
323 1552 548 1614 disciplina
579 1557 766 1600 severior
796 1557 1056 1613 graviorque
1087 1569 1136 1598 eo
1167 1556 1310 1612 magis
1340 1555 1434 1598 iure
1466 1557 1610 1596 nostro
1637 1565 1708 1595 eos

115 1627 191 1686 qui
221 1626 475 1684 profitentur
503 1626 625 1671 illam
658 1641 906 1671 aversamur
937 1628 974 1670 si
1006 1641 1082 1670 sua
1111 1628 1195 1683 ipsi
1226 1629 1449 1684 praecepta
1477 1623 1709 1682 negligunt

115 1702 244 1756 atque
284 1712 334 1742 eo
375 1698 504 1742 modo
536 1699 694 1743 vivunt
724 1712 809 1756 quo
840 1704 928 1741 non'
954 1697 1190 1741 vivendum
1222 1711 1311 1740 esse
1341 1696 1526 1740 clamare
1558 1694 1708 1738 solent.

16 1798 18 1814 2
115 1769 382 1814 Documento
412 1782 516 1828 ergo
546 1770 616 1814 hic
646 1769 868 1813 Plutarchi
899 1769 1008 1813 liber
1033 1774 1096 1813 est
1123 1782 1231 1827 quae
1258 1773 1302 1813 et
1327 1767 1402 1812 alii
1427 1772 1470 1812 et
1496 1767 1710 1811 Lucianus

44 1870 45 1875 ,
114 1842 262 1899 turpia
280 1841 572 1900 'pudendaque
602 1841 654 1885 de
686 1841 842 1885 Stoicis
874 1841 1044 1884 tradant
1075 1855 1126 1884 ex
1157 1843 1251 1899 ipsa
1284 1842 1374 1884 vita
1405 1842 1579 1896 sumpta
1604 1832 1708 1882 esse.

122 1904 261 1957 *ffssed
299 1912 352 1958 de
392 1913 558 1957 ratione
599 1926 707 1971 quae
747 1915 860 1957 inter
902 1913 1184 1956 Plutarchum
1216 1917 1260 1956 et
1290 1912 1455 1956 Stoicos
1485 1910 1710 1955 intercedit

116 1983 216 2038 alio,
261 1995 412 2043 eoque,
459 1989 511 2031 ut
556 1987 720 2044 opinor,
762 1987 924 2043 aptiore
965 1985 1059 2029 loco
1100 1986 1340 2028 accuratius
1379 1984 1709 2041 disputabimus.-

45 2103 47 2106 Α
116 2056 329 2102 Nostrum·
364 2070 467 2102 vero
502 2057 679 2110 librum,
718 2059 918 2115 quamvis
951 2057 1049 2111 πρὸς
1081 2056 1274 2108 ἐπίδειξιν
1304 2060 1347 2101 et
1376 2058 1543 2115 ingenii
1573 2060 1710 2099 osten-

116 2128 236 2174 tandi
255 2129 406 2174 *eausa
442 2131 627 2188 scriptus
668 2130 879 2183 videatur,
925 2133 1070 2173 tamen
1110 2133 1255 2174 totum
1300 2133 1344 2173 et
1381 2132 1635 2186 conceptum
1667 2131 1710 2171 et

37 2194 49 2231 Ϊ
118 2201 406 2258 compositum
431 2215 521 2245 esse
547 2201 601 2245 ad
626 2201 793 2245 Stoicos
820 2201 1134 2259 redarguendos
1159 2201 1256 2245 luce
1282 2200 1439 2245 clarius
1465 2214 1517 2244 ex
1540 2200 1710 2243 ultimis

116 2265 211 2338 'eius
251 2277 428 2331 apparet
466 2273 621 2317 verbis.
669 2272 868 2317 Alterum
911 2275 1026 2316 enim
1066 2273 1179 2330 quod
1221 2274 1344 2317 nobis
1385 2274 1454 2316 hic
1486 2272 1712 2330 praebetur

42 2362 46 2363 ’
117 2341 380 2412 colloquium
422 2348 488 2388 est
528 2344 579 2388 de
621 2346 841 2402 questione
871 2349 1020 2388 utrum
1054 2347 1272 2389 terrestria
1303 2359 1355 2388 an
1388 2343 1595 2402 aquatilia
1627 2344 1710 2386 ani-

37 2448 43 2466 ,
118 2413 254 2459 malis*
279 2417 496 2474 sagaciora
527 2417 638 2470 sint;
670 2415 722 2459 de
755 2430 839 2473 qua
868 2420 1094 2474 postquam
1126 2419 1170 2460 in
1203 2421 1431 2474 utramque
1456 2419 1520 2460 est
1545 2419 1710 2473 partem

120 2485 403 2544 disputatum,
445 2487 616 2532 Soclaro
659 2488 920 2532 dirimendae
955 2487 1048 2531 litis
1079 2488 1207 2531 datur
1237 2489 1477 2532 arbitrium.
1524 2488 1581 2530 At
1611 2485 1710 2529 ille:

122 2557 403 2611 „iamdudum
434 2560 549 2603 iuter
578 2574 656 2603 nos
688 2570 776 2613 (me
807 2562 1052 2617 ceterosque
1083 2560 1297 2604 auditores
1329 2564 1372 2603 et
1402 2559 1582 2611 iudices)
1615 2573 1711 2602 con-

37 2628 43 2646 *
119 2631 344 2675 stituimus
371 2630 419 2674 id
450 2631 564 2688 quod
595 2631 708 2689 apud
739 2631 990 2689 Sophoclem
1021 2631 1211 2689 legitur'’
1244 2634 1327 2675 ait:

424 2716 547 2761 saepe
578 2717 630 2747 ex
662 2705 867 2761 oppositis
899 2709 999 2762 apta
1030 2719 1097 2748 res
1125 2706 1394 2762 componitur

123 2774 189 2827 „si
217 2775 334 2819 euim
367 2788 475 2831 quae
504 2776 556 2819 ab
587 2779 769 2832 utraque
800 2780 919 2833 parte
951 2776 1063 2820 dicta
1095 2780 1195 2820 sunt
1225 2777 1543 2827 coniunxerstis,
1577 2776 1712 2819 unitis

118 2844 287 2890 viribus
312 2845 576 2903 splendidam
604 2848 876 2904 reportabitis
900 2849 1127 2892 victoriam
1154 2848 1205 2892 de
1231 2847 1318 2890 illis
1345 2847 1610 2905 philosophis
1637 2848 1712 2904 qui

118 2918 285 2961 ratione
314 2921 359 2961 et
389 2922 533 2962 mente
565 2918 767 2962 animalia
799 2918 1068 2977 privarunt.”

119 2995 124 3008 ‘
147 3005 150 3018 ss
178 2988 294 3034 Nam
322 2989 437 3034 cordi
461 2990 564 3034 haec
590 2992 782 3048 quaestio
808 2990 1040 3035 Plutarcho
1067 2995 1145 3042 est,
1172 2993 1273 3049 quia
1298 2994 1343 3035 et
1365 2992 1456 3049 ipse
1483 2990 1712 3048 prudenter

38 3102 40 3107 .
117 3060 295 3118 quidem
329 3061 410 3105 sed'
430 3065 521 3106 toto
552 3066 720 3121 pectore
752 3061 953 3106 animalia
985 3071 1100 3107 amat
1132 3077 1270 3120 neque
1299 3063 1409 3107 ferre
1436 3067 1577 3120 potest
1603 3063 1710 3108 dura
1797 3092 1799 3094 f
