2002 3372
902 229 989 274 327

150 357 304 412 stagna
343 353 550 411 quaedam
592 357 635 396 et
675 352 852 410 paludes
895 354 1074 396 vivunt:
1108 353 1266 411 populo
1299 355 1414 396 enim
1446 353 1511 395 dis
1542 354 1745 410 acceptis-

151 427 264 469 simo
289 424 534 469 libertatem
561 423 720 467 dedit''.
753 423 875 477 Quod
899 424 1111 467 iudicium
1137 427 1252 468 iusto
1279 424 1454 481 quidem
1471 423 1742 475 clementius,

150 500 288 554 atque>
319 496 424 540 adeo
464 495 668 552 cupidum
709 495 830 538 nobis
867 495 1005 538 videri
1048 498 1194 553 possit,
1227 496 1461 540 absurdum
1492 495 1631 539 videri
1662 511 1746 538 non

150 569 300 626 possit,
347 567 557 625 Equidem
603 568 751 610 mirari
796 568 900 609 satis
942 581 1026 610 non
1067 582 1243 624 possum
1288 568 1586 611 doctissimum
1616 567 1746 610 illum

149 641 534 696 acutissimamque
564 639 710 682 virum
742 637 984 681 Hirzelium
1011 639 1208 680 ludicrum
1233 638 1346 682 illud
1372 653 1534 682 vocare.
1570 640 1636 681 An
1662 653 1745 681 non

149 726 202 755 ex
244 712 378 755 animi
419 710 630 754 sententia
660 713 854 766 paratam
886 709 1039 752 habeat
1070 711 1240 753 veniam
1272 710 1532 753 Plutarchus
1562 714 1746 768 tyranno

149 784 224 840 qui
264 782 588 826 dilectissimam
629 782 979 836 carissimamque
1011 781 1093 824 sibi
1126 780 1348 824 Graeciam
1381 781 1594 838 praeclaro
1622 781 1746 824 liber-

148 854 252 897 tatis
277 853 500 897 donaverit
525 851 726 896 munere?
753 853 820 895 An
846 851 993 895 ludere
1019 856 1062 895 et
1088 854 1218 896 iocari
1240 853 1413 897 videtur
1437 868 1536 896 cum
1554 853 1745 897 divinam

147 924 270 969 illam
301 938 450 969 vocem
481 926 542 968 sic
571 923 738 967 inducit
769 925 1117 967 ratiocinantem:

207 993 259 1040 ὦν
300 996 378 1048 μὲν
408 996 495 1049 γὰρ
529 996 691 1046 ἠδίκησε
724 994 938 1038 δεδωκέναι
972 995 1112 1043 δίκαις·
1147 995 1387 1050 ὀφείλεσθαι
1422 993 1465 1038 δέ
1496 1012 1534 1038 ’τι
1567 995 1746 1048 χρηστὸν

147 1069 274 1122 αὐτῷ,
319 1066 380 1112 ὅτι
423 1072 500 1110 τῶν
545 1066 730 1116 ὑπηκόων
773 1066 820 1109 τὸ
861 1066 1168 1118 βέλτιστον
1200 1068 1269 1109 καὶ
1305 1067 1745 1121 θεοφιλέστατον

146 1138 266 1192 γένος
299 1139 558 1194 ἠλευθέρωσε,

146 1213 230 1255 nisi
259 1212 369 1256 forte
400 1212 479 1256 hoc
511 1212 679 1255 obstitit
709 1212 939 1268 quominus
971 1225 1120 1255 veram
1146 1225 1295 1254 eorum
1323 1211 1627 1254 vocabulorum
1656 1227 1746 1269 per-

145 1285 328 1340 spiceret
359 1285 451 1327 vim
483 1282 701 1326 Hirzelius
738 1282 852 1339 quod
886 1281 1270 1339 languidissimum
1302 1283 1369 1325 his
1399 1283 1744 1340 putidissimum-

145 1369 228 1413 que
259 1354 471 1398 emblema
507 1356 580 1403 τὴν
619 1354 809 1397 Ἐλλάδα
846 1352 1101 1397 addiicitur?
1143 1354 1255 1397 Nam
1298 1369 1348 1397 eo
1389 1355 1552 1398 abiecto
1599 1357 1742 1412 ipsum

145 1426 346 1470 audimus
400 1425 685 1469 Plutarchum
751 1439 880 1482 quam
936 1427 1126 1468 maxima
1184 1425 1471 1469 declarantem
1526 1429 1743 1483 gravitate

145 1497 258 1556 quod
301 1499 388 1555 ipsi
428 1499 487 1540 sit
526 1498 916 1554 persuasissimum.
961 1496 1066 1540 Vere
1109 1497 1351 1554 praeclarus
1384 1513 1485 1542 vero
1517 1498 1636 1541 locus
1667 1499 1743 1542 ille

145 1570 220 1613 ubi
263 1568 422 1614 vividis
462 1569 585 1612 nobis
627 1567 839 1611 coloribus
881 1568 1123 1612 dirissimus
1163 1570 1399 1626 impiorum
1441 1569 1555 1627 apud
1585 1570 1743 1613 inferos

144 1641 395 1699 depingitur
425 1641 640 1683 cruciatus
671 1639 746 1683 ille
771 1639 870 1683 inde
898 1644 1024 1683 natus
1051 1640 1179 1697 quod,
1207 1655 1306 1684 cum
1333 1642 1414 1684 sibi
1439 1643 1526 1684 iam
1554 1641 1743 1685 defuncti

145 1711 346 1756 videntur
376 1710 607 1764 doloribus,
639 1713 685 1754 in
718 1713 951 1768 pristinum
982 1711 1235 1755 relabuntur
1264 1712 1442 1765 malum,
1470 1727 1605 1770 usque
1631 1724 1742 1758 novo

144 1784 362 1828 exoriente
402 1786 613 1841 prognato
656 1784 731 1840 qui
767 1797 922 1840 poenas
953 1783 1117 1827 dederit
1148 1799 1297 1828 eorum
1329 1799 1437 1842 quae
1470 1785 1743 1843 deliquerunt

142 1853 226 1908 illi,
258 1854 374 1913 quod
404 1853 572 1898 malum
604 1869 774 1912 semper
802 1855 899 1898 ideo
929 1855 978 1898 fit
1010 1858 1193 1908 saevius,
1227 1858 1327 1913 quia
1358 1859 1434 1914 qui
1465 1858 1525 1900 sic
1552 1857 1743 1914 plectun-

143 1931 217 1971 tur
254 1927 345 1970 iam
385 1930 510 1970 notos
549 1925 708 1970 habent
751 1926 914 1970 dolores
944 1926 1056 1979 illos,
1089 1929 1164 1984 qui
1196 1927 1335 1972 denuo
1368 1929 1450 1971 sibi
1481 1930 1567 1971 sint
1597 1943 1742 1986 perpe-

143 1997 293 2042 tiendi.
341 1997 590 2042 Praeclarus
631 1996 708 2041 ille
749 1997 867 2041 locus
909 2003 973 2041 est
1015 2000 1217 2052 oratione,
1259 1999 1347 2052 sed,
1389 2001 1425 2042 si
1463 2000 1555 2043 fieri
1587 2005 1741 2057 potest,

143 2070 286 2127 magis
316 2070 448 2113 etiam
475 2073 744 2126 argumento,
772 2083 871 2112 nam
899 2071 958 2113 sic
985 2069 1217 2113 admodum
1244 2070 1522 2127 probabiliter
1549 2073 1741 2128 quaestio

142 2139 219 2185 illa
244 2139 429 2184 solvitur
454 2153 563 2197 quae
588 2140 703 2183 haud
731 2141 890 2184 iniuria
915 2155 1040 2198 saepe
1070 2141 1265 2185 homines
1292 2146 1488 2199 torqueat
1509 2147 1740 2199 vexetque:

143 2226 252 2270 quae
292 2213 351 2256 sit
390 2213 560 2255 iustitia
601 2211 677 2255 illa
719 2212 831 2269 quod
871 2227 994 2269 saepe
1037 2215 1226 2257 insontes
1267 2214 1393 2257 liberi
1434 2229 1510 2271 pro
1549 2215 1742 2258 sontibus

143 2284 378 2342 puniantur
402 2283 663 2340 parentibus.
692 2282 904 2340 Equidem
930 2286 976 2327 in
1002 2283 1127 2338 libro,
1151 2287 1274 2328 cuius
1295 2286 1374 2328 hoc
1392 2287 1449 2328 sit
1463 2287 1742 2343 praecipuum

143 2358 467 2413 argumentum,
499 2368 683 2411 usquam
713 2353 867 2399 lusisse
898 2359 942 2398 et
973 2357 1163 2400 iocatum
1195 2371 1284 2400 esse
1311 2356 1597 2400 Plutarchum
1626 2357 1741 2400 haud

143 2426 410 2477 crediderim,
443 2426 623 2469 minime
655 2440 755 2470 vero
787 2440 835 2470 eo
866 2426 967 2470 libri
998 2427 1091 2471 loco
1124 2428 1200 2471 ubi
1232 2428 1283 2471 de
1314 2430 1476 2486 patriae
1509 2443 1625 2481 suae,
1659 2442 1742 2486 qua

144 2497 257 2542 nihil
287 2511 479 2554 unquam
511 2500 552 2541 ei
582 2499 722 2541 carius
753 2498 851 2550 fuit,
885 2503 1000 2543 sorte
1032 2501 1137 2557 agit.

203 2571 347 2626 Atque
385 2570 514 2612 etiam
548 2568 648 2611 alibi
683 2571 936 2625 compositio
970 2571 1273 2628 dispositioque
1303 2571 1402 2616 libri
1436 2571 1549 2615 haud
1582 2573 1741 2614 iniuria

143 2640 395 2699 reprehendi
423 2642 572 2697 possit.
601 2640 672 2684 Sic
698 2666 754 2674 —-
782 2641 826 2684 id
854 2642 968 2698 quod
995 2644 1082 2686 iam
1109 2645 1277 2687 notavit
1294 2642 1655 2701 Wyttenbachius
1684 2667 1740 2676 --

143 2726 252 2770 quae
291 2726 327 2756 c.
359 2711 483 2755 XVII
524 2712 800 2769 proferuntur
839 2713 1048 2770 exempla,
1088 2714 1190 2757 licet
1232 2728 1337 2765 rem,
1381 2714 1432 2757 de
1465 2728 1548 2770 qua
1580 2716 1739 2771 agitur,

144 2785 278 2828 animi
316 2783 657 2835 immortalitem,
693 2787 760 2827 sat
790 2784 896 2828 bene
927 2784 1158 2837 illustrent,
1191 2801 1275 2829 non
1306 2785 1351 2828 id
1383 2786 1505 2828 nobis
1537 2786 1741 2828 exhibent

144 2854 258 2912 quod
287 2856 551 2911 promissum
584 2858 670 2898 est:
704 2854 869 2898 dixerat
899 2855 1159 2899 Plutarchus
1191 2856 1366 2899 recentia
1400 2871 1443 2900 se
1481 2870 1741 2900 commemo-

143 2929 342 2970 raturum
386 2924 604 2983 exempla,
647 2929 692 2969 at
735 2926 838 2970 haec
880 2928 1023 2970 omnia
1055 2941 1106 2970 ex
1138 2930 1302 2971 remota
1333 2931 1434 2971 sunt
1466 2929 1602 2984 petita
1633 2929 1741 2971 anti-

145 2998 324 3055 quitate.
