2002 3372
911 284 995 328 341

155 406 370 451 declarans
411 407 592 452 Aridaeo
632 408 715 450 sibi
746 421 901 451 nomen
936 422 1038 460 esse,
1073 409 1184 465 quod
1218 404 1400 452 minime
1434 412 1565 466 negat
1597 411 1752 467 genius

154 480 228 537 qui
248 493 370 534 Υ611111
412 478 530 523 ducit
571 493 646 536 per
686 479 869 523 inferos:
904 480 1166 531 „hactenus”
1200 482 1318 524 enim
1353 480 1592 532 „Aridaeus
1624 496 1748 524 voca-

153 549 279 593 bare’'
319 551 381 593 ait
424 554 498 602 „at
538 552 584 593 in
626 554 847 607 posterum
887 550 1118 608 Thespesio
1161 552 1241 595 tibi
1282 553 1364 596 erit
1407 551 1609 595 nomen”.
1666 552 1750 595 Res

152 622 360 680 618ον616
397 634 445 665 66
483 621 636 665 habet:
679 635 832 666 verum
876 623 960 666 viri
1001 637 1156 667 nomen
1198 623 1405 667 Aridaeus
1437 628 1552 676 erat;
1596 638 1750 667 nomen

151 705 300 736 omen:
333 694 430 749 quis
461 694 577 737 enim
609 707 691 736 non
722 694 847 736 novit
877 693 1114 737 Aridaeum
1141 694 1269 738 illum
1303 699 1539 753 tyrannum
1573 694 1750 740 Cilicem

151 765 227 821 qui
267 764 380 822 apud
420 763 648 808 Platonem
690 766 734 807 in
778 764 822 807 X
861 765 966 822 Rep.
1000 768 1155 809 merito
1190 767 1302 810 diras
1333 766 1417 810 luit
1448 766 1635 824 poenas?
1667 767 1751 810 Sed

148 837 303 894 genius
333 834 408 880 ille
437 849 600 894 gnarus
631 839 844 894 quantum
878 838 917 880 ei
950 837 1030 880 hoc
1063 851 1139 894 per
1169 838 1327 882 inferos
1357 840 1441 882 iter
1472 840 1527 881 sit
1560 839 1750 895 profutu-

148 893 260 960 rum,
293 907 406 965 quod
431 909 472 950 ei
499 907 678 952 deorum
704 910 910 952 concessit
936 908 1194 966 benignitas,
1222 911 1310 952 iam
1333 925 1446 953 nunc
1471 925 1570 954 eum
1596 912 1749 968 „pium

148 977 411 1036 deorumque
437 978 736 1023 metuentem”
763 979 964 1038 appellat,
992 995 1075 1038 quo
1101 983 1273 1025 nomine
1298 996 1351 1025 ne
1374 984 1557 1040 cogitari
1574 983 1746 1040 quidem

146 1052 289 1107 potest
319 1049 438 1094 aliud
467 1052 608 1108 magis
642 1053 888 1108 oppositum
923 1052 1093 1096 funesto
1125 1051 1193 1096 illi
1222 1053 1394 1096 Aridaei
1422 1055 1600 1098 nomini.
1633 1053 1747 1111 Ergo

146 1120 216 1165 hic
257 1135 334 1178 pro
375 1121 394 1165 ὅ
439 1122 594 1170 Σολεὺς
638 1123 866 1171 Θεσπέσιος
908 1123 1094 1168 rescribo
1137 1125 1154 1166 ὁ
1204 1124 1360 1172 Σολεὺς
1393 1126 1611 1178 Ἀριδαῖος,
1646 1140 1746 1169 nam

146 1192 296 1250 quidni
327 1193 428 1237 huic
459 1207 627 1251 quoque
659 1193 786 1239 Cilici
815 1194 926 1240 illud
958 1210 1115 1239 nomen
1147 1195 1307 1239 fuerit?
1348 1196 1494 1240 Multo
1526 1199 1642 1240 enim
1674 1212 1746 1241 ve-

144 1262 371 1308 risimilius
411 1263 462 1308 de
504 1279 625 1309 more
665 1265 828 1324 aliquid
869 1267 940 1310 hic
982 1266 1211 1324 deliquisse
1252 1267 1434 1312 sciolum
1465 1267 1653 1326 aliquem
1688 1294 1743 1301 —

143 1349 245 1379 nam
278 1335 511 1380 admodum
542 1337 739 1394 frequens
769 1352 858 1382 esse
890 1339 1008 1382 istud
1035 1343 1407 1396 praematurorum
1434 1339 1744 1384 emblematum

143 1421 282 1464 genua
323 1412 367 1451 61
407 1408 482 1452 alii
519 1408 866 1453 demonstrarunt
908 1414 951 1453 et
982 1425 1062 1468 ego
1093 1413 1140 1454 in
1171 1411 1316 1456 libello
1349 1414 1397 1455 de
1427 1412 1667 1456 emblematis
1699 1413 1743 1455 in

144 1479 334 1523 Plato'm‘e
376 1483 486 1523 beatu
527 1481 653 1524 obviis
686 1506 743 1515 —
776 1496 906 1539 quam
948 1483 994 1526 id
1036 1483 1149 1539 quod
1180 1485 1354 1527 coniicit
1384 1484 1742 1542 Wyttenbachius

141 1552 287 1608 ipsum
329 1550 612 1596 Plutarchum
653 1553 723 1597 hic
766 1555 958 1598 omisisse
990 1553 1167 1616 aliquid,
1200 1569 1308 1612 quae
1339 1555 1603 1600 incredibilis
1632 1557 1742 1600 foret

141 1621 423 1681 negligentia.
1511 1627 1515 1633 '

148 1785 150 1788 ’
203 1768 342 1814 5631)
384 1769 573 1828 Rogavit
612 1770 687 1815 ille
729 1771 937 1816 Aridaeus
979 1773 1108 1816 deum
1152 1775 1187 1817 εἲ
1230 1774 1396 1825 βέλτιον
1439 1776 1639 1827 βιώσεται
1671 1777 1739 1820 τὸν

141 1841 350 1885 ἐπίλοιπον
376 1841 482 1893 βίον.
516 1841 571 1885 Et
597 1843 814 1900 respondit
839 1843 915 1888 ille
939 1843 999 1888 ὅτι
1029 1843 1177 1897 πράξει
1205 1845 1386 1898 βέλτιον,
1415 1844 1515 1888 ὅταν
1541 1847 1737 1900 ἀποθάνῃ.

199 1912 265 1956 Ex
296 1915 640 1971 ingeniosissima
672 1914 994 1974 Wyttenbachii
1027 1918 1270 1961 coniectura
1302 1918 1432 1962 verba
1464 1918 1664 1969 βιώσεται
1696 1925 1738 1962 et

139 1983 285 2038 πράξει
317 1984 461 2029 10611111
493 1986 606 2029 111161·
636 2000 680 2029 66
712 1991 881 2031 mutare
912 1988 1089 2032 debent:
1123 2003 1277 2048 avarus
1306 1991 1401 2042 iste,
1432 1990 1483 2033 de
1509 1989 1628 2034 nulla
1655 1990 1739 2034 alia

138 2070 185 2101 re
209 2055 422 2100 sollicitus
449 2071 580 2114 quam
607 2057 658 2101 de
686 2058 850 2102 divitiis
876 2060 1188 2117 recuperandis,
1218 2061 1346 2104 deum
1373 2065 1500 2119 rogat
1528 2063 1563 2105 εἰ
1590 2063 1735 2115 πράξει

137 2129 319 2187 βέλτιον,
350 2129 588 2173 maioresne
620 2143 750 2187 quam
782 2145 895 2174 nunc
928 2133 985 2174 sit
1015 2131 1246 2189 aliquando
1278 2133 1506 2176 habiturus
1534 2148 1647 2191 opes.
1681 2134 1738 2176 Et

137 2199 362 2258 respondet
403 2200 507 2244 deus
549 2215 651 2245 eum
692 2201 848 2246 melius
889 2203 1087 2246 victurum
1126 2209 1355 2261 postquam
1389 2205 1590 2258 occiderit,
1625 2206 1737 2263 quod

137 2271 180 2315 61
218 2270 537 2329 lepidissimum
580 2277 644 2316 est
684 2273 885 2327 ὄξύμωρον
927 2279 968 2319 61
1013 2277 1325 2333 sapientissime
1366 2276 1554 2320 dictum:
1587 2291 1736 2321 revera

138 2344 252 2387 enim
285 2349 381 2401 post
411 2348 596 2387 mortem
623 2344 747 2388 illam
778 2345 935 2390 melius
967 2347 1071 2390 vixit
1102 2349 1183 2391 1616
1210 2349 1352 2400 1101110,
1380 2349 1431 2391 ab
1457 2349 1592 2406 impio
1620 2350 1734 2392 enim

136 2415 296 2472 probus
326 2416 508 2472 piusque
540 2419 631 2460 erat
661 2416 813 2461 factus.

199 2550 335 2595 563E
377 2551 651 2596 Mirabantur
690 2554 863 2598 Aridaei
906 2557 1033 2598 amici
1067 2556 1255 2599 subitam
1288 2555 1412 2600 illam
1445 2558 1536 2600 eius
1569 2558 1615 2600 in
1648 2571 1734 2601 me·

135 2622 222 2667 lius
254 2625 541 2668 mutationem
573 2639 708 2682 neque
741 2629 900 2669 temere
932 2641 1026 2670 eam
1059 2627 1216 2671 factam
1249 2629 1589 2672 arbitrabantur:

171 2692 292 2747 ’ὅπερ
326 2693 371 2745 ἦν
403 2694 568 2748 ἀληθές,
601 2698 651 2743 ὦς
684 2698 807 2745 αὐτὸς
842 2697 1039 2750 διηγεῖτο.

198 2765 383 2819 „Malim
421 2768 555 2811 eiecto
598 2768 650 2816 ὦς
693 2770 952 2813 sententiam
982 2771 1044 2814 ita
1075 2772 1277 2828 accipere,
1312 2773 1434 2828 quasi
1465 2771 1622 2815 dixerit
1655 2771 1733 2820 διη-

135 2843 254 2889 γεῖτο
295 2838 436 2885 αὐτοῖς
479 2841 621 2881 πᾶσαν
665 2839 737 2888 τὴν
781 2841 991 2893 ἀλήθειαν,
1035 2844 1086 2884 111
1118 2841 1256 2885 solent
1288 2840 1465 2887 Graeci:
1501 2858 1580 2885 rem
1612 2847 1730 2886 totam

134 2909 238 2964 ipsis
261 2909 474 2952 narravit’'
503 2914 678 2954 annotat
704 2909 771 2953 W.
801 2910 994 2956 Fortasse
1021 2916 1147 2965 recte,
1176 2913 1408 2958 dummodo
1430 2914 1471 2958 δέ
1494 2915 1731 2959 inseramus

134 2983 230 3037 post
263 2977 374 3034 ὅπερ.
