<?xml version="1.0" encoding="UTF-8"?>
<!DOCTYPE html PUBLIC "-//W3C//DTD XHTML 1.0 Transitional//EN"
    "http://www.w3.org/TR/xhtml1/DTD/xhtml1-transitional.dtd">
<html xmlns="http://www.w3.org/1999/xhtml" xml:lang="en" lang="en">
 <head>
  <title>
</title>
<meta http-equiv="Content-Type" content="text/html;charset=utf-8" />
  <meta name='ocr-system' content='tesseract 3.04.00' />
  <meta name='ocr-capabilities' content='ocr_page ocr_carea ocr_par ocr_line ocrx_word'/>
</head>
<body>
  <div class='ocr_page' id='page_1' title='image "./deplutarchoscrip00hartuoft_0207.png"; bbox 0 0 2002 3372; ppageno 0'>
   <div class='ocr_carea' id='block_1_1' title="bbox 878 187 963 231">
    <p class='ocr_par' dir='ltr' id='par_1_1' title="bbox 878 187 963 231">
     <span class='ocr_line' id='line_1_1' title="bbox 878 187 963 231; baseline 0 0"><span class='ocrx_word' id='word_1_1' title='bbox 878 187 963 231; x_wconf 86' lang='lat'>191</span> 
     </span>
    </p>
   </div>
   <div class='ocr_carea' id='block_1_2' title="bbox 51 303 1718 446">
    <p class='ocr_par' dir='ltr' id='par_1_2' title="bbox 51 303 1718 446">
     <span class='ocr_line' id='line_1_2' title="bbox 115 303 1718 374; baseline -0.007 -14"><span class='ocrx_word' id='word_1_2' title='bbox 115 314 312 374; x_wconf 76' lang='lat' dir='ltr'>legendo.</span> <span class='ocrx_word' id='word_1_3' title='bbox 343 313 526 371; x_wconf 77' lang='lat' dir='ltr'>Scripsit</span> <span class='ocrx_word' id='word_1_4' title='bbox 557 314 608 355; x_wconf 91' lang='lat' dir='ltr'>ut</span> <span class='ocrx_word' id='word_1_5' title='bbox 638 312 786 369; x_wconf 89' lang='lat' dir='ltr'>opinor</span> <span class='ocrx_word' id='word_1_6' title='bbox 811 309 1096 354; x_wconf 78' lang='lat' dir='ltr'><strong>Plutarchus:</strong></span> <span class='ocrx_word' id='word_1_7' title='bbox 1129 309 1406 362; x_wconf 70' lang='grc' dir='ltr'><em>ἀναφωνήσας</em></span> <span class='ocrx_word' id='word_1_8' title='bbox 1444 340 1454 351; x_wconf 93' lang='grc'><em>.</em></span> <span class='ocrx_word' id='word_1_9' title='bbox 1476 339 1484 350; x_wconf 95' lang='grc'><em>.</em></span> <span class='ocrx_word' id='word_1_10' title='bbox 1505 339 1515 350; x_wconf 91' lang='grc'><em>.</em></span> <span class='ocrx_word' id='word_1_11' title='bbox 1536 339 1545 350; x_wconf 96' lang='grc'><em>.</em></span> <span class='ocrx_word' id='word_1_12' title='bbox 1581 303 1718 349; x_wconf 77' lang='grc' dir='ltr'><em>εἶπενε</em></span> 
     </span>
     <span class='ocr_line' id='line_1_3' title="bbox 51 381 1074 446; baseline -0.006 -16"><span class='ocrx_word' id='word_1_13' title='bbox 51 428 53 430; x_wconf 82' lang='grc'><em>.</em></span> <span class='ocrx_word' id='word_1_14' title='bbox 79 443 82 445; x_wconf 27' lang='grc'>-</span> <span class='ocrx_word' id='word_1_15' title='bbox 120 400 309 446; x_wconf 77' lang='lat' dir='ltr'>„magna</span> <span class='ocrx_word' id='word_1_16' title='bbox 341 399 443 430; x_wconf 84' lang='lat' dir='ltr'>voce</span> <span class='ocrx_word' id='word_1_17' title='bbox 475 382 718 429; x_wconf 79' lang='lat' dir='ltr'><strong>exclamans</strong></span> <span class='ocrx_word' id='word_1_18' title='bbox 752 414 762 427; x_wconf 88' lang='lat'><strong>.</strong></span> <span class='ocrx_word' id='word_1_19' title='bbox 783 415 793 426; x_wconf 92' lang='lat'><strong>.</strong></span> <span class='ocrx_word' id='word_1_20' title='bbox 815 414 854 425; x_wconf 92' lang='lat'>..</span> <span class='ocrx_word' id='word_1_21' title='bbox 886 381 1074 439; x_wconf 85' lang='lat' dir='ltr'>inquit”.</span> 
     </span>
    </p>
   </div>
   <div class='ocr_carea' id='block_1_3' title="bbox 121 524 1723 654">
    <p class='ocr_par' dir='ltr' id='par_1_3' title="bbox 121 524 1723 654">
     <span class='ocr_line' id='line_1_4' title="bbox 181 524 1723 586; baseline -0.007 -8"><span class='ocrx_word' id='word_1_22' title='bbox 181 532 319 577; x_wconf 78' lang='lat' dir='ltr'>411ss</span> <span class='ocrx_word' id='word_1_23' title='bbox 358 533 498 577; x_wconf 70' lang='lat' dir='ltr'>Acuta</span> <span class='ocrx_word' id='word_1_24' title='bbox 537 531 662 574; x_wconf 81' lang='lat' dir='ltr'><strong>Bern.</strong></span> <span class='ocrx_word' id='word_1_25' title='bbox 705 544 756 574; x_wconf 82' lang='lat' dir='ltr'>ex</span> <span class='ocrx_word' id='word_1_26' title='bbox 786 531 932 586; x_wconf 83' lang='lat' dir='ltr'>inepto</span> <span class='ocrx_word' id='word_1_27' title='bbox 971 529 1043 578; x_wconf 66' lang='grc' dir='ltr'><em>τὴν</em></span> <span class='ocrx_word' id='word_1_28' title='bbox 1078 527 1323 582; x_wconf 72' lang='grc' dir='ltr'><em>ἀλαζονείαν</em></span> <span class='ocrx_word' id='word_1_29' title='bbox 1358 529 1427 570; x_wconf 83' lang='grc' dir='ltr'><em>τοῦ</em></span> <span class='ocrx_word' id='word_1_30' title='bbox 1463 524 1589 577; x_wconf 71' lang='grc' dir='ltr'><em>λόγου</em></span> <span class='ocrx_word' id='word_1_31' title='bbox 1625 525 1723 568; x_wconf 80' lang='grc' dir='ltr'><em>διε-</em></span> 
     </span>
     <span class='ocr_line' id='line_1_5' title="bbox 121 601 1130 654; baseline -0.007 -4"><span class='ocrx_word' id='word_1_32' title='bbox 121 605 342 650; x_wconf 70' lang='grc' dir='ltr'><em>λίττειν</em></span> <span class='ocrx_word' id='word_1_33' title='bbox 373 604 499 648; x_wconf 79' lang='lat' dir='ltr'>fecit:</span> <span class='ocrx_word' id='word_1_34' title='bbox 533 618 572 646; x_wconf 92' lang='grc' dir='ltr'><em>τ.</em></span> <span class='ocrx_word' id='word_1_35' title='bbox 591 603 634 646; x_wconf 76' lang='grc' dir='ltr'>οὶ.</span> <span class='ocrx_word' id='word_1_36' title='bbox 653 611 752 647; x_wconf 91' lang='grc' dir='ltr'><em>τ.λ.</em></span> <span class='ocrx_word' id='word_1_37' title='bbox 787 601 1130 654; x_wconf 75' lang='grc' dir='ltr'>διελέγχειν.</span> 
     </span>
    </p>
   </div>
   <div class='ocr_carea' id='block_1_4' title="bbox 118 734 1726 1085">
    <p class='ocr_par' dir='ltr' id='par_1_4' title="bbox 118 734 1723 942">
     <span class='ocr_line' id='line_1_6' title="bbox 188 734 1723 793; baseline -0.007 -6"><span class='ocrx_word' id='word_1_38' title='bbox 188 740 325 787; x_wconf 80' lang='grc'><strong>4110</strong></span> <span class='ocrx_word' id='word_1_39' title='bbox 364 740 436 792; x_wconf 75' lang='grc' dir='ltr'>ἤδη</span> <span class='ocrx_word' id='word_1_40' title='bbox 477 740 562 793; x_wconf 68' lang='grc' dir='ltr'>γὰρ</span> <span class='ocrx_word' id='word_1_41' title='bbox 604 739 764 790; x_wconf 67' lang='grc' dir='ltr'><em>ἀκήκοα</em></span> <span class='ocrx_word' id='word_1_42' title='bbox 807 738 1016 791; x_wconf 76' lang='grc' dir='ltr'><em>λεγόντων</em></span> <span class='ocrx_word' id='word_1_43' title='bbox 1058 753 1171 780; x_wconf 86' lang='grc' dir='ltr'><em>τινων</em></span> <span class='ocrx_word' id='word_1_44' title='bbox 1204 736 1292 789; x_wconf 79' lang='grc' dir='ltr'><em>περὶ</em></span> <span class='ocrx_word' id='word_1_45' title='bbox 1326 739 1398 778; x_wconf 81' lang='grc' dir='ltr'><em>τοῦ</em></span> <span class='ocrx_word' id='word_1_46' title='bbox 1430 734 1566 789; x_wconf 83' lang='grc' dir='ltr'><em>πυρός,</em></span> <span class='ocrx_word' id='word_1_47' title='bbox 1597 735 1647 782; x_wconf 77' lang='grc' dir='ltr'>ὥς</span> <span class='ocrx_word' id='word_1_48' title='bbox 1683 735 1723 778; x_wconf 85' lang='grc' dir='ltr'><em>ἐν</em></span> 
     </span>
     <span class='ocr_line' id='line_1_7' title="bbox 122 807 1721 869; baseline -0.005 -12"><span class='ocrx_word' id='word_1_49' title='bbox 122 815 296 869; x_wconf 75' lang='grc' dir='ltr'><em>χειμῶνι</em></span> <span class='ocrx_word' id='word_1_50' title='bbox 342 813 493 856; x_wconf 73' lang='grc' dir='ltr'><em>κάεται</em></span> <span class='ocrx_word' id='word_1_51' title='bbox 533 811 700 862; x_wconf 85' lang='grc' dir='ltr'><em>βέλτιον</em></span> <span class='ocrx_word' id='word_1_52' title='bbox 744 810 840 866; x_wconf 84' lang='grc' dir='ltr'>[ὑπὸ</span> <span class='ocrx_word' id='word_1_53' title='bbox 883 812 1035 866; x_wconf 79' lang='grc' dir='ltr'><em>ῥώμης]</em></span> <span class='ocrx_word' id='word_1_54' title='bbox 1077 810 1132 857; x_wconf 79' lang='grc' dir='ltr'><em>εἰς</em></span> <span class='ocrx_word' id='word_1_55' title='bbox 1177 810 1278 852; x_wconf 83' lang='grc' dir='ltr'><em>αὑτὸ</em></span> <span class='ocrx_word' id='word_1_56' title='bbox 1310 807 1639 859; x_wconf 73' lang='grc' dir='ltr'><em>συστελλόμενον</em></span> <span class='ocrx_word' id='word_1_57' title='bbox 1670 813 1721 861; x_wconf 72' lang='grc' dir='ltr'><em>τῇ</em></span> 
     </span>
     <span class='ocr_line' id='line_1_8' title="bbox 118 883 777 942; baseline -0.006 -12"><span class='ocrx_word' id='word_1_58' title='bbox 118 885 358 942; x_wconf 72' lang='grc' dir='ltr'><em>ψυχρότητι</em></span> <span class='ocrx_word' id='word_1_59' title='bbox 390 884 457 928; x_wconf 78' lang='grc' dir='ltr'>καὶ</span> <span class='ocrx_word' id='word_1_60' title='bbox 490 883 777 935; x_wconf 81' lang='grc' dir='ltr'><em>πυκνούμενον.</em></span> 
     </span>
    </p>

    <p class='ocr_par' dir='ltr' id='par_1_5' title="bbox 121 952 1726 1085">
     <span class='ocr_line' id='line_1_9' title="bbox 182 952 1724 1010; baseline -0.005 -8"><span class='ocrx_word' id='word_1_61' title='bbox 182 957 421 1002; x_wconf 83' lang='lat' dir='ltr'>Deleantur</span> <span class='ocrx_word' id='word_1_62' title='bbox 458 954 667 1000; x_wconf 81' lang='lat' dir='ltr'>vocabula</span> <span class='ocrx_word' id='word_1_63' title='bbox 705 953 884 1006; x_wconf 86' lang='lat' dir='ltr'>inclusa,</span> <span class='ocrx_word' id='word_1_64' title='bbox 927 954 1084 1010; x_wconf 85' lang='lat' dir='ltr'>quibus</span> <span class='ocrx_word' id='word_1_65' title='bbox 1115 953 1420 1010; x_wconf 80' lang='lat' dir='ltr'>intempestive</span> <span class='ocrx_word' id='word_1_66' title='bbox 1451 952 1724 1008; x_wconf 86' lang='lat' dir='ltr'>sequentium</span> 
     </span>
     <span class='ocr_line' id='line_1_10' title="bbox 121 1023 1726 1085; baseline -0.006 -11"><span class='ocrx_word' id='word_1_67' title='bbox 121 1031 235 1075; x_wconf 80' lang='lat' dir='ltr'>ratio</span> <span class='ocrx_word' id='word_1_68' title='bbox 261 1028 479 1074; x_wconf 76' lang='lat' dir='ltr'><strong>redditur:</strong></span> <span class='ocrx_word' id='word_1_69' title='bbox 505 1029 600 1085; x_wconf 86' lang='lat' dir='ltr'>ipsa</span> <span class='ocrx_word' id='word_1_70' title='bbox 626 1028 742 1071; x_wconf 89' lang='lat' dir='ltr'>enim</span> <span class='ocrx_word' id='word_1_71' title='bbox 769 1025 1118 1084; x_wconf 86' lang='lat' dir='ltr'>praecedentium</span> <span class='ocrx_word' id='word_1_72' title='bbox 1139 1023 1312 1068; x_wconf 85' lang='lat' dir='ltr'>reddere</span> <span class='ocrx_word' id='word_1_73' title='bbox 1329 1024 1539 1067; x_wconf 87' lang='lat' dir='ltr'>rationem</span> <span class='ocrx_word' id='word_1_74' title='bbox 1557 1023 1726 1067; x_wconf 89' lang='lat' dir='ltr'>debent.</span> 
     </span>
    </p>
   </div>
   <div class='ocr_carea' id='block_1_5' title="bbox 125 1170 1730 1518">
    <p class='ocr_par' dir='ltr' id='par_1_6' title="bbox 127 1170 1730 1374">
     <span class='ocr_line' id='line_1_11' title="bbox 187 1170 1725 1233; baseline -0.006 -12"><span class='ocrx_word' id='word_1_75' title='bbox 187 1175 327 1221; x_wconf 78' lang='lat' dir='ltr'>412B</span> <span class='ocrx_word' id='word_1_76' title='bbox 365 1174 465 1220; x_wconf 76' lang='grc' dir='ltr'><em>ὅπου</em></span> <span class='ocrx_word' id='word_1_77' title='bbox 506 1179 582 1230; x_wconf 88' lang='lat' dir='ltr'>(sc.</span> <span class='ocrx_word' id='word_1_78' title='bbox 615 1173 817 1233; x_wconf 78' lang='lat' dir='ltr'>Tegyris)</span> <span class='ocrx_word' id='word_1_79' title='bbox 859 1174 928 1217; x_wconf 75' lang='grc' dir='ltr'>καὶ</span> <span class='ocrx_word' id='word_1_80' title='bbox 963 1173 1154 1225; x_wconf 73' lang='grc' dir='ltr'><em>γενέσθαι</em></span> <span class='ocrx_word' id='word_1_81' title='bbox 1187 1173 1256 1216; x_wconf 81' lang='grc' dir='ltr'>τὸν</span> <span class='ocrx_word' id='word_1_82' title='bbox 1288 1171 1372 1215; x_wconf 77' lang='grc' dir='ltr'><em>θεὸν</em></span> <span class='ocrx_word' id='word_1_83' title='bbox 1406 1171 1620 1224; x_wconf 82' lang='grc' dir='ltr'><em>ἱστοροῦσι,</em></span> <span class='ocrx_word' id='word_1_84' title='bbox 1653 1170 1725 1213; x_wconf 75' lang='grc' dir='ltr'><em>καὶ</em></span> 
     </span>
     <span class='ocr_line' id='line_1_12' title="bbox 128 1242 1730 1300; baseline -0.004 -8"><span class='ocrx_word' id='word_1_85' title='bbox 128 1250 326 1300; x_wconf 71' lang='grc' dir='ltr'><em>ναμάτων</em></span> <span class='ocrx_word' id='word_1_86' title='bbox 370 1247 476 1292; x_wconf 74' lang='grc' dir='ltr'><em>δυεῖν</em></span> <span class='ocrx_word' id='word_1_87' title='bbox 519 1246 823 1300; x_wconf 77' lang='grc' dir='ltr'><em>παραρρεόντων</em></span> <span class='ocrx_word' id='word_1_88' title='bbox 869 1245 913 1288; x_wconf 83' lang='grc' dir='ltr'><em>τὸ</em></span> <span class='ocrx_word' id='word_1_89' title='bbox 956 1246 1031 1297; x_wconf 81' lang='grc' dir='ltr'><em>μὲν</em></span> <span class='ocrx_word' id='word_1_90' title='bbox 1078 1244 1244 1288; x_wconf 85' lang='grc' dir='ltr'><em>Φοίνικα</em></span> <span class='ocrx_word' id='word_1_91' title='bbox 1288 1244 1452 1296; x_wconf 69' lang='grc' dir='ltr'><em>θάτερον</em></span> <span class='ocrx_word' id='word_1_92' title='bbox 1485 1242 1519 1285; x_wconf 76' lang='grc' dir='ltr'>δ’</span> <span class='ocrx_word' id='word_1_93' title='bbox 1554 1244 1730 1286; x_wconf 77' lang='grc' dir='ltr'><em>Ἐλαίαν</em></span> 
     </span>
     <span class='ocr_line' id='line_1_13' title="bbox 127 1317 774 1374; baseline -0.003 -11"><span class='ocrx_word' id='word_1_94' title='bbox 127 1319 230 1374; x_wconf 75' lang='grc' dir='ltr'><em>ἄχρι</em></span> <span class='ocrx_word' id='word_1_95' title='bbox 263 1323 330 1363; x_wconf 81' lang='grc' dir='ltr'>νῦν</span> <span class='ocrx_word' id='word_1_96' title='bbox 362 1320 414 1368; x_wconf 79' lang='grc' dir='ltr'>ὥς</span> <span class='ocrx_word' id='word_1_97' title='bbox 447 1318 537 1361; x_wconf 82' lang='grc' dir='ltr'><em>ἔνιοι</em></span> <span class='ocrx_word' id='word_1_98' title='bbox 569 1317 774 1370; x_wconf 73' lang='grc' dir='ltr'><em>λέγουσιν.</em></span> 
     </span>
    </p>

    <p class='ocr_par' dir='ltr' id='par_1_7' title="bbox 125 1385 1726 1518">
     <span class='ocr_line' id='line_1_14' title="bbox 186 1385 1726 1447; baseline -0.004 -12"><span class='ocrx_word' id='word_1_99' title='bbox 186 1390 259 1435; x_wconf 83' lang='lat' dir='ltr'>Sic</span> <span class='ocrx_word' id='word_1_100' title='bbox 289 1390 445 1442; x_wconf 85' lang='lat' dir='ltr'>editur,</span> <span class='ocrx_word' id='word_1_101' title='bbox 477 1390 655 1434; x_wconf 86' lang='lat' dir='ltr'>lacunae</span> <span class='ocrx_word' id='word_1_102' title='bbox 686 1390 810 1447; x_wconf 82' lang='lat' dir='ltr'>signo</span> <span class='ocrx_word' id='word_1_103' title='bbox 842 1391 941 1432; x_wconf 85' lang='lat' dir='ltr'>ante</span> <span class='ocrx_word' id='word_1_104' title='bbox 972 1388 1023 1435; x_wconf 80' lang='grc' dir='ltr'>ὡς</span> <span class='ocrx_word' id='word_1_105' title='bbox 1055 1389 1209 1445; x_wconf 82' lang='lat' dir='ltr'>posito,</span> <span class='ocrx_word' id='word_1_106' title='bbox 1242 1401 1326 1444; x_wconf 91' lang='lat' dir='ltr'>quo</span> <span class='ocrx_word' id='word_1_107' title='bbox 1349 1385 1483 1430; x_wconf 85' lang='lat' dir='ltr'>simul</span> <span class='ocrx_word' id='word_1_108' title='bbox 1505 1400 1606 1430; x_wconf 89' lang='lat' dir='ltr'>cum</span> <span class='ocrx_word' id='word_1_109' title='bbox 1633 1387 1726 1444; x_wconf 86' lang='lat' dir='ltr'>ipsa</span> 
     </span>
     <span class='ocr_line' id='line_1_15' title="bbox 125 1460 1138 1518; baseline -0.006 -10"><span class='ocrx_word' id='word_1_110' title='bbox 125 1476 230 1508; x_wconf 81' lang='lat' dir='ltr'>voce</span> <span class='ocrx_word' id='word_1_111' title='bbox 259 1465 312 1511; x_wconf 76' lang='grc' dir='ltr'>ὥς</span> <span class='ocrx_word' id='word_1_112' title='bbox 345 1460 485 1506; x_wconf 85' lang='lat' dir='ltr'>deleto</span> <span class='ocrx_word' id='word_1_113' title='bbox 516 1460 683 1518; x_wconf 87' lang='lat' dir='ltr'>reliqua</span> <span class='ocrx_word' id='word_1_114' title='bbox 713 1464 815 1504; x_wconf 85' lang='lat' dir='ltr'>sunt</span> <span class='ocrx_word' id='word_1_115' title='bbox 844 1460 1138 1518; x_wconf 88' lang='lat' dir='ltr'>integerrima.</span> 
     </span>
    </p>
   </div>
   <div class='ocr_carea' id='block_1_6' title="bbox 188 1607 1721 1668">
    <p class='ocr_par' dir='ltr' id='par_1_8' title="bbox 188 1607 1721 1668">
     <span class='ocr_line' id='line_1_16' title="bbox 188 1607 1721 1668; baseline -0.001 -14"><span class='ocrx_word' id='word_1_116' title='bbox 188 1609 327 1655; x_wconf 74' lang='lat' dir='ltr'>412E</span> <span class='ocrx_word' id='word_1_117' title='bbox 358 1609 519 1668; x_wconf 86' lang='lat' dir='ltr'>Lepide</span> <span class='ocrx_word' id='word_1_118' title='bbox 538 1609 824 1665; x_wconf 70' lang='lat' dir='ltr'>yrammaticus</span> <span class='ocrx_word' id='word_1_119' title='bbox 851 1608 1097 1653; x_wconf 85' lang='lat' dir='ltr'>Demetrius</span> <span class='ocrx_word' id='word_1_120' title='bbox 1115 1607 1302 1651; x_wconf 89' lang='lat' dir='ltr'>ludibrio</span> <span class='ocrx_word' id='word_1_121' title='bbox 1318 1608 1515 1652; x_wconf 87' lang='lat' dir='ltr'>habetur.</span> <span class='ocrx_word' id='word_1_122' title='bbox 1543 1607 1721 1652; x_wconf 79' lang='lat' dir='ltr'>Dixerat</span> 
     </span>
    </p>
   </div>
   <div class='ocr_carea' id='block_1_7' title="bbox 37 1678 1726 1740">
    <p class='ocr_par' dir='ltr' id='par_1_9' title="bbox 37 1678 1726 1740">
     <span class='ocr_line' id='line_1_17' title="bbox 37 1678 1726 1740; baseline -0.003 -13"><span class='ocrx_word' id='word_1_123' title='bbox 37 1678 39 1683; x_wconf 76' lang='grc'><strong>’</strong></span> <span class='ocrx_word' id='word_1_124' title='bbox 122 1682 219 1727; x_wconf 87' lang='lat' dir='ltr'>hic:</span> <span class='ocrx_word' id='word_1_125' title='bbox 255 1696 413 1740; x_wconf 86' lang='lat' dir='ltr'>„quam</span> <span class='ocrx_word' id='word_1_126' title='bbox 442 1682 678 1739; x_wconf 85' lang='lat' dir='ltr'>composito</span> <span class='ocrx_word' id='word_1_127' title='bbox 709 1681 938 1738; x_wconf 79' lang='lat' dir='ltr'>disputatis</span> <span class='ocrx_word' id='word_1_128' title='bbox 966 1679 1106 1732; x_wconf 86' lang='lat' dir='ltr'>vultu,</span> <span class='ocrx_word' id='word_1_129' title='bbox 1135 1681 1284 1737; x_wconf 88' lang='lat' dir='ltr'>opinor</span> <span class='ocrx_word' id='word_1_130' title='bbox 1308 1681 1408 1737; x_wconf 88' lang='lat' dir='ltr'>quia</span> <span class='ocrx_word' id='word_1_131' title='bbox 1435 1679 1726 1724; x_wconf 86' lang='lat' dir='ltr'>leviusculum</span> 
     </span>
    </p>
   </div>
   <div class='ocr_carea' id='block_1_8' title="bbox 123 1751 1732 2456">
    <p class='ocr_par' dir='ltr' id='par_1_10' title="bbox 123 1751 1732 2096">
     <span class='ocr_line' id='line_1_18' title="bbox 123 1751 1728 1812; baseline -0.003 -13"><span class='ocrx_word' id='word_1_132' title='bbox 123 1755 320 1799; x_wconf 85' lang='lat' dir='ltr'>tractatis</span> <span class='ocrx_word' id='word_1_133' title='bbox 353 1752 707 1812; x_wconf 82' lang='lat' dir='ltr'>argumentum&#39;&#39;.</span> <span class='ocrx_word' id='word_1_134' title='bbox 742 1752 987 1809; x_wconf 83' lang='lat' dir='ltr'><strong>Respondet</strong></span> <span class='ocrx_word' id='word_1_135' title='bbox 1014 1751 1247 1796; x_wconf 86' lang='lat' dir='ltr'>Heracleo:</span> <span class='ocrx_word' id='word_1_136' title='bbox 1278 1754 1368 1805; x_wconf 83' lang='lat' dir='ltr'>„ita</span> <span class='ocrx_word' id='word_1_137' title='bbox 1396 1756 1473 1805; x_wconf 83' lang='lat' dir='ltr'>est,</span> <span class='ocrx_word' id='word_1_138' title='bbox 1501 1767 1585 1795; x_wconf 93' lang='lat' dir='ltr'>non</span> <span class='ocrx_word' id='word_1_139' title='bbox 1613 1754 1728 1795; x_wconf 87' lang='lat' dir='ltr'>enim</span> 
     </span>
     <span class='ocr_line' id='line_1_19' title="bbox 123 1823 1729 1884; baseline -0.002 -14"><span class='ocrx_word' id='word_1_140' title='bbox 123 1825 397 1884; x_wconf 70' lang='lat' dir='ltr'>disputamus</span> <span class='ocrx_word' id='word_1_141' title='bbox 426 1825 479 1869; x_wconf 89' lang='lat' dir='ltr'>de</span> <span class='ocrx_word' id='word_1_142' title='bbox 513 1857 523 1868; x_wconf 93' lang='lat'><strong>.</strong></span> <span class='ocrx_word' id='word_1_143' title='bbox 543 1858 554 1870; x_wconf 88' lang='lat'><strong>.</strong></span> <span class='ocrx_word' id='word_1_144' title='bbox 573 1824 614 1869; x_wconf 90' lang='lat'>.&#39;&#39;</span> <span class='ocrx_word' id='word_1_145' title='bbox 648 1825 990 1882; x_wconf 84' lang='lat' dir='ltr'>facetissimeque</span> <span class='ocrx_word' id='word_1_146' title='bbox 1021 1828 1244 1868; x_wconf 78' lang='lat' dir='ltr'><strong>enumerat</strong></span> <span class='ocrx_word' id='word_1_147' title='bbox 1275 1826 1445 1867; x_wconf 84' lang='lat' dir='ltr'>insanas</span> <span class='ocrx_word' id='word_1_148' title='bbox 1473 1823 1729 1881; x_wconf 87' lang='lat' dir='ltr'>quisquilias</span> 
     </span>
     <span class='ocr_line' id='line_1_20' title="bbox 125 1895 1729 1956; baseline -0.002 -14"><span class='ocrx_word' id='word_1_149' title='bbox 125 1900 172 1942; x_wconf 90' lang='lat' dir='ltr'>in</span> <span class='ocrx_word' id='word_1_150' title='bbox 219 1899 377 1956; x_wconf 86' lang='lat' dir='ltr'>quibus</span> <span class='ocrx_word' id='word_1_151' title='bbox 417 1898 692 1956; x_wconf 77' lang='lat' dir='ltr'>grammatici</span> <span class='ocrx_word' id='word_1_152' title='bbox 733 1899 815 1941; x_wconf 87' lang='lat' dir='ltr'>toti</span> <span class='ocrx_word' id='word_1_153' title='bbox 845 1911 935 1941; x_wconf 84' lang='lat' dir='ltr'>esse</span> <span class='ocrx_word' id='word_1_154' title='bbox 967 1895 1142 1940; x_wconf 79' lang='lat' dir='ltr'>soleant.</span> <span class='ocrx_word' id='word_1_155' title='bbox 1187 1895 1476 1950; x_wconf 83' lang='lat' dir='ltr'>(Utilissimus</span> <span class='ocrx_word' id='word_1_156' title='bbox 1508 1896 1578 1939; x_wconf 91' lang='lat' dir='ltr'>hic</span> <span class='ocrx_word' id='word_1_157' title='bbox 1609 1895 1729 1939; x_wconf 87' lang='lat' dir='ltr'>locus</span> 
     </span>
     <span class='ocr_line' id='line_1_21' title="bbox 127 1968 1732 2028; baseline -0.002 -14"><span class='ocrx_word' id='word_1_158' title='bbox 127 1973 194 2014; x_wconf 85' lang='lat' dir='ltr'>est</span> <span class='ocrx_word' id='word_1_159' title='bbox 224 1969 279 2014; x_wconf 81' lang='lat' dir='ltr'>ad</span> <span class='ocrx_word' id='word_1_160' title='bbox 308 1969 644 2028; x_wconf 84' lang='lat' dir='ltr'>cognoscendam</span> <span class='ocrx_word' id='word_1_161' title='bbox 675 1968 899 2012; x_wconf 85' lang='lat' dir='ltr'>Plutarchi</span> <span class='ocrx_word' id='word_1_162' title='bbox 932 1968 983 2012; x_wconf 92' lang='lat' dir='ltr'>de</span> <span class='ocrx_word' id='word_1_163' title='bbox 1014 1982 1116 2012; x_wconf 88' lang='lat' dir='ltr'>suae</span> <span class='ocrx_word' id='word_1_164' title='bbox 1142 1969 1295 2012; x_wconf 88' lang='lat' dir='ltr'>aetatis</span> <span class='ocrx_word' id='word_1_165' title='bbox 1320 1969 1617 2025; x_wconf 84' lang='lat' dir='ltr'>grammaticis</span> <span class='ocrx_word' id='word_1_166' title='bbox 1644 1969 1732 2025; x_wconf 89' lang='lat' dir='ltr'>opi-</span> 
     </span>
     <span class='ocr_line' id='line_1_22' title="bbox 126 2041 784 2096; baseline -0.003 -10"><span class='ocrx_word' id='word_1_167' title='bbox 126 2043 331 2096; x_wconf 88' lang='lat' dir='ltr'>nionem).</span> <span class='ocrx_word' id='word_1_168' title='bbox 363 2041 477 2085; x_wconf 81' lang='lat' dir='ltr'>Tum</span> <span class='ocrx_word' id='word_1_169' title='bbox 507 2042 611 2085; x_wconf 82' lang='lat' dir='ltr'>haec</span> <span class='ocrx_word' id='word_1_170' title='bbox 642 2041 784 2085; x_wconf 88' lang='lat' dir='ltr'>addit:</span> 
     </span>
    </p>

    <p class='ocr_par' dir='ltr' id='par_1_11' title="bbox 126 2110 1729 2309">
     <span class='ocr_line' id='line_1_23' title="bbox 126 2110 1729 2171; baseline -0.003 -14"><span class='ocrx_word' id='word_1_171' title='bbox 126 2112 250 2167; x_wconf 82' lang='lat' dir='ltr'>(talia</span> <span class='ocrx_word' id='word_1_172' title='bbox 282 2114 399 2157; x_wconf 86' lang='lat' dir='ltr'>enim</span> <span class='ocrx_word' id='word_1_173' title='bbox 432 2113 749 2171; x_wconf 88' lang='lat' dir='ltr'>disputantium</span> <span class='ocrx_word' id='word_1_174' title='bbox 783 2113 1044 2156; x_wconf 87' lang='lat' dir='ltr'>contrahunt</span> <span class='ocrx_word' id='word_1_175' title='bbox 1075 2111 1270 2166; x_wconf 86' lang='lat' dir='ltr'>vultum)</span> <span class='ocrx_word' id='word_1_176' title='bbox 1302 2112 1358 2154; x_wconf 77' lang='grc' dir='ltr'>τοὶ</span> <span class='ocrx_word' id='word_1_177' title='bbox 1387 2112 1421 2154; x_wconf 75' lang='grc' dir='ltr'>δ’</span> <span class='ocrx_word' id='word_1_178' title='bbox 1449 2110 1566 2153; x_wconf 76' lang='grc' dir='ltr'><em>ἄλλα</em></span> <span class='ocrx_word' id='word_1_179' title='bbox 1594 2110 1729 2161; x_wconf 78' lang='grc' dir='ltr'><em>ἔξεστι</em></span> 
     </span>
     <span class='ocr_line' id='line_1_24' title="bbox 129 2181 1728 2238; baseline -0.002 -10"><span class='ocrx_word' id='word_1_180' title='bbox 129 2185 209 2233; x_wconf 77' lang='grc' dir='ltr'><em>τὰς</em></span> <span class='ocrx_word' id='word_1_181' title='bbox 252 2184 380 2238; x_wconf 78' lang='grc' dir='ltr'><em>ὀφρῦς</em></span> <span class='ocrx_word' id='word_1_182' title='bbox 422 2185 537 2227; x_wconf 73' lang='grc' dir='ltr'><em>κατὰ</em></span> <span class='ocrx_word' id='word_1_183' title='bbox 579 2186 718 2237; x_wconf 82' lang='grc' dir='ltr'><em>χώραν</em></span> <span class='ocrx_word' id='word_1_184' title='bbox 761 2183 937 2238; x_wconf 79' lang='grc' dir='ltr'><em>ἔχοντας</em></span> <span class='ocrx_word' id='word_1_185' title='bbox 981 2188 1227 2238; x_wconf 81' lang='grc' dir='ltr'><em>φιλοσοφεῖν</em></span> <span class='ocrx_word' id='word_1_186' title='bbox 1272 2183 1340 2225; x_wconf 73' lang='grc' dir='ltr'>καὶ</span> <span class='ocrx_word' id='word_1_187' title='bbox 1381 2181 1530 2235; x_wconf 80' lang='grc' dir='ltr'><em>ζητεῖν,</em></span> <span class='ocrx_word' id='word_1_188' title='bbox 1563 2183 1728 2236; x_wconf 77' lang='grc' dir='ltr'><em>οὶτρέμα</em></span> 
     </span>
     <span class='ocr_line' id='line_1_25' title="bbox 129 2255 1484 2309; baseline -0.001 -10"><span class='ocrx_word' id='word_1_189' title='bbox 129 2257 188 2308; x_wconf 63' lang='grc' dir='ltr'>μὲ</span> <span class='ocrx_word' id='word_1_190' title='bbox 221 2255 344 2299; x_wconf 74' lang='grc' dir='ltr'><em>δεινὸν</em></span> <span class='ocrx_word' id='word_1_191' title='bbox 375 2256 616 2308; x_wconf 77' lang='grc' dir='ltr'><em>βλέποντας</em></span> <span class='ocrx_word' id='word_1_192' title='bbox 649 2255 750 2307; x_wconf 75' lang='grc' dir='ltr'>μηδὲ</span> <span class='ocrx_word' id='word_1_193' title='bbox 784 2256 1123 2309; x_wconf 77' lang='grc' dir='ltr'><em>χαλεπαίνοντας</em></span> <span class='ocrx_word' id='word_1_194' title='bbox 1157 2260 1240 2303; x_wconf 84' lang='grc' dir='ltr'><em>τοῖς</em></span> <span class='ocrx_word' id='word_1_195' title='bbox 1274 2258 1484 2308; x_wconf 85' lang='grc' dir='ltr'><em>παροῦσιν.</em></span> 
     </span>
    </p>

    <p class='ocr_par' dir='ltr' id='par_1_12' title="bbox 132 2325 1730 2456">
     <span class='ocr_line' id='line_1_26' title="bbox 141 2325 1726 2388; baseline -0.003 -16"><span class='ocrx_word' id='word_1_196' title='bbox 141 2384 144 2388; x_wconf 20' lang='grc' dir='ltr'>ι</span> <span class='ocrx_word' id='word_1_197' title='bbox 187 2326 343 2372; x_wconf 86' lang='lat' dir='ltr'>Omnia</span> <span class='ocrx_word' id='word_1_198' title='bbox 371 2328 596 2385; x_wconf 87' lang='lat' dir='ltr'>perturbat</span> <span class='ocrx_word' id='word_1_199' title='bbox 627 2327 803 2386; x_wconf 81' lang='lat' dir='ltr'>virgula</span> <span class='ocrx_word' id='word_1_200' title='bbox 833 2329 913 2372; x_wconf 91' lang='lat' dir='ltr'>hoc</span> <span class='ocrx_word' id='word_1_201' title='bbox 942 2327 1034 2372; x_wconf 88' lang='lat' dir='ltr'>loco</span> <span class='ocrx_word' id='word_1_202' title='bbox 1066 2328 1207 2385; x_wconf 87' lang='lat' dir='ltr'>posita</span> <span class='ocrx_word' id='word_1_203' title='bbox 1237 2331 1281 2370; x_wconf 91' lang='lat' dir='ltr'>et</span> <span class='ocrx_word' id='word_1_204' title='bbox 1312 2326 1426 2384; x_wconf 86' lang='lat' dir='ltr'>apud</span> <span class='ocrx_word' id='word_1_205' title='bbox 1457 2327 1506 2370; x_wconf 91' lang='lat' dir='ltr'>B.</span> <span class='ocrx_word' id='word_1_206' title='bbox 1541 2329 1584 2369; x_wconf 91' lang='lat' dir='ltr'>et</span> <span class='ocrx_word' id='word_1_207' title='bbox 1611 2325 1726 2383; x_wconf 89' lang='lat' dir='ltr'>apud</span> 
     </span>
     <span class='ocr_line' id='line_1_27' title="bbox 132 2397 1730 2456; baseline -0.003 -12"><span class='ocrx_word' id='word_1_208' title='bbox 132 2398 201 2444; x_wconf 83' lang='lat' dir='ltr'>W.</span> <span class='ocrx_word' id='word_1_209' title='bbox 241 2399 347 2444; x_wconf 89' lang='lat' dir='ltr'>Post</span> <span class='ocrx_word' id='word_1_210' title='bbox 378 2400 541 2451; x_wconf 76' lang='grc' dir='ltr'><em>ἀτρέμα</em></span> <span class='ocrx_word' id='word_1_211' title='bbox 573 2404 757 2456; x_wconf 87' lang='lat' dir='ltr'>ponatur</span> <span class='ocrx_word' id='word_1_212' title='bbox 782 2403 826 2443; x_wconf 93' lang='lat' dir='ltr'>et</span> <span class='ocrx_word' id='word_1_213' title='bbox 851 2414 928 2456; x_wconf 92' lang='lat' dir='ltr'>pro</span> <span class='ocrx_word' id='word_1_214' title='bbox 954 2398 1193 2450; x_wconf 82' lang='grc' dir='ltr'><em>βλέποντας</em></span> <span class='ocrx_word' id='word_1_215' title='bbox 1221 2398 1394 2456; x_wconf 84' lang='lat' dir='ltr'>legatur</span> <span class='ocrx_word' id='word_1_216' title='bbox 1421 2397 1730 2450; x_wconf 81' lang='grc' dir='ltr'><em>ἐμβλέποντας,</em></span> 
     </span>
    </p>
   </div>
   <div class='ocr_carea' id='block_1_9' title="bbox 54 2468 1735 2528">
    <p class='ocr_par' dir='ltr' id='par_1_13' title="bbox 54 2468 1735 2528">
     <span class='ocr_line' id='line_1_28' title="bbox 54 2468 1735 2528; baseline -0.002 -14"><span class='ocrx_word' id='word_1_217' title='bbox 54 2482 56 2486; x_wconf 78' lang='grc'>’</span> <span class='ocrx_word' id='word_1_218' title='bbox 129 2474 180 2514; x_wconf 89' lang='lat' dir='ltr'>ut</span> <span class='ocrx_word' id='word_1_219' title='bbox 219 2470 318 2514; x_wconf 91' lang='lat' dir='ltr'>hinc</span> <span class='ocrx_word' id='word_1_220' title='bbox 360 2484 528 2528; x_wconf 86' lang='lat' dir='ltr'><strong>quoqne</strong></span> <span class='ocrx_word' id='word_1_221' title='bbox 568 2470 750 2528; x_wconf 87' lang='lat' dir='ltr'>pendeat</span> <span class='ocrx_word' id='word_1_222' title='bbox 791 2484 971 2528; x_wconf 87' lang='lat' dir='ltr'>sequens</span> <span class='ocrx_word' id='word_1_223' title='bbox 1011 2471 1198 2522; x_wconf 86' lang='lat' dir='ltr'>dativus,</span> <span class='ocrx_word' id='word_1_224' title='bbox 1230 2470 1345 2527; x_wconf 92' lang='lat' dir='ltr'>quod</span> <span class='ocrx_word' id='word_1_225' title='bbox 1377 2468 1519 2512; x_wconf 85' lang='lat' dir='ltr'>multo</span> <span class='ocrx_word' id='word_1_226' title='bbox 1553 2473 1625 2512; x_wconf 77' lang='lat' dir='ltr'>est·</span> <span class='ocrx_word' id='word_1_227' title='bbox 1651 2468 1735 2512; x_wconf 83' lang='lat' dir='ltr'>ele-</span> 
     </span>
    </p>
   </div>
   <div class='ocr_carea' id='block_1_10' title="bbox 125 2539 1732 2662">
    <p class='ocr_par' dir='ltr' id='par_1_14' title="bbox 125 2539 1732 2662">
     <span class='ocr_line' id='line_1_29' title="bbox 125 2539 1732 2600; baseline -0.002 -14"><span class='ocrx_word' id='word_1_228' title='bbox 125 2542 305 2600; x_wconf 78' lang='lat' dir='ltr'>gantius</span> <span class='ocrx_word' id='word_1_229' title='bbox 347 2555 476 2599; x_wconf 84' lang='lat' dir='ltr'>quam</span> <span class='ocrx_word' id='word_1_230' title='bbox 517 2543 555 2585; x_wconf 89' lang='lat' dir='ltr'>si</span> <span class='ocrx_word' id='word_1_231' title='bbox 599 2543 660 2585; x_wconf 85' lang='lat' dir='ltr'>sic</span> <span class='ocrx_word' id='word_1_232' title='bbox 699 2545 820 2585; x_wconf 86' lang='lat' dir='ltr'>extra</span> <span class='ocrx_word' id='word_1_233' title='bbox 852 2543 1088 2586; x_wconf 86' lang='lat' dir='ltr'>sententiae</span> <span class='ocrx_word' id='word_1_234' title='bbox 1120 2546 1382 2585; x_wconf 86' lang='lat' dir='ltr'>structuram</span> <span class='ocrx_word' id='word_1_235' title='bbox 1415 2544 1598 2598; x_wconf 88' lang='lat' dir='ltr'>ponatur</span> <span class='ocrx_word' id='word_1_236' title='bbox 1630 2539 1732 2591; x_wconf 80' lang='grc' dir='ltr'><em>βλέ-</em></span> 
     </span>
     <span class='ocr_line' id='line_1_30' title="bbox 129 2628 303 2662; baseline 0.006 -6"><span class='ocrx_word' id='word_1_237' title='bbox 129 2628 303 2662; x_wconf 79' lang='grc' dir='ltr'><em>ποντας.</em></span> 
     </span>
    </p>
   </div>
   <div class='ocr_carea' id='block_1_11' title="bbox 184 2748 1732 2807">
    <p class='ocr_par' dir='ltr' id='par_1_15' title="bbox 184 2748 1732 2807">
     <span class='ocr_line' id='line_1_31' title="bbox 184 2748 1732 2807; baseline -0.001 -13"><span class='ocrx_word' id='word_1_238' title='bbox 184 2749 331 2803; x_wconf 73' lang='grc' dir='ltr'>Ι413ιὶ</span> <span class='ocrx_word' id='word_1_239' title='bbox 379 2750 594 2802; x_wconf 87' lang='lat' dir='ltr'>„Minime</span> <span class='ocrx_word' id='word_1_240' title='bbox 643 2752 804 2794; x_wconf 87' lang='lat' dir='ltr'>mirum</span> <span class='ocrx_word' id='word_1_241' title='bbox 852 2750 945 2794; x_wconf 87' lang='lat' dir='ltr'>est”</span> <span class='ocrx_word' id='word_1_242' title='bbox 995 2749 1207 2793; x_wconf 85' lang='lat' dir='ltr'>exclamat</span> <span class='ocrx_word' id='word_1_243' title='bbox 1256 2748 1445 2807; x_wconf 81' lang='lat' dir='ltr'>Cynicus</span> <span class='ocrx_word' id='word_1_244' title='bbox 1497 2751 1571 2801; x_wconf 92' lang='lat' dir='ltr'>„in</span> <span class='ocrx_word' id='word_1_245' title='bbox 1612 2753 1732 2792; x_wconf 86' lang='lat' dir='ltr'>tanta</span> 
     </span>
    </p>
   </div>
   <div class='ocr_carea' id='block_1_12' title="bbox 41 2820 1732 2880">
    <p class='ocr_par' dir='ltr' id='par_1_16' title="bbox 41 2820 1732 2880">
     <span class='ocr_line' id='line_1_32' title="bbox 41 2820 1732 2880; baseline -0.002 -14"><span class='ocrx_word' id='word_1_246' title='bbox 41 2820 45 2826; x_wconf 54' lang='grc'><strong>”</strong></span> <span class='ocrx_word' id='word_1_247' title='bbox 128 2821 354 2867; x_wconf 82' lang='lat' dir='ltr'>hominum</span> <span class='ocrx_word' id='word_1_248' title='bbox 395 2824 621 2880; x_wconf 86' lang='lat' dir='ltr'>impietate</span> <span class='ocrx_word' id='word_1_249' title='bbox 665 2826 730 2865; x_wconf 90' lang='lat' dir='ltr'>tot</span> <span class='ocrx_word' id='word_1_250' title='bbox 771 2823 1001 2866; x_wconf 87' lang='lat' dir='ltr'>obticuisse</span> <span class='ocrx_word' id='word_1_251' title='bbox 1037 2821 1208 2865; x_wconf 87' lang='lat' dir='ltr'>oracula</span> <span class='ocrx_word' id='word_1_252' title='bbox 1218 2835 1229 2874; x_wconf 82' lang='lat'><em>3</em></span> <span class='ocrx_word' id='word_1_253' title='bbox 1264 2821 1555 2878; x_wconf 89' lang='lat' dir='ltr'>quaerendum</span> <span class='ocrx_word' id='word_1_254' title='bbox 1588 2823 1732 2878; x_wconf 87' lang='lat' dir='ltr'>potius</span> 
     </span>
    </p>
   </div>
   <div class='ocr_carea' id='block_1_13' title="bbox 0 0 67 3372">
    <p class='ocr_par' dir='ltr' id='par_1_17' title="bbox 0 0 67 3372">
     <span class='ocr_line' id='line_1_33' title="bbox 0 0 67 3372; baseline 0 0"><span class='ocrx_word' id='word_1_255' title='bbox 0 0 67 3372; x_wconf 95' lang='lat' dir='ltr'> </span> 
     </span>
    </p>
   </div>
   <div class='ocr_carea' id='block_1_14' title="bbox 131 2893 915 3020">
    <p class='ocr_par' dir='ltr' id='par_1_18' title="bbox 131 2893 915 3020">
     <span class='ocr_line' id='line_1_34' title="bbox 131 2893 745 2945; baseline -0.003 -6"><span class='ocrx_word' id='word_1_256' title='bbox 131 2893 307 2939; x_wconf 80' lang='lat' dir='ltr'>videtur</span> <span class='ocrx_word' id='word_1_257' title='bbox 740 2942 745 2945; x_wconf 47' lang='grc'>,</span> 
     </span>
     <span class='ocr_line' id='line_1_35' title="bbox 193 2965 915 3020; baseline -0.001 -11"><span class='ocrx_word' id='word_1_258' title='bbox 193 2969 278 3014; x_wconf 77' lang='grc' dir='ltr'>πῶς</span> <span class='ocrx_word' id='word_1_259' title='bbox 308 2966 405 3020; x_wconf 76' lang='grc' dir='ltr'>οὐχ)</span> <span class='ocrx_word' id='word_1_260' title='bbox 439 2966 508 3009; x_wconf 77' lang='grc' dir='ltr'>καὶ</span> <span class='ocrx_word' id='word_1_261' title='bbox 543 2965 600 3008; x_wconf 92' lang='grc' dir='ltr'><em>τό</em></span> <span class='ocrx_word' id='word_1_262' title='bbox 611 2967 650 3008; x_wconf 76' lang='grc' dir='ltr'><em>τ’</em></span> <span class='ocrx_word' id='word_1_263' title='bbox 682 2966 915 3019; x_wconf 70' lang='grc' dir='ltr'><em>ἀπείρηκεν.</em></span> 
     </span>
    </p>
   </div>
  </div>
 </body>
</html>
