2002 3372
1734 700 1855 741 fiiij}

813 798 815 801 Ι
895 843 1182 898 CAPUT
1222 843 1438 899 XVIII.
1553 843 1554 846 ’

852 1205 936 1235 ΔΜΔ
943 1203 1094 1235 'roman
1125 1203 1430 1235 NARRATIONBS.

409 1337 498 1380 Has
529 1350 618 1379 esse
649 1336 812 1392 spurias
844 1337 916 1392 qui
943 1337 1072 1378 etiam
1100 1333 1375 1386 demonstret,
1402 1347 1572 1391 operam
1592 1333 1758 1390 perdat.
1783 1333 1924 1377 Nemo

350 1408 483 1458 enim,
527 1410 577 1449 ut
619 1409 780 1463 opinor,
825 1405 1047 1462 discrepat.
1090 1405 1264 1448 Dudum
1306 1407 1516 1461 persuasit
1553 1404 1767 1477 omn'iae‘bus⁴
1795 1403 1926 1448 volk-

350 1492 542 1530 maunus,
575 1479 687 1520 hisce
719 1492 821 1520 usus
851 1478 1140 1534 argumentis:
1793 1487 1795 1489 ·

413 1550 433 1591 1
484 1549 654 1592 Scatent
695 1549 896 1591 hiatibus.
940 1548 1032 1591 Hoc
1075 1552 1378 1605 argumentum
1420 1546 1616 1625 equidem
1659 1546 1780 1603 parvi
1821 1545 1926 1590 facio

350 1634 447 1663 cum
481 1620 531 1663 de
562 1619 856 1662 collectionibus
885 1618 1046 1674 agitur.
1620 1652 1641 1655 ,γ
1795 1629 1798 1635 ·

410 1691 436 1733 2
483 1690 744 1746 Tui-pissime
788 1691 958 1732 omnino
997 1690 1042 1731 111
1083 1689 1260 1732 historia.
1301 1692 1470 1735 erratur
1497 1687 1569 1731 sed
1600 1655 1852 1744 praesertim-
1869 1689 1924 1731 111

349 1763 482 1817 ipsius
524 1760 722 1804 Boeotiae
763 1761 953 1803 historia.
997 1759 1061 1802 Ne
1100 1759 1207 1816 fingi
1245 1759 1416 1815 quidem
1448 1759 1589 1815 potuit
1621 1759 1925 1815 argumentum

348 1833 538 1888 gravius
570 1832 655 1874 Hic
686 1845 786 1874 vero
817 1829 927 1873 nihil
959 1830 1253 1874 Volkmannus
1283 1830 1429 1873 finxit:
1462 1830 1604 1872 omnia
1630 1829 1928 1923 sunttapertis-

349 1904 457 1945 sima
489 1904 818 1958 certissimaque.

410 1973 582 2016 Accedit
614 1973 724 2029 quod
755 1973 1069 2028 ineptissimum
1103 1977 1167 2017 est
1201 1975 1341 2014 totum
1374 1970 1695 2028 corpusculum:
1722 1952 1796 2028 qui
1818 1969 1928 2028 legit

349 2059 484 2100 neque
526 2044 649 2087 discit
690 2043 922 2100 quidquam
965 2056 1099 2099 neque
1144 2041 1390 2086 delectatur.
1429 2042 1538 2085 Sunt
1570 2043 1757 2098 quinque
1788 2055 1927 2084 narra-

348 2114 562 2166 tiunculae
603 2128 783 2170 quarum
826 2114 932 2156 duae
973 2115 1128 2170 (prima
1159 2113 1438 2170 secundaque)
1469 2113 1589 2156 nobis
1620 2116 1828 2156 amatores
1857 2126 1926 2155 ex-

348 2186 494 2228 hibent
535 2185 711 2227 rixando
756 2199 908 2240 corpus
952 2187 1143 2226 amatum
1184 2185 1229 2225 in
1261 2189 1400 2241 partes
1432 2183 1723 2226 distrahentes
1757 2182 1812 2226 Et
1843 2197 1926 2226 ser-

347 2270 472 2298 mone
503 2257 641 2297 utitur
672 2256 741 2297 hic
774 2255 1000 2297 homuncio
1034 2267 1155 2310 saepe
1187 2254 1511 2297 absurdissimo:

410 2325 540 2370 '773G
582 2327 838 2368 διεκωλύοντο
872 2325 968 2378 πρὸς
999 2326 1071 2373 τὴν
1103 2324 1278 2374 τόλμαν.

409 2395 539 2440 ’774Β
583 2397 705 2439 αὑτὸν
736 2400 806 2438 τοῦ
840 2395 910 2449 ζῆν
941 2395 1208 2447 μετέστησεν.

409 2466 541 2511 ’7750
585 2473 703 2521 φυγῇ
737 2467 982 2520 περιέβαλον
1015 2467 1081 2508 τὸν
1113 2464 1253 2519 ἄνδρα.

407 2539 463 2581 ib.
508 2538 676 2580 ἐκώλυον
708 2538 825 2580 ἀλλὰ
858 2538 930 2580 καί
960 2538 1115 2580 01111880
1148 2537 1191 2579 οὐ
1225 2536 1356 2586 μόνον.

410 2608 544 2653 ’7751)
587 2610 675 2652 ἐπεὶ
710 2609 750 2651 δὲ
784 2608 851 2652 καὶ
882 2607 934 2656 ὣς
967 2605 1373 2657 ἐμνηστεύοντό
1403 2621 1547 2652 τινες
1574 2605 1651 2652 τὰς
1677 2604 1831 2652 παῖδας
1859 2604 1926 2647 διὰ

346 2682 418 2729 τὴν
467 2684 535 2723 τοῦ
585 2682 737 2732 πατρὸς
793 2682 953 2731 αἱρετήν,
1011 2680 1218 2721 ἐκώλυσαν
1265 2678 1299 2720 οἱ
1357 2676 1487 2731 ἐχθροὶ
1536 2676 1600 2719 διὰ
1649 2676 1924 2729 ψηφίσματος

347 2751 752 2800 μνηστεύεσθαί
783 2766 936 2797 τινας
969 2749 1048 2796 τὰς
1080 2749 1214 2801 κόραις.

408 2822 496 2864 Ohe
522 2824 606 2864 iam
636 2823 737 2864 satis
764 2819 850 2864 est!
884 2820 931 2862 ln
960 2824 1145 2863 mentem
1173 2820 1292 2862 nobis
1318 2819 1392 2861 has
1415 2815 1665 2874 quisquilias
1687 2815 1926 2874 legentibus

348 2894 464 2934 venit
497 2892 596 2934 libri
627 2894 674 2934 de
705 2891 936 2933 Fluviorum
969 2896 1006 2932 et
1034 2891 1238 2933 Montium
1270 2889 1504 2939 nominibus,
1537 2901 1663 2944 quem
1697 2885 1926 2930 Bernarda-

346 2962 444 3004 kius
475 2963 646 3004 exbibet
682 2961 765 3004 vol.
801 2961 878 3004 VII
898 2976 951 3017 ¹p.
986 2960 1239 3003 282-328.
1284 2960 1366 3012 Qui
1398 2959 1499 3002 licet
1532 2957 1670 3000 multo
1701 2958 1756 2999 sit
1785 2957 1924 3000 absur-

347 3032 449 3082 dior,
483 3032 662 3074 eundem
697 3036 839 3074 tamen
872 3032 1024 3074 habere
1058 3031 1229 3073 videtur
1261 3033 1476 3072 auctorem
1509 3031 1583 3071 aut
1613 3027 1798 3083 aliquem
1826 3026 1925 3069 huic
