2002 3372
1119 195 1202 241 162

367 319 553 376 legimus
593 318 754 361 nullam
797 318 918 361 nobis
951 319 1150 374 praebent
1181 318 1469 376 voluptatem:
1502 320 1740 375 sedulitate,
1771 336 1824 367 ne
1855 337 1944 381 per-

367 393 522 433 tinacia
549 390 700 441 dicam,
729 403 834 445 opus
862 392 924 431 est
950 389 1001 432 ad
1023 391 1105 432 ista
1122 391 1263 433 omnia
1279 390 1406 447 paulo
1423 394 1658 436 accuratius
1673 393 1925 452 perlegenda
1933 408 1944 448 ;

368 475 450 504 non
494 465 629 503 aetate
662 460 801 503 solum
834 460 906 503 sed
939 462 1068 503 etiam
1103 460 1291 504 doctrina
1322 462 1549 505 admodum
1581 468 1824 519 provectam
1855 479 1943 508 esse

366 535 690 575 consentaneum
734 535 797 573 est
837 530 1062 574 mulierem
1104 530 1240 583 illam,
1285 547 1413 589 quam
1453 533 1555 576 olim
1587 538 1676 577 tam
1707 534 1855 579 blande
1888 537 1944 578 sit

363 602 571 645 allocutus
598 601 876 658 philosophus
904 607 1058 654 noster,
1088 617 1299 659 quamque
1325 618 1435 649 nunc
1462 605 1543 647 sibi
1569 603 1703 662 eligat
1721 610 1940 663 patronam

361 673 461 715 libri
494 677 582 715 tam
615 673 724 716 docti
753 677 924 729 tamque
950 673 1161 716 laboriosi.
1195 674 1329 727 Quem
1358 677 1535 718 minime
1563 675 1810 732 „Pulchris”
1837 691 1941 734 quas

363 744 543 786 dicimus
587 744 950 786 adnumerandum
986 744 1178 797 „libris’',
1223 759 1357 801 neque
1391 745 1624 789 delectandi
1655 747 1726 790 sed
1757 750 1942 790 tantum-

363 815 486 857 modo
531 815 703 858 docendi
734 829 859 858 causa
891 816 1100 871 scriptum
1133 829 1342 871 nusquam
1376 817 1516 873 magis
1546 830 1673 873 quam
1703 817 1781 861 sub
1811 816 1938 860 finem

362 889 546 942 apparet.

422 957 593 1000 Etenim
628 982 683 989 —
715 957 759 999 id
802 957 912 1014 quod
955 971 1076 1013 saepe
1118 958 1162 999 in
1203 956 1299 1000 aliis
1330 957 1551 1001 Plutarchi
1582 957 1940 1015 disputationibus

362 1043 444 1071 non
495 1030 583 1070 sine
629 1028 908 1071 admiratione
955 1028 1137 1084 quadam
1184 1028 1459 1072 observamus
1501 1053 1557 1060 -
1597 1029 1673 1072 ubi
1717 1030 1940 1083 materiem

365 1113 486 1142 suam
518 1099 727 1151 exhausit,
760 1099 902 1142 subito
935 1098 1032 1141 silet
1063 1100 1254 1154 scriptor,
1282 1098 1332 1141 de
1361 1098 1679 1155 ‚,peroratione'.’
1705 1098 1847 1156 aliqua
1871 1099 1940 1142 ad-

365 1170 498 1212 denda
543 1185 594 1213 ne
641 1171 801 1227 cogitat
842 1169 1013 1226 quidem
1023 1184 1034 1222 3
1083 1169 1227 1212 nullus
1269 1170 1339 1212 hic
1380 1174 1443 1212 est
1486 1171 1684 1214 orationis
1726 1169 1937 1221 flosculus,

362 1243 494 1283 immo
528 1266 583 1272 -—
616 1241 661 1283 id
694 1241 805 1297 quod
836 1244 900 1284 tot
931 1240 1126 1298 perlectis
1156 1241 1324 1297 paginis
1354 1241 1474 1283 nobis
1504 1242 1597 1284 iure
1628 1244 1768 1284 nostro
1798 1244 1939 1297 postu·

363 1311 450 1355 lare
483 1312 681 1355 videmur
715 1337 770 1343 -
803 1326 855 1354 ne
889 1311 1260 1368 comprehenditur
1292 1311 1463 1367 quidem
1494 1311 1621 1369 longa
1651 1310 1727 1355 illa
1755 1314 1939 1355 narratio

363 1383 614 1426 sententiola
652 1382 792 1439 aliqua
822 1382 923 1425 libri
956 1382 1183 1425 consilium
1214 1381 1323 1425 clare
1354 1383 1614 1426 enuntiante.
1654 1382 1751 1426 Iure
1780 1387 1936 1434 nostro,

361 1455 439 1504 aio,
480 1454 525 1496 id
567 1455 685 1496 nobis
727 1453 943 1510 postulare
984 1453 1192 1505 videmur,
1227 1454 1326 1509 quia
1358 1453 1576 1507 eleqaiitiae
1605 1453 1779 1496 iubeant
1804 1452 1934 1510 leges.

358 1524 467 1566 Nam
485 1524 773 1579 perspicuitati
798 1526 858 1567 sic
886 1538 1052 1580 quoque
1079 1525 1181 1566 satis
1198 1523 1439 1566 consultum
1455 1523 1637 1567 libenter
1652 1525 1934 1580 agnoscimus.

359 1594 469 1647 Quid
512 1597 627 1638 enim
668 1597 801 1637 docere
841 1595 910 1637 hic
952 1594 1060 1638 velit
1100 1594 1368 1645 Plutarchus,
1400 1594 1445 1636 id
1477 1595 1617 1651 quivis
1647 1594 1779 1638 lector
1808 1594 1935 1651 paulo

359 1665 604 1722 diligentior
635 1667 780 1708 statim
813 1665 937 1708 dicet.
969 1665 1025 1707 Et
1052 1690 1106 1697 —
1137 1665 1178 1707 id
1207 1665 1319 1721 quod
1343 1666 1431 1708 iam
1459 1665 1548 1707 dixi
1577 1689 1634 1698 —-
1661 1667 1764 1721 quin
1791 1665 1936 1709 docere

359 1736 466 1779 velit
507 1751 630 1780 nemo
662 1737 885 1788 dubitabit,
919 1750 1001 1779 non
1033 1734 1179 1780 Oleam
1211 1735 1359 1788 solam,
1392 1735 1617 1779 mulierem
1649 1737 1845 1780 omnibus
1875 1738 1937 1779 in-

359 1811 563 1850 structam
605 1808 730 1850 rebus
761 1807 812 1850 ad
844 1806 1154 1863 philosophiam
1186 1807 1510 1862 pertinentibus,
1542 1806 1614 1850 sed
1645 1821 1788 1850 omnes
1820 1811 1937 1864 quot-

361 1882 463 1934 quot
494 1882 592 1920 sunt
623 1882 711 1921 toto
745 1882 953 1920 terrarum
985 1877 1081 1919 orbe
1113 1875 1315 1919 cultiores
1344 1876 1551 1928 homines,
1584 1879 1806 1934 praecipue
1839 1891 1937 1921 vero

359 1949 456 1992 illos
489 1951 562 2005 qui
592 1949 750 1992 Romae
784 1950 952 1998 vivunt,
989 1947 1059 1990 ubi
1090 1949 1177 1989 iam
1210 1947 1283 1990 diu
1309 1947 1623 2004 Aegyptiorum
1649 1947 1802 2005 religio
1830 1947 1937 1992 mul-

359 2023 438 2071 tos,
472 2025 598 2076 atque
630 2019 732 2062 adeo
765 2018 936 2071 multas,
969 2019 1051 2061 sibi
1084 2021 1221 2061 teneat
1252 2017 1481 2061 devinctas.
1522 2019 1663 2075 Atque
1695 2019 1833 2062 omnis
1860 2009 1936 2062 illa

359 2091 544 2134 doctrina
585 2091 699 2134 hisce
741 2089 1040 2147 comprehendi
1080 2093 1219 2145 potest
1261 2089 1423 2132 verbis:
1467 2091 1615 2146 „pium
1647 2103 1735 2133 esse
1763 2090 1842 2134 hoc
1873 2093 1937 2133 est

358 2161 508 2204 scire''.

421 2232 556 2284 Quam
598 2233 851 2274 sententiam
893 2231 1208 2273 abominaturos
1243 2231 1391 2286 opinor
1428 2231 1667 2287 quicunque
1697 2230 1801 2274 bene
1831 2230 1936 2273 didi-

358 2305 493 2346 cerint
539 2301 886 2354 „rationalismo”
919 2304 961 2344 et
993 2300 1426 2352 „intellectualismo”
1458 2300 1565 2343 nihil
1596 2314 1683 2344 esse
1714 2300 1937 2344 vitandum

359 2375 511 2430 magis.
545 2373 626 2416 Sed
657 2372 912 2415 Plutarchus
944 2385 1042 2414 cum
1075 2373 1243 2413 monet:
1278 2371 1465 2426 „sipius
1492 2385 1581 2413 esse
1607 2371 1675 2415 vis
1699 2371 1764 2414 fac
1789 2370 1938 2414 doctus

358 2445 476 2496 fias’',
519 2444 580 2486 nil
613 2446 773 2500 cogitat
806 2443 917 2499 quod
948 2442 1072 2484 humi
1103 2445 1222 2498 repat
1252 2442 1554 2499 hominemque
1584 2456 1756 2485 sursum
1788 2441 1935 2485 tollere

357 2531 425 2558 cor
468 2518 596 2558 vetet.
639 2515 777 2558 Immo
816 2529 916 2559 vero
949 2512 1148 2556 sublimia
1179 2517 1274 2555 tum
1307 2527 1472 2570 quoque
1503 2517 1677 2570 spectat,
1709 2527 1836 2569 seque
1867 2513 1936 2556 hic

358 2601 521 2642 quoque
549 2588 692 2629 virum
723 2588 908 2642 praestat
940 2599 1023 2627 non
1054 2583 1194 2627 solum
1225 2598 1290 2626 res
1321 2583 1583 2640 theologicas
1613 2583 1820 2626 indefessa
1847 2597 1937 2639 per·

357 2661 616 2699 scrutantem
657 2657 866 2699 industria
908 2655 980 2698 sed
1022 2656 1151 2698 etiam
1193 2658 1335 2697 mente
1375 2655 1480 2698 bene
1510 2658 1754 2711 praeparata
1784 2654 1837 2697 ad
1867 2667 1936 2697 eas

357 2727 636 2769 accedentem.
668 2727 996 2782 „Philosophiae
1024 2726 1201 2768 historia
1222 2739 1410 2768 errorum
1427 2725 1632 2781 quaedam
1649 2728 1713 2767 est
1728 2723 1934 2767 historia''

356 2797 514 2839 Bavius
541 2797 709 2848 clamat,
734 2798 996 2852 succinitque
1025 2795 1241 2839 Maevius:
1274 2799 1345 2846 „et
1366 2794 1584 2852 religionis
1600 2794 1936 2851 dogmatumque

356 2867 533 2909 historia
575 2867 636 2909 nil
668 2869 751 2909 nisi
782 2867 949 2910 fraudes
981 2868 1167 2909 continet
1199 2866 1506 2909 sacerdotum''.
1538 2867 1595 2908 At
1625 2867 1699 2921 qui
1730 2865 1780 2908 de
1810 2865 1935 2908 rebus

356 2937 441 2978 illis
469 2938 541 2979 diu
571 2937 842 2992 multumque
871 2938 1076 2993 cogitavit
1103 2936 1229 2993 longe
1257 2935 1381 2979 aliter
1408 2936 1588 2979 iudicat:
1619 2935 1873 2992 „dogmata”
1898 2936 1936 2978 is
