1930 3354
1035 283 1122 329 678

287 408 412 450 nibus
443 410 630 450 constare
663 419 899 449 sermonem
933 405 1130 450 dixerit”.
1164 406 1226 449 De
1259 421 1342 462 qno
1371 420 1483 450 nunc
1510 407 1589 450 hoc
1614 410 1865 454 nanzan-

288 482 381 519 tum
426 477 518 519 dico
560 475 676 531 loqui
716 477 779 518 ibi
820 477 964 520 virum
1008 478 1082 533 qui
1125 477 1207 519 sibi
1248 478 1304 519 sit
1344 477 1533 520 conscius
1574 490 1618 520 se
1657 478 1774 527 1111οε
1796 479 1865 521 sui

286 548 488 603 temporis
519 548 835 603 grammaticos,
860 547 1217 590 consentientibus
1239 548 1450 600 omnibus,
1477 550 1552 590 aut
1577 548 1865 606 principatum

287 622 362 661 aut
393 621 504 660 certe
536 619 748 674 insignem
780 616 924 660 locum
955 621 1108 661 tenere.
1672 650 1673 653 η
1698 650 1700 654 s
1756 650 1757 653 η

347 687 456 732 Cum
496 690 775 746 grammati-ca
806 689 1025 748 artissime
1050 689 1244 731 cohaeret
1246 689 1426 753 π»01101ῄο
1456 687 1672 732 literaria”
1705 692 1779 742 (ut
1803 690 1865 733 sic

287 772 380 801 eam
410 757 620 814 appellem
651 758 950 815 disciplinam),
978 772 1083 815 quae
1110 773 1237 815 quam
1267 759 1389 802 docte
1413 752 1645 816 quamque
1643 757 1866 818 eleganter

287 843 310 871 a
338 827 567 871 Plutarcho
592 830 648 871 sit
675 833 854 871 tractata
881 843 978 872 cum
1006 828 1080 883 alii
1105 829 1234 871 multi
1259 828 1359 871 libri
1383 828 1549 886 locique
1575 828 1865 874 demonstrant

287 903 383 941 tum
424 900 675 942 suavissima
715 899 792 942 illa
822 900 1106 954 Aristophanis
1137 904 1175 942 et
1206 900 1424 942 Menandri
1457 899 1864 956 comparatiu,'2cuius

287 970 372 1012 fere
411 973 551 1013 totum
591 974 894 1027 argumentum
935 971 1019 1013 huc
1061 971 1146 1013 fere
1177 971 1308 1013 redit:
1342 984 1499 1027 magno
1530 971 1676 1027 poetae
1703 971 1867 1014 Aristo-

287 1040 415 1096 phani
459 1040 777 1096 praeferendum
800 1099 803 1102 ⁴
825 1055 913 1083 esse
955 1041 1241 1084 Menandrum
1283 1045 1450 1097 poetam
1493 1041 1674 1095 bonum,
1714 1041 1761 1085 id
1800 1046 1864 1085 est

286 1110 439 1153 utilem
478 1110 738 1167 legentibus,
781 1111 1034 1167 prudentem
1079 1114 1351 1163 monitorem,
1395 1113 1613 1155 mentium.
1649 1111 1865 1166 medicum

288 1186 331 1224 et
354 1183 514 1237 ipsum.
546 1181 627 1224 Vix
659 1181 795 1224 dicere
827 1196 933 1238 opus
965 1187 1028 1225 est
1059 1196 1128 1225 me
1158 1183 1260 1225 huic
1289 1197 1370 1225 non
1403 1181 1863 1236 subscribereiudi'cio,

287 1265 423 1294 unum
464 1252 542 1294 hoc
583 1252 675 1295 (11οο
712 1251 976 1295 oratiuncula
1006 1251 1085 1295 illa
1121 1251 1401 1309 „sophistica”
1435 1251 1738 1310 philosophum
1768 1252 1864 1296 ado·

287 1321 516 1364 lescentem
558 1324 728 1379 egregie
771 1323 1078 1366 demonstrasse
1120 1337 1218 1366 eum
1251 1337 1294 1365 se
1327 1337 1415 1366 esse
1445 1323 1515 1366 cui
1545 1327 1756 1366 senatores
1776 1322 1866 1367 ,Ro-

289 1394 416 1443 mani,
460 1392 694 1450 elegantiae
734 1394 899 1436 Atticae
941 1394 1134 1445 studiosi,
1168 1395 1271 1436 bene
1302 1393 1456 1436 filiolos
1487 1407 1584 1436 suos
1615 1393 1865 1437 erudiendos

287 1467 457 1520 possent
486 1466 764 1507 committere.
808 1465 945 1517 Quam
977 1465 1090 1507 enim
1122 1466 1167 1506 in
1198 1469 1378 1520 utroque
1408 1467 1533 1521 poeta
1563 1467 1628 1508 est
1657 1454 1863 1516 00100100,

286 1535 513 1590 ipsumque
557 1534 666 1577 illud
712 1535 935 1587 iudicium,
984 1536 1180 1591 quamvis
1220 1549 1244 1578 a
1285 1539 1429 1578 nostro
1470 1534 1864 1592 (0001011000οω

287 1604 462 1661 plenum
501 1609 564 1648 est
594 1608 802 1649 acuminis
835 1609 878 1648 01
907 1604 1140 1663 elegantiae
1173 1610 1216 1648 et
1246 1619 1374 1662 quam
1407 1605 1560 1662 lepidis
1590 1607 1864 1663 venustisque

288 1677 443 1718 nititur
474 1675 859 1719 observationibus!
934 1723 937 1725 ,

347 1745 429 1789 Sed
470 1760 635 1803 semper
666 1752 707 1789 01
739 1749 910 1803 ubique,
945 1751 1070 1803 atque
1101 1746 1170 1788 hic
1201 1747 1450 1803 praesertim
1481 1745 1592 1789 illud
1619 1746 1864 1799 tenendum,

289 1817 339 1860 de
371 1822 459 1860 arte
491 1831 596 1873 quae
627 1819 743 1869 artis,
776 1818 826 1861 de
857 1817 1081 1874 disciplina
1113 1831 1220 1873 quae
1247 1817 1494 1873 disciplinae
1519 1830 1646 1860 00000
1668 1818 1728 1860 011
1753 1831 1865 1860 exer-

288 1888 416 1938 cenda
451 1889 562 1930 inter
593 1890 788 1944 antiquos
821 1902 872 1931 ne
905 1890 1134 1930 somniasse
1166 1886 1339 1944 quidem
1373 1901 1633 1944 quemquam
1661 1901 1863 1945 unquam.

288 1958 567 2020 Plutarchum
601 1973 715 2009 vero,
747 1961 785 2002 si
813 1973 864 2002 00
893 1959 1085 2002 audisset
1113 1958 1348 2010 vocabula,
1351 1960 1416 2005 in
1418 1959 1566 2011 nisum
1565 1959 1865 2016 1010000100-

289 2016 459 2082 turum
464 2029 619 2074 elucet.
650 2029 764 2072 Huic
796 2032 909 2072 enim
941 2031 1314 2086 persuasissimum
1346 2043 1514 2086 semper
1544 2029 1628 2072 fuit
1656 2029 1865 2087 quidquid

289 2106 389 2157 agat
415 2102 555 2152 homo,
584 2102 820 2157 cuicunque
847 2102 907 2144 rei
934 2100 1004 2143 det
1031 2114 1213 2156 operam,
1232 2099 1436 2157 quidquid
1453 2100 1584 2143 discat
1601 2100 1862 2158 studeatque,

288 2186 418 2214 unam
460 2186 627 2228 semper
667 2187 759 2215 rem
800 2174 840 2215 ei
882 2173 1142 2228 propositam
1175 2186 1262 2214 esse
1297 2171 1471 2214 debere:
1503 2176 1553 2214 ut
1583 2170 1747 2215 felicior
1776 2171 1864 2223 fiat,

288 2243 367 2285 boc
407 2247 471 2285 est
511 2242 672 2295 melior,
716 2247 767 2285 ut
807 2244 914 2285 vitia
956 2243 1111 2298 quibus
1153 2241 1316 2285 laboret
1357 2240 1511 2285 evellat
1541 2256 1592 2285 ex
1624 2243 1783 2294 animo,
1813 2246 1865 2285 ut

288 2314 390 2356 licet
421 2314 473 2356 ad
505 2314 748 2371 perfectam,
781 2312 851 2356 vel
882 2315 917 2355 si
949 2314 1087 2355 mavis
1120 2313 1358 2365 absurdam,
1392 2312 1630 2355 Stoicorum
1649 2314 1863 2370 ⁴virtutem

289 2387 344 2426 sit
384 2389 663 2440 perventurus
703 2398 936 2440 nunquam,
979 2397 1101 2426 verae
1142 2387 1285 2426 tamen
1327 2385 1502 2426 virtutis
1531 2384 1575 2426 in
1606 2383 1694 2427 dies
1723 2384 1864 2440 magis

290 2455 488 2497 admirari
517 2455 649 2498 discat
675 2457 923 2511 imaginem.
956 2454 1049 2497 Hoc
1077 2458 1140 2497 est
1165 2468 1240 2496 cur
1266 2458 1356 2496 tam
1383 2467 1504 2510 saepe
1531 2455 1622 2496 0100
1635 2455 1864 2496 immemor

290 2529 346 2567 sit
378 2525 607 2577 ἀκριβείας,
641 2539 747 2582 quae
777 2539 889 2568 nunc
919 2525 1004 2568 fere
1036 2524 1123 2567 sola
1154 2524 1267 2581 apud
1297 2526 1411 2568 viros
1445 2524 1591 2567 doctos
1621 2529 1686 2567 est
1707 2526 1761 2567 ’111
1789 2524 1863 2567 110-

290 2609 413 2639 1101·οε
462 2595 777 2652 Thrasybulum
824 2597 934 2638 inter
979 2595 1305 2649 τυραννοκτόνους
1353 2596 1557 2646 1100111101,
1605 2608 1679 2637 cur
1716 2608 1863 2638 versus

291 2666 527 2723 complures
569 2667 753 2709 Hesiodo
795 2666 1007 2709 abiudicet
1047 2667 1126 2709 hoc
1167 2667 1270 2708 satis
1305 2679 1453 2708 causae
1485 2666 1524 2708 ei
1555 2665 1722 2708 videtur
1751 2665 1863 2721 quod

289 2736 386 2779 11100
418 2741 493 2779 aut
523 2737 711 2779 moribus
743 2751 890 2780 nocere
922 2740 996 2779 aut
1026 2741 1135 2780 certe
1168 2751 1247 2779 non
1281 2736 1474 2793 prodesse
1500 2740 1679 2786 censeat,
1704 2735 1864 2792 Pytha-

290 2821 418 2863 gorae
464 2807 811 2863 Archimedisque
842 2809 1015 2850 inventa
1047 2811 1133 2849 tam
1166 2821 1319 2862 parum
1349 2810 1542 2849 accurate
1572 2805 1784 2863 significat
1813 2810 1863 2849 ut

290 2878 504 2920 interdum
531 2879 712 2934 suspicio
738 2882 934 2920 nascatur
959 2877 1119 2934 legenti
1142 2892 1232 2920 rem
1258 2878 1338 2919 sibi
1365 2891 1452 2920 esse
1480 2890 1579 2919 cum
1596 2891 1644 2920 eo
1660 2878 1861 2933 scriptore

292 2950 365 3002 qui
405 2962 511 3003 quae
552 2946 627 2989 illa
668 2948 825 2990 fuerint
862 2950 1036 2990 inventa
1077 2949 1166 3004 ipse
1208 2961 1360 3004 parum
1391 2948 1569 2990 noverit.
1611 2946 1721 3000 Quid
1751 2946 1862 3003 quod

291 3020 336 3059 in
375 3020 466 3074 ipsa
507 3023 596 3061 arte
629 3017 846 3061 dialectica
876 3018 1091 3061 interdum
1123 3033 1192 3061 000
1223 3020 1456 3061 committit
1488 3030 1646 3061 errores
1678 3018 1751 3073 qui
1781 3017 1861 3060 tibi
