2002 3372
1086 203 1172 245 314

403 323 600 366 Reiskius
642 326 738 365 ante
780 322 1002 365 ἀδικεῖσθαι
1043 324 1192 366 inserit
1233 325 1275 367 οἱ·
1306 328 1349 368 et
1387 342 1432 368 τε
1464 327 1560 381 post
1591 326 1722 379 αὐτοί,
1755 327 1914 384 partim

342 397 466 436 recte.
498 393 707 450 Equidem
739 395 798 436 sic
829 393 970 437 locum
1002 393 1295 452 retingendum
1326 397 1492 452 opinor:

403 464 472 505 καὶ
505 464 588 515 γὰρ
618 465 651 506 οἱ
686 463 908 506 ἀδικεῖσθαι
943 463 1135 515 δόξαντες
1169 466 1283 509 αὐτοὶ
1317 467 1529 520 πεφύκασι
1561 471 1695 518 μισεῖν
1727 467 1796 510 καὶ
1822 467 1914 515 τοὺς

343 534 479 580 ἄλλως
507 535 762 583 ἀδικητικοὺς
789 535 856 577 καὶ
884 536 936 582 ὡς
964 536 1151 588 πονηροὺς
1177 537 1484 589 προβάλλονται
1513 537 1579 581 καὶ
1597 537 1915 591 δυσχεραίνουσι.

403 605 484 657 Qui
514 607 597 661 ipsi
628 606 708 648 sibi
739 607 941 648 iniuriam
973 606 1161 664 aliquam
1193 610 1379 665 accipere
1411 610 1494 652 visi
1525 612 1626 652 sunt
1655 608 1916 653 natura-hoe

342 676 496 718 habent
537 680 585 718 ut
617 676 781 719 oderint
813 681 856 719 et
886 691 956 720 eos
987 679 1062 734 qui
1093 681 1264 723 omnino
1295 681 1491 723 iniuriosi
1523 679 1733 732 videntur,
1765 692 1916 738 eosque

343 750 391 788 ut
419 747 633 802 improbos
663 747 925 790 detestantur
955 752 1296 806 aversanturque.
1331 750 1556 806 Sequitur:

401 818 586 868 φθονοῦσι
620 817 654 859 δ’
685 818 830 866 ἁπλῶς
860 823 942 866 τοῖς
978 816 1021 862 εὖ
1053 819 1249 872 πράττειν
1280 820 1448 864 δοκοῦσι.

401 887 456 930 Et
487 891 702 931 structura
733 892 775 932 et
807 891 1014 933 sententia
1038 895 1132 947 post
1159 891 1302 939 ἁπλῶς
1329 892 1459 934 etiam
1486 890 1693 934 desiderat
1718 888 1916 940 ἅπαντες.

341 958 479 1002 Malos
519 960 697 1002 oderunt
738 961 1032 1004 tautummodo
1073 963 1148 1018 qui
1190 961 1331 1018 aliqua
1372 965 1472 1004 sunt
1508 961 1643 1005 affecti
1674 962 1844 1015 iniuria,
1874 965 1918 1005 et

340 1031 447 1072 hanc
487 1030 643 1073 habent
685 1031 770 1073 odii
802 1033 870 1074 sui
898 1038 1086 1083 causam,
1118 1032 1190 1074 sed
1221 1032 1417 1075 felicibus
1446 1032 1640 1077 invident
1671 1045 1817 1076 omnes
1846 1031 1917 1076 vel

340 1103 429 1143 sine
460 1114 585 1143 causa
615 1105 781 1157 praeter
810 1115 903 1145 eam
935 1102 1047 1159 quod
1079 1102 1223 1146 felices
1255 1106 1368 1146 sunt.

400 1170 533 1214 Paulo
565 1177 660 1228 post
690 1172 896 1230 leg-untur
926 1174 1028 1217 haec
1061 1174 1153 1226 (B):
1675 1212 1677 1214 .

399 1243 563 1286 invidia
602 1242 766 1286 infinita
807 1248 883 1296 est,
926 1244 1071 1288 odium
1103 1244 1298 1287 finitum:
1331 1241 1494 1297 ὥρισται
1528 1245 1618 1287 καθ’
1649 1243 1916 1295 ὑποκειμένων

342 1313 408 1355 aiei
441 1330 555 1355 τινων
587 1314 889 1365 ἀπερειδόμενον
921 1316 1017 1367 πρὸς
1050 1315 1186 1358 αὐτόν.

400 1384 579 1427 Rectene
620 1385 768 1428 retulit
809 1385 943 1429 editor
984 1386 1205 1429 Reiskium
1241 1400 1317 1442 pro
1349 1387 1445 1440 πρὸς
1478 1385 1602 1428 αὐτόν
1630 1385 1772 1443 legere
1802 1400 1918 1437 προσ-

341 1459 469 1497 αντῶν
511 1454 724 1498 voluisse?
770 1455 840 1499 Sic
882 1458 1011 1499 etiam
1052 1458 1289 1513 corruptior
1331 1457 1379 1499 fit
1418 1456 1550 1509 locus,
1589 1460 1633 1500 et
1671 1455 1783 1500 illud
1819 1457 1916 1507 πρὸς

341 1525 464 1568 αὐτόν
496 1527 644 1582 utique
674 1529 736 1569 est
765 1527 1048 1570 retinendum.
1080 1527 1289 1584 Equidem
1315 1531 1515 1584 reputans
1539 1527 1784 1585 praecedere
1808 1541 1917 1571 com·

340 1597 601 1652 parationem
633 1611 730 1639 cum
764 1612 808 1640 re
841 1602 962 1655 (puta
992 1597 1141 1655 clypeo
1174 1598 1243 1642 vel
1275 1598 1462 1656 speculo)
1495 1597 1739 1655 splendente
1769 1602 1812 1641 et
1838 1597 1914 1641 ful-

340 1672 481 1723 gente,
509 1666 626 1710 nullo
657 1668 799 1710 hiatus
831 1672 950 1711 metu
984 1668 1210 1712 deterritus
1240 1671 1299 1712 sic
1330 1669 1470 1727 legere
1501 1669 1632 1713 velim

401 1735 563 1788 ὥρισται
597 1739 676 1790 ἀφ’
710 1738 979 1790 ὑποκειμένων
1011 1741 1077 1782 del
1108 1756 1221 1782 τινων
1253 1739 1558 1792 ἀπερειδόμενον
1589 1740 1686 1793 πρὸς
1718 1739 1855 1792 αὐτόν,

340 1807 485 1850 odium
513 1808 734 1851 definitum
761 1813 837 1861 est,
865 1814 928 1853 est
955 1810 1075 1854 velut
1099 1811 1242 1868 fulgor
1268 1812 1342 1867 qui
1368 1825 1533 1867 semper
1559 1825 1583 1854 a
1605 1814 1719 1854 certo
1733 1810 1916 1867 quodam

341 1879 512 1922 homine
544 1881 639 1932 (ἀφ’
672 1880 940 1932 ὑποκειμένων
972 1883 1038 1924 αἰεί
1069 1886 1201 1935 τινων)
1231 1883 1516 1939 repercutitur
1536 1882 1568 1935 ¹)
1597 1883 1641 1924 in
1671 1882 1798 1937 ‘alpem
1823 1883 1916 1938 (qui

341 1964 440 1993 eum
471 1951 813 2007 contemplatur).

400 2021 522 2064 Nunc
554 2024 695 2065 omnia
725 2024 769 2065 in
800 2025 1017 2081 integrum
1049 2026 1247 2067 restituta
1280 2023 1490 2067 videntur.

403 2162 535 2207 5370
578 2164 745 2208 Invidia
775 2179 940 2221 semper
970 2166 1129 2208 iniusta
1160 2169 1224 2208 est

400 2238 614 2286 μισοῦνται
656 2236 696 2278 δὲ
739 2237 883 2278 πολλοὶ
917 2236 1091 2288 δικαίως,
1125 2237 1174 2284 ὦς
1207 2234 1271 2283 οὓς
1306 2235 1591 2286 ἀξιομισήτους
1626 2237 1833 2285 καλοῦμεν
1866 2233 1916 2278 ἂν

341 2306 399 2356 μὴ
431 2306 618 2357 φεύγωσι
650 2306 741 2354 τοὺς
775 2307 972 2354 τοιούτους
1006 2307 1107 2357 μηδὲ
1138 2307 1447 2359 βδελύττωνται
1480 2304 1549 2348 καὶ
1581 2305 1884 2359 δυσχεραίνωσι.

401 2376 559 2432 Scopae
591 2376 770 2430 solutae3
806 2379 1079 2434 aptissimum
1110 2378 1281 2420 videtur
1309 2376 1533 2420 vinculum
1564 2377 1637 2419 καί
1666 2389 1742 2432 pro
1772 2377 1824 2423 ὥς
1850 2373 1914 2422 οὕς

341 2449 588 2499 (sexcenties
619 2448 692 2490 καί
723 2452 766 2491 et
795 2450 846 2496 ὡς
877 2450 989 2491 inter
1020 2462 1063 2492 se
1096 2448 1427 2502 confunduntur)
1456 2447 1611 2504 legere,
1643 2445 1792 2490 deinde
1816 2459 1914 2490 eum

340 2517 542 2574 Emperio
573 2518 613 2560 οἵ
636 2520 819 2562 inserere
851 2522 948 2562 ante
980 2517 1044 2562 ἄν.

403 2661 538 2706 537D
581 2662 793 2705 Homerus
824 2662 1042 2705 Thersitae
1076 2663 1148 2711 τὴν
1179 2661 1253 2712 μὲν
1288 2665 1358 2703 τοῦ
1391 2661 1582 2712 σώματος
1612 2660 1762 2702 κακίαν
1792 2669 1915 2703 πολυ-

342 2738 470 2785 μερῶς
503 2735 570 2774 καὶ
604 2733 923 2785 περιωδευμένως
958 2731 1230 2785 ἐξεμόρφωσε,
1263 2734 1335 2781 τὴν
1369 2731 1408 2774 δὲ
1440 2734 1510 2774 τοῦ
1543 2732 1654 2781 ἤθους
1684 2730 1912 2784 μοχθηρίαν

342 2804 637 2854 συντομώτατα
672 2804 739 2847 καὶ
774 2804 821 2846 δι’
854 2805 935 2851 ἑνὸς
968 2804 1145 2858 ἔφρασεν

389 2956 424 2996 1)
455 2955 502 2987 Cf.
534 2955 571 2986 de
594 2957 626 2988 S.
641 2956 669 2987 N
676 2955 731 2987 .V.
758 2955 856 2987 5661)
880 2958 947 2995 φῶς
972 2955 1008 2986 ἐκ
1033 2955 1092 2986 τοῦ
1116 2952 1266 2995 τρίποδος
1291 2951 1533 2993 ἀπερειδόμενον
1557 2951 1603 2990 εἷς
1627 2951 1684 2984 τὸν
1707 2952 1912 2993 Παρνασσόν.
