2002 3372
875 200 964 244 253

177 326 225 369 οὔ
249 329 410 377 λῃστῶν
437 324 596 371 ἐνοδίοις
623 321 877 376 δικζώννυσιν
906 322 1082 373 ἐνέδραις
1110 323 1279 373 ἐρήμους
1307 323 1524 376 ὑπωρείας,
1547 323 1590 365 οὐ
1615 323 1718 376 νέφη

117 394 404 451 χαλαζοβόλα
438 395 590 443 πεδίοις
622 395 903 446 περιρρήγνυσι
940 393 1227 447 καρποφόροις.

178 468 237 512 Et
266 471 370 512 sunt
400 471 539 511 cetera
565 466 618 510 ad
643 465 823 510 eandem
848 479 1060 508 normam.
1094 465 1300 521 Sequitur
1326 465 1396 508 hic
1421 465 1581 521 aliquid
1609 465 1722 522 quod

118 543 234 583 certa
273 538 569 582 emendatione
613 538 771 594 corrigi
803 541 846 580 et
877 538 1013 593 possit
1045 540 1088 580 et
1118 536 1282 580 debeat.
1314 536 1425 580 Nam
1459 536 1722 580 cuicuimodi

117 613 201 655 iste
229 609 386 654 nebulo
418 610 516 661 fuit,
549 609 730 664 inteuiqi
761 611 873 651 certe
906 607 1064 651 voluit:

178 683 224 726 οὐ
257 682 452 730 Μίλητον
475 680 563 724 *οὐδ’
591 679 767 723 ’Ἄνυτον
801 679 886 722 οὐδὲ
922 679 1171 729 Καλλίξενον
1205 679 1365 730 ἐπείγει
1397 678 1674 731 συκοφάντην.

144 794 147 798 Α
179 751 296 797 Illud
327 753 484 804 ἐπείγει
519 751 799 795 Bernardakii
826 755 892 793 est
918 765 994 807 pro
1022 750 1178 794 tradito
1207 751 1298 793 ἐπεί
1325 767 1379 794 τι.
1413 751 1580 804 Quanto
1598 751 1722 809 Wyt-

118 824 333 869 tanbachii
362 827 479 868 certa
509 823 751 866 emendatio
785 822 939 872 ἐπάγει
973 820 1187 879 praestat!

71 897 76 902 “
178 894 331 941 Cetera
361 910 462 940 cum
493 895 738 952 pulvisculo
769 898 969 938 excutere
1002 896 1122 951 piget
1157 894 1395 951 taedetque.

335 1193 516 1225 Annum:
548 1193 605 1224 AN
637 1192 841 1224 CORPORIS
872 1191 1159 1224 AFFEGTIONES
1190 1192 1287 1224 SINT
1319 1192 1511 1224 PBIORES.

181 1328 275 1372 Hoc
305 1343 475 1386 quoque
505 1329 799 1386 fragmentum
832 1327 974 1371 levem
1005 1327 1180 1385 quidem
1213 1332 1256 1371 et
1287 1330 1590 1373 tantummodo
1623 1332 1725 1373 titu-

120 1399 217 1443 lum
244 1401 468 1458 aspicienti
495 1400 568 1443 sed
593 1404 737 1442 tamen
763 1399 953 1455 aliquam
974 1405 1119 1442 movet
1135 1399 1186 1443 de
1204 1403 1376 1443 auctore
1393 1400 1722 1445 dubitationem.

121 1471 239 1526 Quae
279 1471 520 1516 cuiusmodi
563 1473 622 1513 sit
663 1470 792 1527 paulo
833 1473 1071 1513 accuratius
1102 1485 1311 1527 exponere
1342 1470 1477 1514 lubet.
1512 1472 1726 1516 Novimus

121 1556 269 1586 omnes
300 1541 462 1586 librum
489 1541 618 1585 illum
645 1543 694 1584 de
710 1541 895 1597 friqoris
922 1542 1076 1595 oriyine
1102 1543 1207 1592 sive,
1237 1546 1285 1584 ut
1310 1540 1473 1586 Graeca
1500 1544 1568 1586 hic
1597 1546 1725 1587 verba

121 1615 233 1657 verti
265 1613 420 1665 solent,
451 1615 502 1656 de
522 1613 658 1668 primo
676 1613 860 1670 frigyore.
892 1613 956 1655 Ibi
990 1615 1132 1656 variae
1164 1615 1422 1656 sententiae:

244 1701 270 1727 a
310 1685 450 1743 frigus
481 1688 546 1728 est
575 1684 729 1728 caloris
762 1685 1001 1727 deminutio

242 1758 264 1798 b
370 1790 392 1808 „
490 1789 512 1808 „
579 1771 650 1800 aer
682 1756 866 1813 frigidus

242 1844 266 1871 ο
370 1861 391 1880 ,,
491 1860 512 1879 ,,
578 1842 688 1885 aqua
719 1828 879 1885 frigida

243 1900 273 1942 d
372 1933 394 1952 „
494 1932 515 1950 „
581 1904 695 1942 terra
725 1899 882 1956 frigida

120 1974 420 2028 proponuntur
464 1975 506 2013 et
554 1970 644 2014 sola
690 1984 838 2013 earum
886 1971 1025 2026 prima
1073 1969 1197 2026 plane
1245 1975 1296 2012 ut
1343 1969 1451 2014 levis
1499 1971 1725 2029 futilisque

121 2042 363 2094 damnatur,
390 2045 552 2085 ceterae
579 2056 710 2098 quam
735 2043 1055 2085 accuratissime
1081 2045 1322 2084 tractantur
1339 2042 1724 2101 defenduntur-que,

121 2117 250 2170 atque
289 2115 352 2157 ita
391 2117 441 2156 ut
482 2127 590 2170 quae
632 2114 829 2170 scriptori
870 2115 1060 2156 maxime
1090 2113 1255 2170 placeat
1287 2114 1621 2172 haudquaquam
1653 2130 1725 2173 ap-

121 2188 281 2243 pareat,
311 2188 487 2242 totaque
519 2184 755 2242 disputatio
787 2186 847 2228 sic
878 2184 1113 2228 clauditur:

185 2257 322 2309 „hanc
353 2257 595 2312 opinionem
628 2256 786 2312 (frigus
818 2270 906 2300 esse
935 2261 1094 2299 terram
1118 2257 1343 2314 frigidam)
1369 2260 1520 2301 ceteris
1547 2274 1724 2316 oppone.

122 2327 243 2381 Quod
286 2329 324 2370 si
362 2325 452 2370 illis
494 2329 639 2370 minus
671 2327 901 2384 probabilis
933 2327 1116 2379 videtur,
1149 2329 1285 2371 immo
1317 2343 1421 2372 vero
1453 2331 1537 2372 nisi
1567 2335 1727 2374 ceteras

122 2397 424 2456 probabilitate
448 2397 576 2455 longe
598 2398 772 2442 videtur
798 2413 1010 2455 superare,
1040 2401 1190 2442 missas
1207 2399 1273 2442 fac
1289 2414 1451 2453 omnes,
1470 2401 1725 2458 philosopho

122 2470 298 2527 dig-nius
338 2483 428 2514 esse
467 2472 587 2512 ratus
626 2471 670 2512 in
713 2470 840 2513 rebus
872 2471 1047 2514 incertis
1078 2470 1288 2514 iudicium
1321 2471 1486 2515 differre
1519 2487 1648 2530 quam
1682 2488 1726 2517 se

121 2543 225 2587 huic
257 2541 327 2586 vel
355 2541 422 2584 illi
453 2546 590 2585 sectae
621 2541 858 2585 addicere.'’

184 2613 251 2658 En
284 2613 354 2656 hic
384 2613 593 2656 habemus
625 2612 934 2670 philosophum
965 2615 1038 2670 qui
1071 2628 1154 2656 non
1186 2613 1328 2657 solum
1356 2614 1637 2658 Academicus
1662 2618 1728 2658 est

123 2685 197 2730 sed
223 2686 355 2729 etiam
383 2685 588 2736 βούλεται
615 2681 719 2727 εἶναι
748 2688 943 2737 τοιοῦτος,
970 2687 1040 2731 cui
1069 2685 1202 2737 ἐποχή
1230 2684 1307 2728 illa
1332 2699 1416 2728 non
1443 2687 1579 2729 tristis
1604 2701 1727 2743 quae-

123 2756 220 2800 dam
265 2756 438 2800 videtur
478 2757 719 2808 necessitas,
763 2769 893 2813 quam
936 2757 1060 2812 aequi
1103 2757 1287 2813 bonique
1329 2759 1396 2800 vir
1428 2771 1527 2800 vere
1559 2759 1727 2815 sapiens

123 2826 344 2872 consulere
383 2827 522 2879 debet,
566 2827 638 2870 sed
671 2829 745 2884 qui
775 2826 885 2870 illud
919 2831 1045 2884 putat
1077 2830 1217 2870 omnis
1246 2827 1545 2885 philosophiae
1576 2843 1728 2886 propo-

124 2901 271 2952 situm,
316 2913 401 2956 quo
443 2900 614 2943 naviter
656 2903 699 2941 et
730 2913 782 2941 ex
815 2900 951 2941 animi
985 2901 1194 2942 sententia
1226 2901 1364 2943 cuivis
1397 2900 1520 2943 docto
1553 2901 1609 2943 sit
1641 2904 1729 2944 ten-

125 2970 327 3014 dendum.
361 2970 466 3014 'I'am
501 2968 756 3013 Academico
789 2974 916 3026 atque
948 2969 1051 3014 adeo
1084 2974 1173 3014 tam
1206 2970 1398 3028 Sceptice
1430 2973 1503 3015 vix
1536 2985 1726 3028 unquam
