<?xml version="1.0" encoding="UTF-8"?>
<!DOCTYPE html PUBLIC "-//W3C//DTD XHTML 1.0 Transitional//EN"
    "http://www.w3.org/TR/xhtml1/DTD/xhtml1-transitional.dtd">
<html xmlns="http://www.w3.org/1999/xhtml" xml:lang="en" lang="en">
 <head>
  <title>
</title>
<meta http-equiv="Content-Type" content="text/html;charset=utf-8" />
  <meta name='ocr-system' content='tesseract 3.04.00' />
  <meta name='ocr-capabilities' content='ocr_page ocr_carea ocr_par ocr_line ocrx_word'/>
</head>
<body>
  <div class='ocr_page' id='page_1' title='image "./deplutarchoscrip00hartuoft_0369.png"; bbox 0 0 2002 3372; ppageno 0'>
   <div class='ocr_carea' id='block_1_1' title="bbox 0 0 34 3372">
    <p class='ocr_par' dir='ltr' id='par_1_1' title="bbox 0 0 34 3372">
     <span class='ocr_line' id='line_1_1' title="bbox 0 0 34 3372; baseline 0 0"><span class='ocrx_word' id='word_1_1' title='bbox 0 0 34 3372; x_wconf 95' lang='lat' dir='ltr'><strong> </strong></span> 
     </span>
    </p>
   </div>
   <div class='ocr_carea' id='block_1_2' title="bbox 875 276 962 328">
    <p class='ocr_par' dir='ltr' id='par_1_2' title="bbox 875 276 962 328">
     <span class='ocr_line' id='line_1_2' title="bbox 875 276 962 328; baseline 0 0"><span class='ocrx_word' id='word_1_2' title='bbox 875 276 962 328; x_wconf 77' lang='lat'><strong>353</strong></span> 
     </span>
    </p>
   </div>
   <div class='ocr_carea' id='block_1_3' title="bbox 120 400 1724 3169">
    <p class='ocr_par' dir='ltr' id='par_1_3' title="bbox 120 400 1722 1827">
     <span class='ocr_line' id='line_1_3' title="bbox 183 400 1720 467; baseline -0.001 -13"><span class='ocrx_word' id='word_1_3' title='bbox 183 404 299 464; x_wconf 78' lang='lat' dir='ltr'><strong>Quae</strong></span> <span class='ocrx_word' id='word_1_4' title='bbox 339 407 483 453; x_wconf 84' lang='lat' dir='ltr'><strong>omnia</strong></span> <span class='ocrx_word' id='word_1_5' title='bbox 524 408 651 467; x_wconf 88' lang='lat' dir='ltr'><strong>paulo</strong></span> <span class='ocrx_word' id='word_1_6' title='bbox 694 410 934 452; x_wconf 79' lang='lat' dir='ltr'><strong>accuratius</strong></span> <span class='ocrx_word' id='word_1_7' title='bbox 977 424 1075 453; x_wconf 85' lang='lat' dir='ltr'><strong>sum</strong></span> <span class='ocrx_word' id='word_1_8' title='bbox 1114 413 1362 466; x_wconf 85' lang='lat' dir='ltr'><strong>persecutus</strong></span> <span class='ocrx_word' id='word_1_9' title='bbox 1393 413 1443 452; x_wconf 88' lang='lat' dir='ltr'><strong>ut</strong></span> <span class='ocrx_word' id='word_1_10' title='bbox 1474 404 1577 466; x_wconf 89' lang='lat' dir='ltr'><strong>quid</strong></span> <span class='ocrx_word' id='word_1_11' title='bbox 1609 400 1720 452; x_wconf 82' lang='lat' dir='ltr'><strong>mihi</strong></span> 
     </span>
     <span class='ocr_line' id='line_1_4' title="bbox 122 479 1719 538; baseline -0.001 -13"><span class='ocrx_word' id='word_1_12' title='bbox 122 481 194 526; x_wconf 81' lang='lat' dir='ltr'><strong>hie</strong></span> <span class='ocrx_word' id='word_1_13' title='bbox 216 482 278 525; x_wconf 68' lang='lat' dir='ltr'><strong>{in</strong></span> <span class='ocrx_word' id='word_1_14' title='bbox 319 484 511 525; x_wconf 89' lang='lat' dir='ltr'><strong>mentem</strong></span> <span class='ocrx_word' id='word_1_15' title='bbox 553 481 738 525; x_wconf 84' lang='lat' dir='ltr'><strong>venisset</strong></span> <span class='ocrx_word' id='word_1_16' title='bbox 781 479 920 524; x_wconf 86' lang='lat' dir='ltr'><strong>dicere</strong></span> <span class='ocrx_word' id='word_1_17' title='bbox 964 495 1146 537; x_wconf 88' lang='lat' dir='ltr'><strong>possem.</strong></span> <span class='ocrx_word' id='word_1_18' title='bbox 1188 480 1511 538; x_wconf 79' lang='lat' dir='ltr'><strong>Epaminondae</strong></span> <span class='ocrx_word' id='word_1_19' title='bbox 1543 485 1719 538; x_wconf 80' lang='lat' dir='ltr'><strong>gentem</strong></span> 
     </span>
     <span class='ocr_line' id='line_1_5' title="bbox 122 550 1720 611; baseline -0.001 -14"><span class='ocrx_word' id='word_1_20' title='bbox 122 557 347 610; x_wconf 73' lang='lat' dir='ltr'><strong>tamquam</strong></span> <span class='ocrx_word' id='word_1_21' title='bbox 370 553 536 596; x_wconf 86' lang='lat' dir='ltr'><strong>amicus</strong></span> <span class='ocrx_word' id='word_1_22' title='bbox 562 552 762 595; x_wconf 80' lang='lat' dir='ltr'><strong>describit</strong></span> <span class='ocrx_word' id='word_1_23' title='bbox 788 550 1050 595; x_wconf 81' lang='lat' dir='ltr'><strong>Plutarchus</strong></span> <span class='ocrx_word' id='word_1_24' title='bbox 1077 554 1151 608; x_wconf 92' lang='lat' dir='ltr'><strong>qui</strong></span> <span class='ocrx_word' id='word_1_25' title='bbox 1177 567 1272 596; x_wconf 87' lang='lat' dir='ltr'><strong>eam</strong></span> <span class='ocrx_word' id='word_1_26' title='bbox 1298 551 1510 611; x_wconf 85' lang='lat' dir='ltr'><strong>singulari</strong></span> <span class='ocrx_word' id='word_1_27' title='bbox 1535 552 1720 610; x_wconf 91' lang='lat' dir='ltr'><strong>quadam</strong></span> 
     </span>
     <span class='ocr_line' id='line_1_6' title="bbox 121 622 1720 682; baseline -0.001 -14"><span class='ocrx_word' id='word_1_28' title='bbox 121 626 356 668; x_wconf 67' lang='lat' dir='ltr'><strong>veneretur</strong></span> <span class='ocrx_word' id='word_1_29' title='bbox 387 625 561 680; x_wconf 85' lang='lat' dir='ltr'><strong>pietate.</strong></span> <span class='ocrx_word' id='word_1_30' title='bbox 603 622 666 667; x_wconf 90' lang='lat' dir='ltr'><strong>De</strong></span> <span class='ocrx_word' id='word_1_31' title='bbox 706 636 785 666; x_wconf 87' lang='lat' dir='ltr'><strong>sua</strong></span> <span class='ocrx_word' id='word_1_32' title='bbox 823 627 952 680; x_wconf 85' lang='lat' dir='ltr'><strong>gente</strong></span> <span class='ocrx_word' id='word_1_33' title='bbox 985 637 1085 666; x_wconf 89' lang='lat' dir='ltr'><strong>eum</strong></span> <span class='ocrx_word' id='word_1_34' title='bbox 1117 625 1327 681; x_wconf 80' lang='lat' dir='ltr'><strong>cogitasse</strong></span> <span class='ocrx_word' id='word_1_35' title='bbox 1357 626 1506 682; x_wconf 87' lang='lat' dir='ltr'><strong>opinor</strong></span> <span class='ocrx_word' id='word_1_36' title='bbox 1537 638 1637 668; x_wconf 90' lang='lat' dir='ltr'><strong>cum</strong></span> <span class='ocrx_word' id='word_1_37' title='bbox 1669 623 1720 667; x_wconf 92' lang='lat' dir='ltr'><strong>de</strong></span> 
     </span>
     <span class='ocr_line' id='line_1_7' title="bbox 121 693 1721 753; baseline 0 -14"><span class='ocrx_word' id='word_1_38' title='bbox 121 694 382 753; x_wconf 78' lang='lat' dir='ltr'><strong>Polymnide</strong></span> <span class='ocrx_word' id='word_1_39' title='bbox 423 696 600 752; x_wconf 88' lang='lat' dir='ltr'><strong>eiusque</strong></span> <span class='ocrx_word' id='word_1_40' title='bbox 639 693 742 738; x_wconf 87' lang='lat' dir='ltr'><strong>filiis</strong></span> <span class='ocrx_word' id='word_1_41' title='bbox 783 698 940 746; x_wconf 87' lang='lat' dir='ltr'><strong>narrat,</strong></span> <span class='ocrx_word' id='word_1_42' title='bbox 985 694 1035 738; x_wconf 90' lang='lat' dir='ltr'><strong>de</strong></span> <span class='ocrx_word' id='word_1_43' title='bbox 1078 700 1214 739; x_wconf 89' lang='lat' dir='ltr'><strong>semet</strong></span> <span class='ocrx_word' id='word_1_44' title='bbox 1257 698 1366 753; x_wconf 88' lang='lat' dir='ltr'><strong>ipso,</strong></span> <span class='ocrx_word' id='word_1_45' title='bbox 1410 696 1462 740; x_wconf 90' lang='lat' dir='ltr'><strong>de</strong></span> <span class='ocrx_word' id='word_1_46' title='bbox 1505 695 1635 740; x_wconf 85' lang='lat' dir='ltr'><strong>fratre</strong></span> <span class='ocrx_word' id='word_1_47' title='bbox 1678 700 1721 739; x_wconf 88' lang='lat' dir='ltr'><strong>et</strong></span> 
     </span>
     <span class='ocr_line' id='line_1_8' title="bbox 120 765 1721 825; baseline -0.001 -14"><span class='ocrx_word' id='word_1_48' title='bbox 120 771 242 825; x_wconf 83' lang='lat' dir='ltr'><strong>patre</strong></span> <span class='ocrx_word' id='word_1_49' title='bbox 282 780 375 811; x_wconf 85' lang='lat' dir='ltr'><strong>suo.</strong></span> <span class='ocrx_word' id='word_1_50' title='bbox 415 766 530 812; x_wconf 87' lang='lat' dir='ltr'><strong>Nam</strong></span> <span class='ocrx_word' id='word_1_51' title='bbox 570 766 686 810; x_wconf 89' lang='lat' dir='ltr'><strong>haud</strong></span> <span class='ocrx_word' id='word_1_52' title='bbox 728 766 870 818; x_wconf 85' lang='lat' dir='ltr'><strong>dubie,</strong></span> <span class='ocrx_word' id='word_1_53' title='bbox 909 768 971 810; x_wconf 86' lang='lat' dir='ltr'><strong>ita</strong></span> <span class='ocrx_word' id='word_1_54' title='bbox 1003 770 1053 810; x_wconf 91' lang='lat' dir='ltr'><strong>ut</strong></span> <span class='ocrx_word' id='word_1_55' title='bbox 1083 781 1229 811; x_wconf 90' lang='lat' dir='ltr'><strong>omnes</strong></span> <span class='ocrx_word' id='word_1_56' title='bbox 1262 765 1429 820; x_wconf 81' lang='lat' dir='ltr'><strong>Graeci,</strong></span> <span class='ocrx_word' id='word_1_57' title='bbox 1461 767 1721 811; x_wconf 87' lang='lat' dir='ltr'><strong>Plutarchus</strong></span> 
     </span>
     <span class='ocr_line' id='line_1_9' title="bbox 121 837 1720 896; baseline 0 -14"><span class='ocrx_word' id='word_1_58' title='bbox 121 839 301 896; x_wconf 75' lang='lat' dir='ltr'><strong>suspicit</strong></span> <span class='ocrx_word' id='word_1_59' title='bbox 331 837 583 883; x_wconf 71' lang='lat' dir='ltr'><strong>Thebanum</strong></span> <span class='ocrx_word' id='word_1_60' title='bbox 609 837 753 891; x_wconf 91' lang='lat' dir='ltr'><strong>illum,</strong></span> <span class='ocrx_word' id='word_1_61' title='bbox 782 839 857 895; x_wconf 88' lang='lat' dir='ltr'><strong>qui</strong></span> <span class='ocrx_word' id='word_1_62' title='bbox 882 840 1025 882; x_wconf 88' lang='lat' dir='ltr'><strong>nescio</strong></span> <span class='ocrx_word' id='word_1_63' title='bbox 1054 853 1106 882; x_wconf 90' lang='lat' dir='ltr'><strong>an</strong></span> <span class='ocrx_word' id='word_1_64' title='bbox 1133 841 1330 882; x_wconf 90' lang='lat' dir='ltr'><strong>omnium</strong></span> <span class='ocrx_word' id='word_1_65' title='bbox 1358 841 1491 883; x_wconf 87' lang='lat' dir='ltr'><strong>totius</strong></span> <span class='ocrx_word' id='word_1_66' title='bbox 1518 838 1720 884; x_wconf 80' lang='lat' dir='ltr'><strong>Graeciae</strong></span> 
     </span>
     <span class='ocr_line' id='line_1_10' title="bbox 120 909 1720 968; baseline -0.001 -13"><span class='ocrx_word' id='word_1_67' title='bbox 120 911 315 955; x_wconf 59' lang='lat' dir='ltr'><strong>thorum</strong></span> <span class='ocrx_word' id='word_1_68' title='bbox 360 909 540 954; x_wconf 83' lang='lat' dir='ltr'><strong>fortium</strong></span> <span class='ocrx_word' id='word_1_69' title='bbox 586 924 672 953; x_wconf 93' lang='lat' dir='ltr'><strong>non</strong></span> <span class='ocrx_word' id='word_1_70' title='bbox 719 910 980 954; x_wconf 90' lang='lat' dir='ltr'><strong>fortissimus</strong></span> <span class='ocrx_word' id='word_1_71' title='bbox 1027 910 1169 954; x_wconf 88' lang='lat' dir='ltr'><strong>solum</strong></span> <span class='ocrx_word' id='word_1_72' title='bbox 1216 911 1289 954; x_wconf 91' lang='lat' dir='ltr'><strong>sed</strong></span> <span class='ocrx_word' id='word_1_73' title='bbox 1331 915 1374 954; x_wconf 90' lang='lat' dir='ltr'><strong>et</strong></span> <span class='ocrx_word' id='word_1_74' title='bbox 1413 912 1720 968; x_wconf 84' lang='lat' dir='ltr'><strong>integerrimus</strong></span> 
     </span>
     <span class='ocr_line' id='line_1_11' title="bbox 121 981 1720 1039; baseline -0.001 -13"><span class='ocrx_word' id='word_1_75' title='bbox 121 981 267 1034; x_wconf 68' lang='lat' dir='ltr'><strong>fuerit,</strong></span> <span class='ocrx_word' id='word_1_76' title='bbox 291 982 468 1039; x_wconf 83' lang='lat' dir='ltr'><strong>eiusque</strong></span> <span class='ocrx_word' id='word_1_77' title='bbox 493 981 564 1025; x_wconf 91' lang='lat' dir='ltr'><strong>hic</strong></span> <span class='ocrx_word' id='word_1_78' title='bbox 587 983 738 1026; x_wconf 78' lang='lat' dir='ltr'><strong>vivam</strong></span> <span class='ocrx_word' id='word_1_79' title='bbox 765 981 1009 1039; x_wconf 85' lang='lat' dir='ltr'><strong>legentibus</strong></span> <span class='ocrx_word' id='word_1_80' title='bbox 1038 987 1137 1026; x_wconf 89' lang='lat' dir='ltr'><strong>ante</strong></span> <span class='ocrx_word' id='word_1_81' title='bbox 1165 982 1310 1026; x_wconf 84' lang='lat' dir='ltr'><strong>oculos</strong></span> <span class='ocrx_word' id='word_1_82' title='bbox 1337 984 1460 1039; x_wconf 89' lang='lat' dir='ltr'><strong>ponit</strong></span> <span class='ocrx_word' id='word_1_83' title='bbox 1481 983 1720 1039; x_wconf 84' lang='lat' dir='ltr'><strong>imaginem</strong></span> 
     </span>
     <span class='ocr_line' id='line_1_12' title="bbox 122 1053 1722 1111; baseline 0 -14"><span class='ocrx_word' id='word_1_84' title='bbox 122 1057 174 1097; x_wconf 86' lang='lat' dir='ltr'><strong>ut</strong></span> <span class='ocrx_word' id='word_1_85' title='bbox 203 1055 265 1099; x_wconf 82' lang='lat' dir='ltr'><strong>sic</strong></span> <span class='ocrx_word' id='word_1_86' title='bbox 295 1067 466 1110; x_wconf 88' lang='lat' dir='ltr'><strong>qnoque</strong></span> <span class='ocrx_word' id='word_1_87' title='bbox 495 1067 647 1097; x_wconf 89' lang='lat' dir='ltr'><strong>eorum</strong></span> <span class='ocrx_word' id='word_1_88' title='bbox 678 1054 836 1097; x_wconf 87' lang='lat' dir='ltr'><strong>refutet</strong></span> <span class='ocrx_word' id='word_1_89' title='bbox 867 1053 1150 1098; x_wconf 85' lang='lat' dir='ltr'><strong>contumelias</strong></span> <span class='ocrx_word' id='word_1_90' title='bbox 1182 1056 1257 1111; x_wconf 91' lang='lat' dir='ltr'><strong>qui</strong></span> <span class='ocrx_word' id='word_1_91' title='bbox 1288 1058 1331 1097; x_wconf 87' lang='lat' dir='ltr'><strong>et</strong></span> <span class='ocrx_word' id='word_1_92' title='bbox 1357 1069 1408 1097; x_wconf 85' lang='lat' dir='ltr'><strong>ex</strong></span> <span class='ocrx_word' id='word_1_93' title='bbox 1435 1053 1654 1097; x_wconf 81' lang='lat' dir='ltr'><strong>Herodoto</strong></span> <span class='ocrx_word' id='word_1_94' title='bbox 1679 1057 1722 1096; x_wconf 91' lang='lat' dir='ltr'><strong>et</strong></span> 
     </span>
     <span class='ocr_line' id='line_1_13' title="bbox 121 1124 1721 1183; baseline -0.001 -13"><span class='ocrx_word' id='word_1_95' title='bbox 121 1124 294 1170; x_wconf 75' lang='lat' dir='ltr'><strong>aliunde</strong></span> <span class='ocrx_word' id='word_1_96' title='bbox 333 1125 588 1181; x_wconf 81' lang='lat' dir='ltr'><strong>conquirant</strong></span> <span class='ocrx_word' id='word_1_97' title='bbox 629 1130 885 1182; x_wconf 86' lang='lat' dir='ltr'><strong>argumenta</strong></span> <span class='ocrx_word' id='word_1_98' title='bbox 915 1125 967 1169; x_wconf 90' lang='lat' dir='ltr'><strong>ad</strong></span> <span class='ocrx_word' id='word_1_99' title='bbox 999 1125 1380 1170; x_wconf 87' lang='lat' dir='ltr'><strong>demonstrandum</strong></span> <span class='ocrx_word' id='word_1_100' title='bbox 1413 1140 1582 1183; x_wconf 84' lang='lat' dir='ltr'><strong>semper</strong></span> <span class='ocrx_word' id='word_1_101' title='bbox 1612 1124 1721 1168; x_wconf 80' lang='lat' dir='ltr'><strong>&#39;Phe-</strong></span> 
     </span>
     <span class='ocr_line' id='line_1_14' title="bbox 120 1194 1720 1254; baseline -0.001 -14"><span class='ocrx_word' id='word_1_102' title='bbox 120 1196 253 1241; x_wconf 82' lang='lat' dir='ltr'><strong>banos</strong></span> <span class='ocrx_word' id='word_1_103' title='bbox 294 1197 359 1240; x_wconf 84' lang='lat' dir='ltr'><strong>ita</strong></span> <span class='ocrx_word' id='word_1_104' title='bbox 403 1210 450 1240; x_wconf 84' lang='lat' dir='ltr'><strong>ee</strong></span> <span class='ocrx_word' id='word_1_105' title='bbox 493 1197 675 1253; x_wconf 80' lang='lat' dir='ltr'><strong>gessisse</strong></span> <span class='ocrx_word' id='word_1_106' title='bbox 723 1201 773 1240; x_wconf 89' lang='lat' dir='ltr'><strong>ut</strong></span> <span class='ocrx_word' id='word_1_107' title='bbox 814 1198 1132 1254; x_wconf 88' lang='lat' dir='ltr'><strong>contemptione</strong></span> <span class='ocrx_word' id='word_1_108' title='bbox 1175 1200 1415 1240; x_wconf 87' lang='lat' dir='ltr'><strong>ceterorum</strong></span> <span class='ocrx_word' id='word_1_109' title='bbox 1458 1194 1720 1240; x_wconf 86' lang='lat' dir='ltr'><strong>Graecorum</strong></span> 
     </span>
     <span class='ocr_line' id='line_1_15' title="bbox 121 1267 1720 1326; baseline -0.001 -14"><span class='ocrx_word' id='word_1_110' title='bbox 121 1267 246 1326; x_wconf 74' lang='lat' dir='ltr'><strong>dign</strong></span> <span class='ocrx_word' id='word_1_111' title='bbox 269 1271 421 1312; x_wconf 88' lang='lat' dir='ltr'><strong>essent.</strong></span> <span class='ocrx_word' id='word_1_112' title='bbox 453 1267 537 1311; x_wconf 84' lang='lat' dir='ltr'><strong>Sed</strong></span> <span class='ocrx_word' id='word_1_113' title='bbox 563 1282 664 1325; x_wconf 89' lang='lat' dir='ltr'><strong>prae</strong></span> <span class='ocrx_word' id='word_1_114' title='bbox 690 1270 841 1311; x_wconf 89' lang='lat' dir='ltr'><strong>ceteris</strong></span> <span class='ocrx_word' id='word_1_115' title='bbox 869 1268 1019 1312; x_wconf 88' lang='lat' dir='ltr'><strong>laudat</strong></span> <span class='ocrx_word' id='word_1_116' title='bbox 1047 1269 1281 1325; x_wconf 85' lang='lat' dir='ltr'><strong>probatque</strong></span> <span class='ocrx_word' id='word_1_117' title='bbox 1307 1269 1400 1312; x_wconf 90' lang='lat' dir='ltr'><strong>eius</strong></span> <span class='ocrx_word' id='word_1_118' title='bbox 1427 1267 1720 1325; x_wconf 82' lang='lat' dir='ltr'><strong>prudentiam:</strong></span> 
     </span>
     <span class='ocr_line' id='line_1_16' title="bbox 121 1339 1720 1396; baseline -0.002 -12"><span class='ocrx_word' id='word_1_119' title='bbox 121 1340 426 1384; x_wconf 79' lang='lat' dir='ltr'><strong>coniurationis</strong></span> <span class='ocrx_word' id='word_1_120' title='bbox 464 1341 677 1396; x_wconf 87' lang='lat' dir='ltr'><strong>particeps</strong></span> <span class='ocrx_word' id='word_1_121' title='bbox 718 1354 809 1383; x_wconf 89' lang='lat' dir='ltr'><strong>esse</strong></span> <span class='ocrx_word' id='word_1_122' title='bbox 850 1339 1169 1396; x_wconf 84' lang='lat' dir='ltr'><strong>Epaminondas</strong></span> <span class='ocrx_word' id='word_1_123' title='bbox 1200 1354 1284 1383; x_wconf 91' lang='lat' dir='ltr'><strong>non</strong></span> <span class='ocrx_word' id='word_1_124' title='bbox 1317 1339 1439 1384; x_wconf 85' lang='lat' dir='ltr'><strong>vult:</strong></span> <span class='ocrx_word' id='word_1_125' title='bbox 1474 1343 1574 1383; x_wconf 90' lang='lat' dir='ltr'><strong>sunt</strong></span> <span class='ocrx_word' id='word_1_126' title='bbox 1606 1341 1720 1382; x_wconf 89' lang='lat' dir='ltr'><strong>enim</strong></span> 
     </span>
     <span class='ocr_line' id='line_1_17' title="bbox 120 1410 1721 1468; baseline -0.001 -13"><span class='ocrx_word' id='word_1_127' title='bbox 120 1412 235 1456; x_wconf 84' lang='lat' dir='ltr'><strong>inter</strong></span> <span class='ocrx_word' id='word_1_128' title='bbox 262 1425 333 1455; x_wconf 84' lang='lat' dir='ltr'><strong>eos</strong></span> <span class='ocrx_word' id='word_1_129' title='bbox 364 1410 480 1455; x_wconf 87' lang='lat' dir='ltr'><strong>haud</strong></span> <span class='ocrx_word' id='word_1_130' title='bbox 510 1412 636 1468; x_wconf 90' lang='lat' dir='ltr'><strong>pauci</strong></span> <span class='ocrx_word' id='word_1_131' title='bbox 667 1412 799 1454; x_wconf 90' lang='lat' dir='ltr'><strong>nimis</strong></span> <span class='ocrx_word' id='word_1_132' title='bbox 830 1411 1120 1464; x_wconf 84' lang='lat' dir='ltr'><strong>vehementes,</strong></span> <span class='ocrx_word' id='word_1_133' title='bbox 1148 1412 1224 1468; x_wconf 90' lang='lat' dir='ltr'><strong>qui</strong></span> <span class='ocrx_word' id='word_1_134' title='bbox 1249 1426 1332 1454; x_wconf 86' lang='lat' dir='ltr'><strong>non</strong></span> <span class='ocrx_word' id='word_1_135' title='bbox 1361 1412 1549 1455; x_wconf 89' lang='lat' dir='ltr'><strong>contenti</strong></span> <span class='ocrx_word' id='word_1_136' title='bbox 1573 1425 1721 1454; x_wconf 86' lang='lat' dir='ltr'><strong>eorum</strong></span> 
     </span>
     <span class='ocr_line' id='line_1_18' title="bbox 121 1481 1722 1540; baseline -0.002 -13"><span class='ocrx_word' id='word_1_137' title='bbox 121 1496 272 1540; x_wconf 83' lang='lat' dir='ltr'><strong>poena,</strong></span> <span class='ocrx_word' id='word_1_138' title='bbox 302 1484 379 1540; x_wconf 89' lang='lat' dir='ltr'><strong>qui</strong></span> <span class='ocrx_word' id='word_1_139' title='bbox 409 1481 640 1526; x_wconf 88' lang='lat' dir='ltr'><strong>crudeliter</strong></span> <span class='ocrx_word' id='word_1_140' title='bbox 670 1487 881 1527; x_wconf 87' lang='lat' dir='ltr'><strong>vexarunt</strong></span> <span class='ocrx_word' id='word_1_141' title='bbox 912 1484 1091 1527; x_wconf 85' lang='lat' dir='ltr'><strong>miseros</strong></span> <span class='ocrx_word' id='word_1_142' title='bbox 1123 1484 1256 1536; x_wconf 83' lang='lat' dir='ltr'><strong>cives,</strong></span> <span class='ocrx_word' id='word_1_143' title='bbox 1286 1487 1422 1527; x_wconf 86' lang='lat' dir='ltr'><strong>totam</strong></span> <span class='ocrx_word' id='word_1_144' title='bbox 1455 1483 1608 1526; x_wconf 90' lang='lat' dir='ltr'><strong>urbem</strong></span> <span class='ocrx_word' id='word_1_145' title='bbox 1635 1483 1722 1525; x_wconf 86' lang='lat' dir='ltr'><strong>sint</strong></span> 
     </span>
     <span class='ocr_line' id='line_1_19' title="bbox 121 1552 1720 1612; baseline -0.001 -14"><span class='ocrx_word' id='word_1_146' title='bbox 121 1555 331 1612; x_wconf 74' lang='lat' dir='ltr'><strong>sauguine</strong></span> <span class='ocrx_word' id='word_1_147' title='bbox 371 1552 609 1611; x_wconf 84' lang='lat' dir='ltr'><strong>impleturi.</strong></span> <span class='ocrx_word' id='word_1_148' title='bbox 651 1553 734 1598; x_wconf 81' lang='lat' dir='ltr'><strong>Sed</strong></span> <span class='ocrx_word' id='word_1_149' title='bbox 777 1553 911 1598; x_wconf 90' lang='lat' dir='ltr'><strong>semel</strong></span> <span class='ocrx_word' id='word_1_150' title='bbox 952 1554 1005 1598; x_wconf 88' lang='lat' dir='ltr'><strong>ad</strong></span> <span class='ocrx_word' id='word_1_151' title='bbox 1048 1569 1164 1606; x_wconf 89' lang='lat' dir='ltr'><strong>eum,</strong></span> <span class='ocrx_word' id='word_1_152' title='bbox 1207 1569 1336 1612; x_wconf 89' lang='lat' dir='ltr'><strong>quem</strong></span> <span class='ocrx_word' id='word_1_153' title='bbox 1369 1559 1412 1598; x_wconf 88' lang='lat' dir='ltr'><strong>et</strong></span> <span class='ocrx_word' id='word_1_154' title='bbox 1442 1555 1533 1612; x_wconf 84' lang='lat' dir='ltr'><strong>ipse</strong></span> <span class='ocrx_word' id='word_1_155' title='bbox 1564 1557 1720 1611; x_wconf 87' lang='lat' dir='ltr'><strong>sperat,</strong></span> 
     </span>
     <span class='ocr_line' id='line_1_20' title="bbox 121 1625 1721 1684; baseline 0 -14"><span class='ocrx_word' id='word_1_156' title='bbox 121 1625 250 1670; x_wconf 78' lang='lat' dir='ltr'><strong>finem</strong></span> <span class='ocrx_word' id='word_1_157' title='bbox 278 1626 570 1670; x_wconf 82' lang='lat' dir='ltr'><strong>coniuratione</strong></span> <span class='ocrx_word' id='word_1_158' title='bbox 598 1625 815 1683; x_wconf 89' lang='lat' dir='ltr'><strong>perducta,</strong></span> <span class='ocrx_word' id='word_1_159' title='bbox 849 1640 962 1678; x_wconf 89' lang='lat' dir='ltr'><strong>cum,</strong></span> <span class='ocrx_word' id='word_1_160' title='bbox 995 1626 1039 1669; x_wconf 90' lang='lat' dir='ltr'><strong>id</strong></span> <span class='ocrx_word' id='word_1_161' title='bbox 1072 1626 1184 1683; x_wconf 92' lang='lat' dir='ltr'><strong>quod</strong></span> <span class='ocrx_word' id='word_1_162' title='bbox 1216 1641 1301 1670; x_wconf 92' lang='lat' dir='ltr'><strong>non</strong></span> <span class='ocrx_word' id='word_1_163' title='bbox 1332 1626 1424 1670; x_wconf 88' lang='lat' dir='ltr'><strong>fieri</strong></span> <span class='ocrx_word' id='word_1_164' title='bbox 1454 1641 1539 1670; x_wconf 91' lang='lat' dir='ltr'><strong>non</strong></span> <span class='ocrx_word' id='word_1_165' title='bbox 1566 1629 1721 1684; x_wconf 88' lang='lat' dir='ltr'><strong>potest,</strong></span> 
     </span>
     <span class='ocr_line' id='line_1_21' title="bbox 121 1697 1721 1755; baseline -0.001 -13"><span class='ocrx_word' id='word_1_166' title='bbox 121 1697 176 1742; x_wconf 82' lang='lat' dir='ltr'><strong>ad</strong></span> <span class='ocrx_word' id='word_1_167' title='bbox 195 1701 412 1755; x_wconf 79' lang='lat' dir='ltr'><strong>-apertum</strong></span> <span class='ocrx_word' id='word_1_168' title='bbox 453 1711 554 1742; x_wconf 87' lang='lat' dir='ltr'><strong>cum</strong></span> <span class='ocrx_word' id='word_1_169' title='bbox 587 1697 807 1754; x_wconf 83' lang='lat' dir='ltr'><strong>Spartanis</strong></span> <span class='ocrx_word' id='word_1_170' title='bbox 841 1699 922 1740; x_wconf 88' lang='lat' dir='ltr'><strong>erit</strong></span> <span class='ocrx_word' id='word_1_171' title='bbox 953 1702 1210 1755; x_wconf 85' lang='lat' dir='ltr'><strong>perventum</strong></span> <span class='ocrx_word' id='word_1_172' title='bbox 1243 1697 1420 1750; x_wconf 89' lang='lat' dir='ltr'><strong>bellum,</strong></span> <span class='ocrx_word' id='word_1_173' title='bbox 1451 1697 1647 1741; x_wconf 88' lang='lat' dir='ltr'><strong>lubenter</strong></span> <span class='ocrx_word' id='word_1_174' title='bbox 1676 1699 1721 1740; x_wconf 88' lang='lat' dir='ltr'><strong>in</strong></span> 
     </span>
     <span class='ocr_line' id='line_1_22' title="bbox 121 1768 1720 1827; baseline -0.002 -14"><span class='ocrx_word' id='word_1_175' title='bbox 121 1782 169 1813; x_wconf 81' lang='lat' dir='ltr'><strong>se</strong></span> <span class='ocrx_word' id='word_1_176' title='bbox 193 1769 358 1827; x_wconf 80' lang='lat' dir='ltr'><strong>patriae</strong></span> <span class='ocrx_word' id='word_1_177' title='bbox 381 1768 663 1826; x_wconf 86' lang='lat' dir='ltr'><strong>militumque</strong></span> <span class='ocrx_word' id='word_1_178' title='bbox 689 1770 763 1825; x_wconf 88' lang='lat' dir='ltr'><strong>qui</strong></span> <span class='ocrx_word' id='word_1_179' title='bbox 790 1783 867 1826; x_wconf 89' lang='lat' dir='ltr'><strong>pro</strong></span> <span class='ocrx_word' id='word_1_180' title='bbox 894 1783 944 1812; x_wconf 91' lang='lat' dir='ltr'><strong>ea</strong></span> <span class='ocrx_word' id='word_1_181' title='bbox 970 1773 1071 1812; x_wconf 89' lang='lat' dir='ltr'><strong>sunt</strong></span> <span class='ocrx_word' id='word_1_182' title='bbox 1096 1770 1333 1826; x_wconf 85' lang='lat' dir='ltr'><strong>pugnaturi</strong></span> <span class='ocrx_word' id='word_1_183' title='bbox 1358 1770 1536 1827; x_wconf 88' lang='lat' dir='ltr'><strong>recipiet</strong></span> <span class='ocrx_word' id='word_1_184' title='bbox 1558 1782 1720 1812; x_wconf 84' lang='lat' dir='ltr'><strong>curam.</strong></span> 
     </span>
    </p>

    <p class='ocr_par' dir='ltr' id='par_1_4' title="bbox 121 1839 1724 2756">
     <span class='ocr_line' id='line_1_23' title="bbox 181 1839 1721 1897; baseline -0.001 -13"><span class='ocrx_word' id='word_1_185' title='bbox 181 1839 296 1894; x_wconf 83' lang='lat' dir='ltr'><strong>Quid</strong></span> <span class='ocrx_word' id='word_1_186' title='bbox 325 1840 441 1897; x_wconf 82' lang='lat' dir='ltr'><strong>quod</strong></span> <span class='ocrx_word' id='word_1_187' title='bbox 471 1844 515 1884; x_wconf 88' lang='lat' dir='ltr'><strong>et</strong></span> <span class='ocrx_word' id='word_1_188' title='bbox 544 1841 589 1883; x_wconf 91' lang='lat' dir='ltr'><strong>in</strong></span> <span class='ocrx_word' id='word_1_189' title='bbox 620 1854 665 1884; x_wconf 90' lang='lat' dir='ltr'><strong>re</strong></span> <span class='ocrx_word' id='word_1_190' title='bbox 696 1839 991 1897; x_wconf 88' lang='lat' dir='ltr'><strong>philosophica</strong></span> <span class='ocrx_word' id='word_1_191' title='bbox 1018 1841 1101 1884; x_wconf 89' lang='lat' dir='ltr'><strong>sibi</strong></span> <span class='ocrx_word' id='word_1_192' title='bbox 1127 1840 1441 1897; x_wconf 87' lang='lat' dir='ltr'><strong>quodammodo</strong></span> <span class='ocrx_word' id='word_1_193' title='bbox 1458 1842 1721 1897; x_wconf 83' lang='lat' dir='ltr'><strong>magistrum</strong></span> 
     </span>
     <span class='ocr_line' id='line_1_24' title="bbox 121 1910 1723 1969; baseline -0.001 -14"><span class='ocrx_word' id='word_1_194' title='bbox 121 1913 257 1956; x_wconf 76' lang='lat' dir='ltr'><strong>sumit</strong></span> <span class='ocrx_word' id='word_1_195' title='bbox 286 1910 628 1969; x_wconf 77' lang='lat' dir='ltr'><strong>Epaminondam</strong></span> <span class='ocrx_word' id='word_1_196' title='bbox 659 1910 931 1955; x_wconf 86' lang='lat' dir='ltr'><strong>Plutarchus.</strong></span> <span class='ocrx_word' id='word_1_197' title='bbox 975 1911 1256 1955; x_wconf 89' lang='lat' dir='ltr'><strong>Academicus</strong></span> <span class='ocrx_word' id='word_1_198' title='bbox 1288 1913 1404 1955; x_wconf 86' lang='lat' dir='ltr'><strong>enim</strong></span> <span class='ocrx_word' id='word_1_199' title='bbox 1435 1912 1505 1955; x_wconf 91' lang='lat' dir='ltr'><strong>hic</strong></span> <span class='ocrx_word' id='word_1_200' title='bbox 1537 1911 1586 1954; x_wconf 88' lang='lat' dir='ltr'><strong>fit</strong></span> <span class='ocrx_word' id='word_1_201' title='bbox 1617 1911 1723 1969; x_wconf 88' lang='lat' dir='ltr'><strong>Epa-</strong></span> 
     </span>
     <span class='ocr_line' id='line_1_25' title="bbox 121 1982 1720 2040; baseline -0.001 -13"><span class='ocrx_word' id='word_1_202' title='bbox 121 1982 345 2027; x_wconf 81' lang='lat' dir='ltr'><strong>minondas</strong></span> <span class='ocrx_word' id='word_1_203' title='bbox 389 1984 466 2040; x_wconf 90' lang='lat' dir='ltr'><strong>qui</strong></span> <span class='ocrx_word' id='word_1_204' title='bbox 509 1982 560 2026; x_wconf 91' lang='lat' dir='ltr'><strong>de</strong></span> <span class='ocrx_word' id='word_1_205' title='bbox 608 1982 736 2026; x_wconf 90' lang='lat' dir='ltr'><strong>rebus</strong></span> <span class='ocrx_word' id='word_1_206' title='bbox 783 1984 973 2027; x_wconf 87' lang='lat' dir='ltr'><strong>obscuris</strong></span> <span class='ocrx_word' id='word_1_207' title='bbox 1018 1985 1125 2027; x_wconf 88' lang='lat' dir='ltr'><strong>certi</strong></span> <span class='ocrx_word' id='word_1_208' title='bbox 1166 1983 1403 2040; x_wconf 87' lang='lat' dir='ltr'><strong>quidquam</strong></span> <span class='ocrx_word' id='word_1_209' title='bbox 1444 1985 1720 2040; x_wconf 89' lang='lat' dir='ltr'><strong>pronuntiare</strong></span> 
     </span>
     <span class='ocr_line' id='line_1_26' title="bbox 121 2052 1723 2112; baseline -0.001 -13"><span class='ocrx_word' id='word_1_210' title='bbox 121 2057 334 2099; x_wconf 81' lang='lat' dir='ltr'><strong>vereatur.</strong></span> <span class='ocrx_word' id='word_1_211' title='bbox 365 2052 569 2098; x_wconf 78' lang='lat' dir='ltr'><strong>Simmiae</strong></span> <span class='ocrx_word' id='word_1_212' title='bbox 600 2059 827 2111; x_wconf 86' lang='lat' dir='ltr'><strong>postquam</strong></span> <span class='ocrx_word' id='word_1_213' title='bbox 860 2055 963 2112; x_wconf 90' lang='lat' dir='ltr'><strong>quid</strong></span> <span class='ocrx_word' id='word_1_214' title='bbox 995 2056 1077 2099; x_wconf 90' lang='lat' dir='ltr'><strong>sibi</strong></span> <span class='ocrx_word' id='word_1_215' title='bbox 1108 2055 1159 2099; x_wconf 92' lang='lat' dir='ltr'><strong>de</strong></span> <span class='ocrx_word' id='word_1_216' title='bbox 1192 2055 1414 2099; x_wconf 91' lang='lat' dir='ltr'><strong>daemonio</strong></span> <span class='ocrx_word' id='word_1_217' title='bbox 1445 2055 1631 2098; x_wconf 81' lang='lat' dir='ltr'><strong>Socratis</strong></span> <span class='ocrx_word' id='word_1_218' title='bbox 1663 2056 1723 2097; x_wconf 87' lang='lat' dir='ltr'><strong>vi-</strong></span> 
     </span>
     <span class='ocr_line' id='line_1_27' title="bbox 122 2126 1722 2183; baseline -0.001 -13"><span class='ocrx_word' id='word_1_219' title='bbox 122 2126 275 2170; x_wconf 82' lang='lat' dir='ltr'><strong>deatur</strong></span> <span class='ocrx_word' id='word_1_220' title='bbox 315 2127 512 2182; x_wconf 81' lang='lat' dir='ltr'><strong>exposuit</strong></span> <span class='ocrx_word' id='word_1_221' title='bbox 550 2140 715 2178; x_wconf 88' lang='lat' dir='ltr'><strong>„nonne</strong></span> <span class='ocrx_word' id='word_1_222' title='bbox 747 2131 790 2170; x_wconf 88' lang='lat' dir='ltr'><strong>et</strong></span> <span class='ocrx_word' id='word_1_223' title='bbox 821 2126 1067 2183; x_wconf 86' lang='lat' dir='ltr'><strong>hospitem”</strong></span> <span class='ocrx_word' id='word_1_224' title='bbox 1101 2129 1163 2170; x_wconf 90' lang='lat' dir='ltr'><strong>ait</strong></span> <span class='ocrx_word' id='word_1_225' title='bbox 1197 2126 1385 2178; x_wconf 84' lang='lat' dir='ltr'><strong>„Italum</strong></span> <span class='ocrx_word' id='word_1_226' title='bbox 1419 2126 1523 2183; x_wconf 89' lang='lat' dir='ltr'><strong>quid</strong></span> <span class='ocrx_word' id='word_1_227' title='bbox 1554 2129 1722 2170; x_wconf 88' lang='lat' dir='ltr'><strong>censeat</strong></span> 
     </span>
     <span class='ocr_line' id='line_1_28' title="bbox 121 2196 1722 2256; baseline -0.001 -15"><span class='ocrx_word' id='word_1_228' title='bbox 121 2196 353 2256; x_wconf 53' lang='lat' dir='ltr'><strong>memus?</strong></span> <span class='ocrx_word' id='word_1_229' title='bbox 394 2197 670 2256; x_wconf 83' lang='lat' dir='ltr'><strong>Pythagoreo</strong></span> <span class='ocrx_word' id='word_1_230' title='bbox 712 2199 829 2242; x_wconf 89' lang='lat' dir='ltr'><strong>enim</strong></span> <span class='ocrx_word' id='word_1_231' title='bbox 860 2199 970 2242; x_wconf 88' lang='lat' dir='ltr'><strong>hauc</strong></span> <span class='ocrx_word' id='word_1_232' title='bbox 1002 2213 1094 2242; x_wconf 91' lang='lat' dir='ltr'><strong>rem</strong></span> <span class='ocrx_word' id='word_1_233' title='bbox 1124 2199 1242 2242; x_wconf 90' lang='lat' dir='ltr'><strong>cordi</strong></span> <span class='ocrx_word' id='word_1_234' title='bbox 1273 2213 1363 2242; x_wconf 88' lang='lat' dir='ltr'><strong>esse</strong></span> <span class='ocrx_word' id='word_1_235' title='bbox 1394 2202 1722 2242; x_wconf 88' lang='lat' dir='ltr'><strong>consentaneum</strong></span> 
     </span>
     <span class='ocr_line' id='line_1_29' title="bbox 122 2268 1723 2328; baseline -0.002 -13"><span class='ocrx_word' id='word_1_236' title='bbox 122 2268 232 2315; x_wconf 54' lang='grc' dir='ltr'><strong><em>δάϊ’.</em></strong></span> <span class='ocrx_word' id='word_1_237' title='bbox 285 2271 428 2326; x_wconf 77' lang='lat' dir='ltr'><strong>Atque</strong></span> <span class='ocrx_word' id='word_1_238' title='bbox 469 2268 566 2313; x_wconf 92' lang='lat' dir='ltr'><strong>ille:</strong></span> <span class='ocrx_word' id='word_1_239' title='bbox 612 2271 776 2322; x_wconf 83' lang='lat' dir='ltr'><strong>„immo</strong></span> <span class='ocrx_word' id='word_1_240' title='bbox 818 2270 1161 2327; x_wconf 82' lang='lat' dir='ltr'><strong>Epaminondam</strong></span> <span class='ocrx_word' id='word_1_241' title='bbox 1202 2272 1366 2328; x_wconf 80' lang='lat' dir='ltr'><strong>rogetis</strong></span> <span class='ocrx_word' id='word_1_242' title='bbox 1397 2271 1541 2328; x_wconf 89' lang='lat' dir='ltr'><strong>potius</strong></span> <span class='ocrx_word' id='word_1_243' title='bbox 1573 2271 1648 2326; x_wconf 92' lang='lat' dir='ltr'><strong>qui</strong></span> <span class='ocrx_word' id='word_1_244' title='bbox 1679 2273 1723 2312; x_wconf 89' lang='lat' dir='ltr'><strong>et</strong></span> 
     </span>
     <span class='ocr_line' id='line_1_30' title="bbox 121 2341 1722 2400; baseline -0.001 -16"><span class='ocrx_word' id='word_1_245' title='bbox 121 2343 213 2398; x_wconf 78' lang='lat' dir='ltr'><strong>ipse</strong></span> <span class='ocrx_word' id='word_1_246' title='bbox 257 2346 504 2385; x_wconf 84' lang='lat' dir='ltr'><strong>nostrorum</strong></span> <span class='ocrx_word' id='word_1_247' title='bbox 551 2341 705 2384; x_wconf 89' lang='lat' dir='ltr'><strong>unus”.</strong></span> <span class='ocrx_word' id='word_1_248' title='bbox 753 2341 839 2385; x_wconf 89' lang='lat' dir='ltr'><strong>Hic</strong></span> <span class='ocrx_word' id='word_1_249' title='bbox 885 2356 1013 2386; x_wconf 87' lang='lat' dir='ltr'><strong>senex</strong></span> <span class='ocrx_word' id='word_1_250' title='bbox 1058 2341 1286 2400; x_wconf 84' lang='lat' dir='ltr'><strong>Polymnis</strong></span> <span class='ocrx_word' id='word_1_251' title='bbox 1329 2344 1427 2385; x_wconf 89' lang='lat' dir='ltr'><strong>risit</strong></span> <span class='ocrx_word' id='word_1_252' title='bbox 1468 2347 1511 2385; x_wconf 89' lang='lat' dir='ltr'><strong>et</strong></span> <span class='ocrx_word' id='word_1_253' title='bbox 1556 2341 1722 2393; x_wconf 89' lang='lat' dir='ltr'><strong>„filium</strong></span> 
     </span>
     <span class='ocr_line' id='line_1_31' title="bbox 123 2412 1721 2470; baseline -0.001 -14"><span class='ocrx_word' id='word_1_254' title='bbox 123 2426 270 2456; x_wconf 90' lang='lat' dir='ltr'><strong>meum</strong></span> <span class='ocrx_word' id='word_1_255' title='bbox 300 2413 536 2470; x_wconf 80' lang='lat' dir='ltr'><strong>ignoratis&#39;&#39;</strong></span> <span class='ocrx_word' id='word_1_256' title='bbox 569 2414 712 2469; x_wconf 89' lang='lat' dir='ltr'><strong>inquit</strong></span> <span class='ocrx_word' id='word_1_257' title='bbox 746 2427 849 2465; x_wconf 88' lang='lat' dir='ltr'><strong>„nec</strong></span> <span class='ocrx_word' id='word_1_258' title='bbox 882 2415 1001 2457; x_wconf 88' lang='lat' dir='ltr'><strong>scitis</strong></span> <span class='ocrx_word' id='word_1_259' title='bbox 1031 2427 1161 2470; x_wconf 91' lang='lat' dir='ltr'><strong>quam</strong></span> <span class='ocrx_word' id='word_1_260' title='bbox 1188 2415 1244 2457; x_wconf 88' lang='lat' dir='ltr'><strong>sit</strong></span> <span class='ocrx_word' id='word_1_261' title='bbox 1269 2412 1344 2456; x_wconf 87' lang='lat' dir='ltr'><strong>ille</strong></span> <span class='ocrx_word' id='word_1_262' title='bbox 1371 2412 1534 2457; x_wconf 85' lang='lat' dir='ltr'><strong>silentii</strong></span> <span class='ocrx_word' id='word_1_263' title='bbox 1560 2427 1721 2463; x_wconf 88' lang='lat' dir='ltr'><strong>amans,</strong></span> 
     </span>
     <span class='ocr_line' id='line_1_32' title="bbox 122 2482 1723 2542; baseline -0.002 -14"><span class='ocrx_word' id='word_1_264' title='bbox 122 2482 409 2541; x_wconf 36' lang='lat' dir='ltr'><strong>inssloquendo</strong></span> <span class='ocrx_word' id='word_1_265' title='bbox 441 2484 633 2528; x_wconf 91' lang='lat' dir='ltr'><strong>modicus</strong></span> <span class='ocrx_word' id='word_1_266' title='bbox 664 2484 737 2527; x_wconf 89' lang='lat' dir='ltr'><strong>sed</strong></span> <span class='ocrx_word' id='word_1_267' title='bbox 768 2484 1024 2529; x_wconf 87' lang='lat' dir='ltr'><strong>insatiabilis</strong></span> <span class='ocrx_word' id='word_1_268' title='bbox 1056 2487 1101 2528; x_wconf 90' lang='lat' dir='ltr'><strong>in</strong></span> <span class='ocrx_word' id='word_1_269' title='bbox 1134 2485 1347 2529; x_wconf 85' lang='lat' dir='ltr'><strong>discendo.</strong></span> <span class='ocrx_word' id='word_1_270' title='bbox 1380 2485 1648 2542; x_wconf 80' lang='lat' dir='ltr'><strong>Quapropter</strong></span> <span class='ocrx_word' id='word_1_271' title='bbox 1680 2487 1723 2526; x_wconf 87' lang='lat' dir='ltr'><strong>et</strong></span> 
     </span>
     <span class='ocr_line' id='line_1_33' title="bbox 122 2554 1723 2613; baseline -0.002 -13"><span class='ocrx_word' id='word_1_272' title='bbox 122 2555 381 2612; x_wconf 78' lang='lat' dir='ltr'><strong>Spintharus</strong></span> <span class='ocrx_word' id='word_1_273' title='bbox 406 2554 674 2606; x_wconf 77' lang='lat' dir='ltr'><strong>Tarentinus,</strong></span> <span class='ocrx_word' id='word_1_274' title='bbox 704 2557 780 2612; x_wconf 91' lang='lat' dir='ltr'><strong>qui</strong></span> <span class='ocrx_word' id='word_1_275' title='bbox 806 2555 1074 2613; x_wconf 89' lang='lat' dir='ltr'><strong>aliquamdiu</strong></span> <span class='ocrx_word' id='word_1_276' title='bbox 1101 2557 1171 2600; x_wconf 89' lang='lat' dir='ltr'><strong>hic</strong></span> <span class='ocrx_word' id='word_1_277' title='bbox 1194 2557 1419 2600; x_wconf 88' lang='lat' dir='ltr'><strong>nobiscum</strong></span> <span class='ocrx_word' id='word_1_278' title='bbox 1441 2557 1566 2606; x_wconf 77' lang='lat' dir='ltr'><strong>vixit,</strong></span> <span class='ocrx_word' id='word_1_279' title='bbox 1584 2555 1723 2598; x_wconf 88' lang='lat' dir='ltr'><strong>dicere</strong></span> 
     </span>
     <span class='ocr_line' id='line_1_34' title="bbox 123 2626 1724 2685; baseline -0.002 -13"><span class='ocrx_word' id='word_1_280' title='bbox 123 2626 233 2672; x_wconf 79' lang='lat' dir='ltr'><strong>solet</strong></span> <span class='ocrx_word' id='word_1_281' title='bbox 272 2641 318 2672; x_wconf 85' lang='lat' dir='ltr'><strong>se</strong></span> <span class='ocrx_word' id='word_1_282' title='bbox 359 2641 581 2684; x_wconf 85' lang='lat' dir='ltr'><strong>nunquam</strong></span> <span class='ocrx_word' id='word_1_283' title='bbox 623 2626 781 2671; x_wconf 81' lang='lat' dir='ltr'><strong>vidisse</strong></span> <span class='ocrx_word' id='word_1_284' title='bbox 811 2641 1076 2684; x_wconf 85' lang='lat' dir='ltr'><strong>quemquam</strong></span> <span class='ocrx_word' id='word_1_285' title='bbox 1110 2629 1186 2685; x_wconf 90' lang='lat' dir='ltr'><strong>qui</strong></span> <span class='ocrx_word' id='word_1_286' title='bbox 1215 2626 1313 2685; x_wconf 88' lang='lat' dir='ltr'><strong>plus</strong></span> <span class='ocrx_word' id='word_1_287' title='bbox 1345 2629 1472 2671; x_wconf 87' lang='lat' dir='ltr'><strong>sciret</strong></span> <span class='ocrx_word' id='word_1_288' title='bbox 1504 2632 1546 2670; x_wconf 87' lang='lat' dir='ltr'><strong>et</strong></span> <span class='ocrx_word' id='word_1_289' title='bbox 1578 2627 1724 2669; x_wconf 85' lang='lat' dir='ltr'><strong>minus</strong></span> 
     </span>
     <span class='ocr_line' id='line_1_35' title="bbox 123 2697 415 2756; baseline 0 -13"><span class='ocrx_word' id='word_1_290' title='bbox 123 2697 415 2756; x_wconf 82' lang='lat' dir='ltr'><strong>loqueretur.’&#39;</strong></span> 
     </span>
    </p>

    <p class='ocr_par' dir='ltr' id='par_1_5' title="bbox 124 2768 1724 3113">
     <span class='ocr_line' id='line_1_36' title="bbox 183 2768 1723 2827; baseline -0.002 -13"><span class='ocrx_word' id='word_1_291' title='bbox 183 2769 406 2822; x_wconf 79' lang='lat' dir='ltr'><strong>Simmiae,</strong></span> <span class='ocrx_word' id='word_1_292' title='bbox 446 2771 615 2827; x_wconf 86' lang='lat' dir='ltr'><strong>sapiens</strong></span> <span class='ocrx_word' id='word_1_293' title='bbox 650 2769 725 2813; x_wconf 93' lang='lat' dir='ltr'><strong>ille</strong></span> <span class='ocrx_word' id='word_1_294' title='bbox 758 2769 1147 2827; x_wconf 87' lang='lat' dir='ltr'><strong>dilectissimusque</strong></span> <span class='ocrx_word' id='word_1_295' title='bbox 1177 2770 1363 2814; x_wconf 83' lang='lat' dir='ltr'><strong>Socratis</strong></span> <span class='ocrx_word' id='word_1_296' title='bbox 1395 2768 1648 2826; x_wconf 90' lang='lat' dir='ltr'><strong>discipulus,</strong></span> <span class='ocrx_word' id='word_1_297' title='bbox 1678 2770 1723 2811; x_wconf 90' lang='lat' dir='ltr'><strong>in</strong></span> 
     </span>
     <span class='ocr_line' id='line_1_37' title="bbox 124 2840 1723 2899; baseline -0.001 -14"><span class='ocrx_word' id='word_1_298' title='bbox 124 2840 414 2899; x_wconf 81' lang='lat' dir='ltr'><strong>disputatione</strong></span> <span class='ocrx_word' id='word_1_299' title='bbox 457 2841 509 2886; x_wconf 90' lang='lat' dir='ltr'><strong>de</strong></span> <span class='ocrx_word' id='word_1_300' title='bbox 551 2841 735 2885; x_wconf 82' lang='lat' dir='ltr'><strong>Socratis</strong></span> <span class='ocrx_word' id='word_1_301' title='bbox 777 2843 906 2898; x_wconf 84' lang='lat' dir='ltr'><strong>genio</strong></span> <span class='ocrx_word' id='word_1_302' title='bbox 947 2842 1260 2898; x_wconf 89' lang='lat' dir='ltr'><strong>quodammodo</strong></span> <span class='ocrx_word' id='word_1_303' title='bbox 1304 2856 1381 2885; x_wconf 91' lang='lat' dir='ltr'><strong>suo</strong></span> <span class='ocrx_word' id='word_1_304' title='bbox 1426 2843 1520 2885; x_wconf 86' lang='lat' dir='ltr'><strong>iure</strong></span> <span class='ocrx_word' id='word_1_305' title='bbox 1562 2843 1723 2898; x_wconf 87' lang='lat' dir='ltr'><strong>primas</strong></span> 
     </span>
     <span class='ocr_line' id='line_1_38' title="bbox 125 2912 1721 2971; baseline -0.001 -14"><span class='ocrx_word' id='word_1_306' title='bbox 125 2917 267 2970; x_wconf 82' lang='lat' dir='ltr'><strong>partes</strong></span> <span class='ocrx_word' id='word_1_307' title='bbox 298 2915 406 2971; x_wconf 76' lang='lat' dir='ltr'><strong>agit,</strong></span> <span class='ocrx_word' id='word_1_308' title='bbox 439 2917 551 2957; x_wconf 89' lang='lat' dir='ltr'><strong>certe</strong></span> <span class='ocrx_word' id='word_1_309' title='bbox 583 2914 781 2956; x_wconf 91' lang='lat' dir='ltr'><strong>omnium</strong></span> <span class='ocrx_word' id='word_1_310' title='bbox 812 2913 1065 2970; x_wconf 85' lang='lat' dir='ltr'><strong>longissima</strong></span> <span class='ocrx_word' id='word_1_311' title='bbox 1096 2915 1238 2956; x_wconf 90' lang='lat' dir='ltr'><strong>utitur</strong></span> <span class='ocrx_word' id='word_1_312' title='bbox 1269 2914 1474 2956; x_wconf 88' lang='lat' dir='ltr'><strong>oratione.</strong></span> <span class='ocrx_word' id='word_1_313' title='bbox 1508 2912 1625 2966; x_wconf 80' lang='lat' dir='ltr'><strong>Quae</strong></span> <span class='ocrx_word' id='word_1_314' title='bbox 1656 2926 1721 2963; x_wconf 88' lang='lat' dir='ltr'><strong>ne,</strong></span> 
     </span>
     <span class='ocr_line' id='line_1_39' title="bbox 125 2983 1724 3041; baseline -0.001 -13"><span class='ocrx_word' id='word_1_315' title='bbox 125 2984 241 3041; x_wconf 87' lang='lat' dir='ltr'><strong>quod</strong></span> <span class='ocrx_word' id='word_1_316' title='bbox 281 2984 333 3028; x_wconf 91' lang='lat' dir='ltr'><strong>ad</strong></span> <span class='ocrx_word' id='word_1_317' title='bbox 374 2988 596 3028; x_wconf 86' lang='lat' dir='ltr'><strong>externam</strong></span> <span class='ocrx_word' id='word_1_318' title='bbox 628 2986 783 3028; x_wconf 85' lang='lat' dir='ltr'><strong>attinet</strong></span> <span class='ocrx_word' id='word_1_319' title='bbox 815 2985 1014 3041; x_wconf 89' lang='lat' dir='ltr'><strong>speciem,</strong></span> <span class='ocrx_word' id='word_1_320' title='bbox 1049 2984 1295 3028; x_wconf 88' lang='lat' dir='ltr'><strong>Platonicae</strong></span> <span class='ocrx_word' id='word_1_321' title='bbox 1327 2988 1439 3028; x_wconf 87' lang='lat' dir='ltr'><strong>esset</strong></span> <span class='ocrx_word' id='word_1_322' title='bbox 1469 2985 1610 3041; x_wconf 89' lang='lat' dir='ltr'><strong>impar</strong></span> <span class='ocrx_word' id='word_1_323' title='bbox 1641 2983 1724 3027; x_wconf 86' lang='lat' dir='ltr'><strong>dis-</strong></span> 
     </span>
     <span class='ocr_line' id='line_1_40' title="bbox 125 3055 1722 3113; baseline -0.001 -14"><span class='ocrx_word' id='word_1_324' title='bbox 125 3057 354 3113; x_wconf 85' lang='lat' dir='ltr'><strong>putationi,</strong></span> <span class='ocrx_word' id='word_1_325' title='bbox 398 3057 685 3100; x_wconf 84' lang='lat' dir='ltr'><strong>narrationem</strong></span> <span class='ocrx_word' id='word_1_326' title='bbox 726 3057 766 3099; x_wconf 90' lang='lat' dir='ltr'><strong>ei</strong></span> <span class='ocrx_word' id='word_1_327' title='bbox 807 3055 972 3099; x_wconf 86' lang='lat' dir='ltr'><strong>addidit</strong></span> <span class='ocrx_word' id='word_1_328' title='bbox 1014 3055 1066 3100; x_wconf 94' lang='lat' dir='ltr'><strong>de</strong></span> <span class='ocrx_word' id='word_1_329' title='bbox 1108 3055 1336 3100; x_wconf 77' lang='lat' dir='ltr'><strong>Timarcho</strong></span> <span class='ocrx_word' id='word_1_330' title='bbox 1380 3057 1469 3112; x_wconf 89' lang='lat' dir='ltr'><strong>qui,</strong></span> <span class='ocrx_word' id='word_1_331' title='bbox 1502 3060 1554 3098; x_wconf 86' lang='lat' dir='ltr'><strong>ut</strong></span> <span class='ocrx_word' id='word_1_332' title='bbox 1583 3057 1722 3112; x_wconf 83' lang='lat' dir='ltr'><strong>ipsam</strong></span> 
     </span>
    </p>

    <p class='ocr_par' dir='ltr' id='par_1_6' title="bbox 1502 3137 1544 3169">
     <span class='ocr_line' id='line_1_41' title="bbox 1502 3137 1544 3169; baseline -0.048 0"><span class='ocrx_word' id='word_1_333' title='bbox 1502 3137 1544 3169; x_wconf 81' lang='lat'><strong>23</strong></span> 
     </span>
    </p>
   </div>
  </div>
 </body>
</html>
