1930 3354
856 248 943 293 675

103 366 280 424 quidem
308 369 576 426 spernendis:
609 374 754 414 contra
785 370 1008 414 levitatem
1042 376 1085 415 et
1111 372 1332 416 fastidium
1358 374 1577 417 iuniorum
1603 387 1697 431 poe-

62 431 66 438 ‘
103 440 195 484 hm
227 437 437 484 Boeotum
467 439 671 492 defendit,
703 444 842 485 omnis
873 444 1014 498 poesis
1044 448 1212 500 patrem
1243 458 1370 488 verae
1402 445 1578 488 virtutis
1608 446 1697 502 pie-

59 520 61 524 ‘
102 508 290 567 fflqm
312 513 547 569 optimum
589 526 680 556 esse
723 512 1032 556 demonstravit
1073 519 1306 567 auctorem,
1349 515 1556 560 Herodoti
1597 530 1697 560 vero

54 643 55 646 J
101 582 353 638 perstrinxit
376 581 738 635 maledicentiam,
764 599 850 627 nou
876 584 1016 628 hercle
1043 590 1093 628 ut
1119 587 1376 630 suavissimo
1404 585 1472 629 illi
1488 588 1697 630 narratori

102 650 377 697 malediceret
414 655 519 711 ipse,
562 654 634 698 sed
675 659 726 698 ut
767 655 939 699 taudem
981 656 1210 713 aliquando
1253 657 1368 700 abuti
1405 657 1482 701 illo
1525 662 1696 702 auctore

100 719 291 777 Graecos
319 724 554 779 dedoceret,
587 727 663 783 qui
693 726 897 770 hactenus
928 742 980 771 ex
1011 728 1090 771 hoc
1120 730 1372 785 praesertim
1404 731 1586 773 armario
1612 728 1697 773 bel-

50 841 54 846 ,
99 792 244 840 lorum
282 795 499 847 civilium,
542 812 649 855 quae
689 802 792 841 tunc
834 800 965 841 etiam
1001 800 1095 856 geri
1126 804 1315 856 possent,
1347 802 1602 856 petivissent
1630 802 1696 843 111-

49 912 51 917 ,
100 871 352 919 strumenta.
395 867 511 912 Nam
551 870 596 912 in
639 870 837 912 omnibus
877 869 967 912 illis
999 871 1277 927 scriptoribus
1308 873 1545 929 postisque,
1577 877 1620 915 et
1650 873 1695 914 in

99 939 259 996 qubus
299 937 425 993 nani,
466 944 530 983 est
571 943 890 985 versatissimus
931 956 1066 998 neque
1109 948 1301 986 versatus
1343 944 1488 986 minus
1526 945 1572 986 111
1603 945 1696 1000 ipsa

46 1007 47 1014 ’
100 1013 189 1054 arte
218 1009 408 1068 politica.
449 1011 572 1055 Hanc
603 1027 686 1055 non
719 1014 864 1055 miuus
897 1013 1001 1056 bene
1035 1027 1164 1069 quam
1195 1014 1279 1070 ipsi
1310 1012 1583 1071 Thucydides
1613 1013 1695 1057 Po-

45 1134 47 1138 .
98 1079 330 1140 lybiaeque
368 1082 519 1127 callet:
562 1083 801 1126 admiratur
833 1083 1057 1133 Periclem,
1091 1085 1364 1127 abominatur
1395 1083 1612 1137 Cleonem,
1645 1084 1695 1128 de

99 1152 221 1197 ὑῶν»
236 1155 500 1212 imperatore
542 1154 712 1198 Tiberio
754 1154 825 1198 vel
855 1154 1105 1198 Domitiano
1138 1170 1274 1212 neque
1305 1155 1475 1199 audivit
1504 1170 1693 1212 unquam

98 1232 258 1283 neque.
276 1227 520 1279 somniavit,
562 1230 675 1270 certe
717 1226 787 1270 hic
829 1241 882 1270 ne
913 1227 964 1270 ab
997 1226 1245 1284 aequalibus
1277 1227 1450 1283 quidem
1481 1228 1694 1271 historicis

98 1302 155 1341 s'm
178 1297 232 1341 ἱι
263 1308 450 1341 errorem
479 1297 625 1341 induci
655 1311 804 1355 passus
836 1302 914 1341 est.
955 1297 1035 1341 Sed
1069 1302 1167 1341 ante
1200 1299 1357 1350 omnia,
1390 1303 1440 1341 ut
1469 1300 1558 1342 iam
1589 1298 1692 1350 dixi,

96 1366 316 1412 consuluit
355 1369 465 1427 paci,
506 1383 643 1426 neque
683 1368 821 1412 ullam
861 1382 950 1412 esse
980 1383 1128 1426 pacem
1159 1373 1410 1426 perpetuam
1441 1369 1693 1427 firmamque

97 1443 224 1497 pune
250 1437 467 1484 intellexit
497 1439 724 1484 hominum
754 1441 886 1483 nimis
915 1454 1163 1483 severorum
1195 1442 1552 1497 tetricorumque:
1585 1440 1693 1484 hila-

38 1515 39 1519 ’
97 1511 275 1555 ritatem
316 1525 404 1555 non
446 1509 587 1555 solum
629 1515 745 1555 amat
785 1514 878 1568 ipse
918 1511 991 1554 sed
1033 1513 1164 1555 etiam
1206 1513 1367 1568 patriae
1408 1511 1562 1555 utilem
1605 1526 1693 1556 esse

95 1585 239 1627 auset
270 1585 317 1626 et
344 1583 453 1635 iure,
487 1586 538 1626 ut
568 1584 730 1640 opinor,
762 1585 920 1626 censet.

154 1652 241 1702 Sed
280 1653 504 1699 redeamus
543 1654 599 1698 ad
639 1653 922 1698 Plutarchum
963 1653 1202 1707 literarum,
1244 1655 1472 1708 doctrinae,
1507 1654 1687 1712 denique

96 1723 390 1784 philosophiae
420 1724 646 1770 cultorem.

119 1793 292 1851 .-Quid.
308 1810 365 1841 eo
396 1798 625 1841 interesset
666 1801 860 1855 tempore
899 1799 1012 1840 inter
1041 1798 1280 1854 sophistam
1312 1801 1355 1841 et
1385 1797 1691 1855 philosophum

95 1867 192 1932 Q
201 1854 421 1921 fidimus,
442 1855 821 1929 Plutarchumque
851 1870 975 1919 anxie
1008 1871 1213 1913 metuisse
1244 1884 1297 1912 ne
1328 1884 1565 1926 unquam,
1564 1869 1692 1922 ,fucis

28 1993 30 1998 J
224 1940 501 1993 tiontibue”
545 1939 899 2007 adnumeraretur
940 1939 1250 1991 intelleximus,
1291 1939 1472 1998 ideoque
1513 1944 1556 1984 et
1587 1939 1692 1984 alias

94 1951 431 2083 ξω
434 2013 732 2070 pronuntiasse
757 2002 1100 2071 declamationes
1133 2026 1238 2070 quas
1272 2014 1408 2064 „anti-
1410 2012 1691 2070 sophisticas'’

95 2081 244 2128 dien·
267 2081 480 2142 possimus
512 2087 556 2128 et
579 2075 708 2128 illam
739 2085 790 2126 de
820 2084 1004 2126 Fortuna
1034 2084 1313 2127 Romanorum.
1345 2082 1429 2126 Sed
1461 2098 1606 2127 rerum
1637 2083 1690 2127 ad

25 2143 27 2146 Α
94 2152 569 2199 umnam
615 2154 927 2211 pertinentium
968 2168 1051 2197 non
1095 2157 1186 2196 tam
1228 2155 1333 2196 certi
1376 2157 1476 2196 sunt
1517 2155 1693 2197 termini

94 2223 356 2283 ‹iliius-nepe
386 2225 463 2270 fiat
490 2226 546 2270 ab
578 2225 662 2270 alia
693 2225 746 2269 ad
777 2224 906 2269 aliam
940 2226 1161 2268 transitus.

135 2293 392 2340 &immo
434 2296 624 2356 sophista
666 2300 756 2340 tam
798 2297 884 2340 fuit
924 2295 1160 2352 elegantiae
1202 2298 1244 2338 et
1284 2294 1459 2338 limatae
1490 2296 1690 2338 orationis
1724 2312 1729 2365 ιι

94 2366 323 2411 &udinem
346 2369 458 2425 <quin
496 2371 641 2411 tamen
683 2367 816 2411 simul
857 2370 900 2410 et
941 2368 1122 2423 scriptor
1163 2365 1214 2408 de
1254 2366 1382 2409 rebus
1421 2365 1691 2423 gravioribus
1726 2366 1738 2506 *J

92 2438 274 2491 minime
304 2438 564 2496 spernendus
595 2439 743 2483 haberi
775 2443 961 2496 cuperet,
995 2451 1207 2494 nemoque
1239 2436 1342 2480 adeo
1374 2437 1490 2480 dedit
1517 2451 1690 2494 operam

93 2509 287 2555 muribus
310 2510 587 2555 emendandis
612 2511 943 2567 hominibusque
972 2509 1169 2553 docendis
1195 2512 1245 2552 ut
1271 2508 1399 2551 nihili
1424 2509 1580 2552 faceret
1601 2523 1690 2551 ora-

91 2581 225 2626 tionis
250 2585 548 2627 venustatem:
577 2581 724 2626 nullus
751 2581 1031 2639 philosophus
1059 2585 1148 2624 tam
1175 2579 1301 2636 plane
1317 2580 1553 2637 sophistam
1570 2581 1691 2623 exuit

93 2795 359 2853 enm-prim
382 2795 503 2840 dedit
528 2798 632 2840 artis
658 2809 760 2838 suae
788 2795 1087 2850 doctrinaeque
1115 2794 1359 2850 specimina.
1388 2793 1569 2835 Possum
1597 2807 1688 2836 rem

92 2856 680 2923 offilo—enostra'aet'ate
708 2867 841 2923 petito
869 2864 1088 2908 illustrare
1099 2862 1222 2920 “quod
1249 2863 1317 2906 hic
1345 2877 1473 2920 quam
1500 2865 1688 2907 maxime

92 2937 343 2994 appositum
365 2937 552 2982 videtur.
581 2936 692 2982 Cum
720 2938 875 2980 nostris
904 2936 1172 2992 „pastoribus
1199 2934 1561 2992 protestantibus”
1579 2949 1689 2979 com-

90 3007 294 3065 pmlnm
322 3008 596 3066 philosophos
628 3008 860 3051 Plutarcho
893 3005 1112 3064 aequales:
1146 3010 1250 3063 quot
1281 3019 1409 3062 quam
1436 3004 1600 3062 lepidos
1629 3010 1689 3049 at-

1736 2508 1740 2527 ι

93 2654 153 2696 uk*
171 2666 348 2710 morsus
378 2658 574 2698 mutatus
603 2653 823 2697 videretur
856 2654 908 2695 ab
935 2667 983 2696 eo
1010 2666 1138 2709 quem
1164 2652 1366 2694 iuvenem
1396 2654 1690 2707 cognoverunt
1738 2530 1758 2697 J,

93 2722 328 2768 adim:
353 2725 571 2783 sophistae
589 2726 704 2768 enim
722 2738 852 2781 quam
870 2723 1114 2781 philosophi
1131 2722 1216 2765 fuit
1233 2721 1416 2765 similior
1431 2719 1689 2765 Plutarchus
1756 2718 1760 2779 J
