2002 3372
1074 259 1160 304 566

331 389 442 429 certe
470 387 675 442 interpres
706 383 960 426 Didotianue
991 383 1100 426 mih-i
1131 386 1296 426 metum
1325 383 1453 427 illum
1485 398 1568 427 non
1600 383 1757 431 demit.»
1780 383 1905 442 [flgi-

332 471 428 499 mus
459 470 560 513 ergo
593 470 633 512 p.
668 453 824 498 9460:
1668 466 1688 477 ”
1734 464 1849 502 const:

391 527 425 569 οἱ
458 526 497 568 δὲ
531 525 697 568 Στωικοὶ
730 523 797 566 noc)
831 523 876 565 τὸ
909 525 1074 574 πνεῦμα
1109 522 1295 575 λέγουσιν
1329 525 1366 566 ἐν
1401 529 1485 572 τοῖς
1518 525 1679 576 σώμασι
1713 529 1788 569 τῶν
1815 526 1908 581 βρε·

332 601 419 650 φῶν
445 603 494 651 τῇ
523 595 735 649 περιψύξει
763 595 1007 647 στομοῦσθαι
1034 594 1103 639 καὶ
1132 594 1406 647 μεταβάλλον
1431 596 1476 638 ἐκ
1501 594 1673 650 Φύσεως·
1691 597 1906 650 rtrum-m

331 667 488 719 ψυχήν.
1688 680 1689 691 ’
1758 676 1845 716 2-sz}

392 736 496 779 Tota
516 735 754 779 Stoicorum
780 735 971 779 doctrina
998 737 1140 792 paucis
1168 735 1257 779 illis
1283 736 1423 785 verbis
1448 738 1571 789 inest,
1599 739 1913 797 sertam·

335 810 384 850 iis
410 807 663 850 illustratur,
695 806 938 850 Secundum
964 806 1127 850 Stoicos
1153 821 1218 850 res
1245 808 1455 850 inanimae
1480 807 1542 850 nil
1568 809 1650 851 nisi
1675 806 1756 860 ἕξιν
1778 809 1908 866 (quod

333 877 589 922 vocabulum
619 878 731 921 haud
757 877 867 920 male
894 876 1064 935 Belgice
1091 882 1231 922 vertas
1262 877 1630 934 „hebbelijkheid’‚’
1651 879 1907 932 haemonam:

334 951 424 992 vim
449 948 630 991 habendi
656 948 835 1005 aliquid)
863 950 1082 1005 accepisse,
1109 947 1352 1005 plantarum
1379 963 1467 991 esse
1494 949 1631 1003 Φύσιν,
1659 949 1911 1012 ³³an

332 1021 678 1076 (infantiumque)
710 1018 865 1073 ψυχήν,
899 1019 1077 1076 denique
1109 1019 1336 1062 hominum
1367 1023 1468 1071 νοῦν,
1501 1034 1568 1064 res
1593 1021 1697 1078 satis
1721 1024 1909 1075 npmsest

333 1095 390 1143 (v.
419 1091 602 1133 Pearson
628 1090 882 1147 Fragments
907 1090 954 1132 of
974 1089 1083 1133 Zeno
1110 1089 1198 1143 43).
1230 1089 1311 1133 Sed
1335 1094 1547 1146 praeterea
1568 1090 1699 1135 Stoici
1716 1093 1909 1135 omnium

333 1160 681 1218 philosophorum
705 1159 774 1204 vel
796 1162 982 1203 maxime
999 1163 1111 1212 sunt,
1130 1165 1179 1203 ut
1195 1175 1306 1203 nunc
1321 1159 1550 1219 loquimur,
1569 1162 1908 1221 „positivistop’ff

334 1235 538 1288 spernunt
579 1231 886 1288 fastidiunt-que
929 1231 1135 1288 quidquid
1176 1246 1259 1274 non
1291 1235 1356 1275 est
1387 1230 1537 1276 stabile
1567 1219 1911 1300 firmumqpesset,

334 1317 463 1360 paene
506 1302 698 1354 dixerim,
742 1301 947 1358 quidquid
990 1316 1072 1344 non
1116 1307 1256 1358 potest
1297 1303 1419 1360 tangi
1450 1293 1669 1365 tenerique
1695 1303 1908 1366 manibus,

335 1388 468 1429 neque
510 1372 591 1415 ulli
622 1387 811 1430 unquam
843 1373 1017 1416 fuerunt
1047 1372 1294 1430 philosophi
1326 1373 1479 1430 quibus
1511 1376 1650 1431 magis
1681 1379 1791 1418 esset
1819 1365 1911 1432 per-

335 1458 510 1487 suasum
550 1458 634 1486 non
676 1442 778 1486 θέσει
822 1443 894 1486 sed
936 1443 1059 1496 Φύσει
1102 1457 1178 1486 sua
1220 1443 1302 1486 sibi
1342 1445 1512 1488 nomina
1554 1459 1620 1488 res
1660 1445 1826 1512 habere,
1865 1447 1912 1488 in

337 1516 487 1571 quovis
530 1516 698 1558 nomine
739 1516 878 1570 ipsam
919 1516 980 1556 rei
1020 1515 1156 1557 inesse
1198 1518 1396 1557 naturam
1441 1513 1590 1558 docent
1632 1506 1911 1591 clamantque.

337 1587 470 1642 Atqui
512 1584 770 1637 „animalia”
815 1587 935 1628 aiunt
979 1585 1272 1641 „infantesque
1305 1585 1431 1629 modo
1462 1587 1551 1629 nati
1581 1585 1643 1629 nil
1672 1583 1912 1641 11151’Φ,’ύσιν

336 1658 492 1699 habent
522 1659 564 1699 et
595 1657 721 1709 φύσις
753 1659 816 1698 est
846 1656 890 1698 id
923 1655 1034 1712 quod
1066 1658 1126 1708 Φύ
1146 1688 1155 1698 .
1176 1686 1185 1698 .
1204 1655 1259 1708 ζει
1286 1656 1364 1699 hoc
1390 1656 1589 1713 estquod
1615 1647 1911 1714 81111ὲὴ(ΒόῙῂ

340 1729 447 1779 „iets
479 1727 550 1769 dat
581 1731 641 1779 φυ
673 1726 840 1780 doet’');
884 1741 931 1769 ea
962 1730 1108 1769 autem
1140 1727 1280 1779 Φύ-σις
1313 1728 1356 1769 111
1388 1727 1620 1771 infantibus
1649 1727 1809 1791 frigore
1840 1727 1913 1782 du-

337 1802 456 1841 ratur
487 1799 737 1854 acuiturque
768 1797 869 1840 ferri
898 1799 1031 1840 instar
1066 1801 1193 1854 atque
1225 1797 1284 1840 sic
1317 1797 1364 1839 fit
1394 1797 1545 1852 ψυ-χῆ.
1588 1797 1657 1851 (cf.
1690 1796 1752 1841 De'
1780 1798 1910 1841 comm.

338 1873 417 1910 not.
455 1866 618 1911 1077A
650 1867 725 1911 ubi
758 1867 823 1910 Pl.
857 1867 965 1910 ridet
996 1868 1068 1917 τὴν
1100 1868 1223 1922 φύσιν
1258 1867 1487 1922 ἐμφύσησιν
1514 1864 1636 1912 οὖσαν
1661 1872 1704 1912 et
1733 1864 1847 1912 1084
1860 1867 1910 1912 D.

340 1939 402 1980 De
432 1938 549 1981 Stoio.
583 1953 665 1992 rep.
701 1937 896 1991 1053A).
1730 1995 1751 2023 ,ξ
1782 1995 1785 2003 Α
1823 2008 1825 2010 q

851 2227 963 2265 AQUA
996 2227 1052 2258 AN
1083 2226 1197 2259 IGNIS
1228 2227 1411 2259 U'I'ILIOB.

401 2360 547 2416 Neque
587 2359 693 2401 hanc
734 2360 1022 2415 quaestionem
1066 2357 1118 2402 ad
1160 2360 1326 2401 exitum
1368 2358 1560 2415 perducit
1601 2358 1674 2402 sed
1713 2358 1917 2416 relinquit

342 2444 588 2488 suspensam
614 2429 881 2480 Plutarchus,
910 2434 1036 2485 atque
1062 2429 1140 2473 hoc
1165 2429 1275 2472 illud
1301 2433 1364 2473 est
1387 2444 1463 2474 cur
1487 2429 1559 2474 hio
1582 2429 1756 2478 libellus
1770 2432 1916 2477 statim

342 2506 437 2558 post
466 2501 589 2543 illum
623 2502 670 2542 de
693 2501 825 2555 primo
855 2500 1014 2555 friqido
1041 2501 1098 2543 sit
1122 2502 1297 2556 positus,
1329 2501 1508 2545 minime
1530 2502 1687 2558 inepte,
1714 2505 1777 2548 est
1801 2502 1916 2551 enim

343 2572 534 2617 eiusdem
564 2575 751 2614 naturae.
783 2570 1093 2628 Fragmentum
1125 2574 1270 2615 autem
1303 2571 1597 2617 tantummodo
1626 2574 1916 2628 superastant-

345 2657 424 2699 que
457 2642 558 2684 adeo
591 2666 646 2673 —-
681 2643 717 2683 si
746 2640 875 2684 libere
907 2640 1007 2684 licet
1038 2641 1139 2698 quid
1171 2643 1351 2684 sentiam
1383 2641 1590 2684 declarare
1618 2666 1674 2674 —-
1699 2655 1916 2702 nunquam

346 2715 478 2756 maior
519 2713 588 2755 hic
618 2712 748 2755 fuisse
779 2712 952 2757 videtur
982 2711 1156 2756 libellus
1188 2716 1257 2766 (an
1288 2712 1395 2756 liber
1407 2710 1455 2765 Y),
1487 2712 1560 2757 sed
1579 2713 1653 2758 sic
1680 2716 1778 2769 post
1807 2726 1917 2759 mor-

346 2790 433 2827 tem
472 2782 693 2826 Plutarchi
732 2785 776 2825 in
817 2784 908 2826 eius
949 2797 1037 2826 esse
1077 2784 1277 2827 inventus
1320 2784 1496 2827 scriniis.
1538 2783 1596 2826 Ut
1626 2797 1699 2834 nos
1729 2782 1918 2840 legentes

346 2857 404 2898 sic
445 2854 627 2896 scribens
666 2853 920 2896 Plutarchus
963 2855 1156 2896 satietate
1190 2858 1231 2897 et
1263 2853 1432 2897 fastidio
1464 2856 1529 2896 est
1558 2853 1745 2906 affectus,
1775 2855 1848 2903 ita,
1868 2857 1918 2903 ut

346 2924 644 2981 imperfectum
675 2923 929 2980 relinqueret
961 2938 1066 2980 opus
1098 2938 1233 2981 neque
1264 2938 1451 2980 unquam
1483 2938 1534 2969 eo
1562 2923 1746 2973 redii-,otu

409 2994 556 3038 Gritici
585 2995 751 3051 generis
781 2994 889 3036 nihil
916 2998 1080 3037 annoto.
1113 2995 1259 3051 Neque
1283 2996 1397 3039 enim
1423 2996 1522 3042 novi
1548 2994 1914 3051 quidquemfmihi
