1930 3354
1016 246 1103 292 636

273 375 322 414 ut
361 369 584 426 opulentior
624 369 698 412 fiat
736 367 873 411 scelus
914 369 1149 413 committit
1189 382 1334 426 grave,
1374 369 1550 425 gravius
1590 367 1721 428 alins„
1742 368 1845 426 licet

273 455 394 497 saepe
420 455 505 483 non
531 440 695 483 dicatur
721 437 869 489 scelus,
896 442 946 481 ut
966 437 1018 481 ad
1032 439 1263 495 imperium
1277 439 1590 496 dignitatemve
1611 441 1843 499 pei-geniat-

271 511 354 554 Sed
385 524 586 567 quorsum
618 509 793 553 divitiae
823 507 923 551 illae
954 513 1215 565 appetuntur
1245 508 1404 566 illaque
1436 507 1663 569 potentiat
1693 508 1844 553 Nonne

271 581 523 638 plerumque
547 579 592 622 id
616 579 711 622 ideo
738 578 786 621 fit
807 578 920 635 quod
945 593 990 622 se
1015 579 1209 623 homines
1233 578 1432 636 periculis
1458 579 1844 637 obnoxioeputant,

271 652 472 695 adversus
510 664 616 707 quae
654 649 840 706 undique
872 655 1081 706 quaerunt
1110 650 1296 694 subsidia
1325 654 1369 694 et
1398 647 1743 708 propugnacula?
1773 651 1847 693 At-

273 736 352 778 que
393 720 467 764 illa
508 719 695 776 pericula
733 735 817 763 non
858 721 1012 763 virtuti
1051 722 1280 764 imminent
1319 724 1539 778 rectaeque
1569 721 1846 765 conscientiae

271 792 344 835 sed
385 792 550 847 corpori
591 792 801 847 vitaeque.
846 789 1005 834 Tamen
1048 791 1284 848 paradoxon
1316 796 1379 834 est
1412 791 1523 848 quod
1554 792 1745 849 primum
1775 804 1846 834 au·

272 862 435 905 dientes
459 861 682 904 conturbet
708 866 751 904 et
777 861 1102 918 obstupefaciat:
1131 876 1179 914 „e
1204 862 1339 904 mortis
1360 867 1461 904 metu
1487 863 1629 906 omnia
1648 863 1847 907 oriuntur

271 931 427 976 scelera
452 936 494 975 et
520 931 768 975 maleficia'’.
802 930 924 975 Certe
951 945 1031 989 ego
1057 932 1218 975 multos
1240 934 1398 975 amicos
1422 934 1467 975 in
1490 933 1608 976 omni
1621 930 1846 976 literarum

269 1016 424 1060 genere
464 1003 773 1045 versatissimos
812 1003 1078 1059 interrogavi
1120 1016 1356 1059 usquamne
1398 1001 1508 1046 illud
1537 1003 1582 1046 in
1613 1003 1701 1046 suis
1729 1003 1846 1045 inve-

272 1075 430 1116 nissent
455 1072 588 1115 libris.
619 1073 702 1116 Sed
727 1087 940 1129 nusquam
967 1076 1132 1116 exstare
1158 1073 1328 1117 videtur
1353 1074 1436 1117 nisi
1460 1072 1572 1130 apud
1597 1072 1846 1117 Lucretium

272 1147 314 1187 et
344 1145 389 1186 in
419 1148 561 1186 nostro
589 1142 690 1187 libri
719 1145 769 1186 de
798 1143 932 1186 anima
962 1143 1214 1201 fragmento.

330 1214 422 1257 Iam
469 1228 522 1256 ex
568 1228 651 1257 uno
697 1214 778 1257 hoc
823 1213 1017 1270 exemplo
1063 1214 1221 1258 videtis
1266 1228 1394 1271 quam
1439 1227 1584 1258 rerum
1629 1213 1845 1259 variarum

272 1299 502 1341 earumque
528 1286 705 1328 minime
732 1286 931 1328 tritarum
956 1283 1132 1340 plenum
1158 1284 1269 1328 illud
1296 1299 1401 1342 opus
1423 1285 1565 1329 fuerit.
1596 1284 1847 1340 Etmaqnum

271 1357 353 1400 fuit
393 1370 514 1413 opus,
555 1360 604 1399 ut
643 1357 874 1399 minimum
917 1355 1038 1398 trium
1078 1355 1309 1399 librorum:
1352 1358 1454 1399 citat
1493 1358 1608 1404 enim
1639 1355 1846 1413 quaedam

273 1425 440 1470 Gellius
472 1441 495 1470 e
525 1426 632 1470 libro
654 1427 788 1482 primo
819 1430 920 1479 (non
940 1427 1110 1482 priore).
1142 1426 1224 1470 Sed
1250 1427 1430 1470 dubium
1454 1441 1539 1471 non
1566 1429 1631 1470 est
1655 1427 1760 1483 quin
1784 1427 1847 1469 ita

271 1497 402 1541 libros
442 1497 540 1541 illos
581 1499 759 1554 scriptor
798 1499 1066 1541 exornaverit
1106 1499 1416 1555 variaveritque
1452 1501 1503 1541 ut
1531 1510 1749 1555 nunquam
1779 1497 1846 1540 ob·

271 1583 416 1626 repere
454 1569 616 1626 legenti
655 1583 830 1612 somnus
869 1572 1022 1626 posset.
1064 1569 1292 1612 Videamus
1323 1583 1430 1626 quae
1459 1572 1626 1626 praeter
1652 1572 1846 1613 nostrum

270 1640 562 1697 fragmentum
594 1641 829 1696 supersint:

335 1711 357 1753 l
406 1710 533 1767 Apud
575 1710 736 1753 Aulum
778 1709 967 1754 Gellium
998 1710 1050 1764 (Ι,
1084 1710 1124 1762 3,
1143 1710 1218 1765 31)
1259 1710 1442 1766 prudens
1471 1708 1662 1755 Chilonis
1692 1723 1716 1754 e
1747 1709 1847 1753 Plu-

271 1781 409 1825 tarchi
440 1783 596 1824 citatur
627 1781 735 1825 libro
766 1783 904 1838 primo
937 1781 988 1825 de
1019 1783 1161 1825 anima
1190 1781 1366 1833 dictum,
1399 1783 1473 1838 qui
1497 1780 1668 1826 nullum
1695 1779 1847 1824 habeat

271 1853 495 1895 inimicum
539 1854 669 1895 etiam
711 1854 898 1895 amicum
930 1852 1084 1896 habere
1115 1852 1300 1895 nullum.
1334 1850 1524 1897 Conferri
1556 1855 1697 1909 potest
1727 1852 1847 1895 Anti-

273 1923 433 1965 sthenis
464 1922 587 1974 illud,
620 1923 731 1980 quod
762 1925 807 1966 in
838 1922 1002 1966 deliciis
1031 1922 1261 1966 Plutarcho
1292 1923 1422 1966 fuisse
1452 1923 1644 1967 videtur:
1675 1921 1847 1980 expedit

271 1993 436 2036 homini
468 1998 543 2036 aut
574 2008 723 2037 verum
754 1994 908 2037 habere
940 1995 1126 2037 amicum
1157 1998 1231 2038 aut
1260 1995 1484 2038 inimicum
1515 2007 1668 2039 acrem.

333 2063 360 2106 2
401 2064 527 2120 Apud
552 2064 733 2107 eundem
758 2063 867 2116 (XV,
901 2064 973 2117 10)
999 2063 1183 2121 lepidam
1208 2064 1330 2108 illam
1355 2064 1545 2122 legimus
1557 2063 1845 2108 narrationem

272 2134 323 2177 de
355 2134 538 2177 Milesiis
570 2137 825 2192 virginibus,
868 2150 995 2192 quam
1029 2141 1071 2179 et
1100 2137 1146 2178 in
1179 2135 1285 2180 libro
1315 2137 1364 2178 de
1394 2136 1600 2179 mulierum
1630 2135 1844 2178 virtutibus

271 2205 421 2248 retulit
452 2205 721 2258 Plutarchus,
753 2221 859 2263 quae
891 2207 1031 2250 subito
1061 2208 1242 2250 missum
1274 2207 1463 2250 fecerunt
1491 2208 1688 2253 insanum
1717 2205 1844 2249 illum

272 2280 407 2319 semet
441 2277 721 2333 suspendendi
752 2291 953 2331 amorem,
986 2292 1085 2321 cnm
1117 2278 1310 2322 decetum
1342 2282 1451 2321 esset
1482 2284 1534 2321 ut
1561 2291 1707 2325 omnes
1738 2289 1846 2334 quae

272 2348 331 2390 sic
372 2346 609 2391 finivissent
650 2350 785 2392 vitam
825 2350 957 2391 nudae
995 2364 1080 2392 cum
1118 2350 1246 2392 eodem
1287 2349 1424 2405 laqueo
1455 2348 1714 2393 efferrentur.
1760 2347 1844 2391 Hic

271 2418 461 2474 primum
503 2419 831 2475 prudentissime
867 2419 1144 2463 Bernardakis
1175 2419 1317 2464 locum
1346 2421 1391 2462 in
1421 2418 1531 2463 libro
1562 2420 1610 2463 de
1638 2418 1843 2463 mulierum

271 2488 486 2531 virtutibus
515 2503 537 2531 e
571 2488 709 2533 Gellio
739 2489 1023 2546 supplendum
1056 2504 1146 2533 esse
1177 2491 1315 2534 verbis
1345 2491 1400 2543 τῷ
1429 2490 1540 2544 αὐτῷ
1570 2488 1710 2543 βρόχῳ
1741 2488 1844 2532 δεδε-

272 2559 402 2610 μέναις
427 2559 654 2611 intellexit,
687 2575 785 2604 nam
817 2562 898 2604 nisi
927 2560 1067 2617 laquei
1097 2560 1163 2604 illi
1193 2561 1396 2612 adessent,
1430 2562 1505 2618 qui
1538 2562 1646 2605 scire
1681 2564 1844 2617 poterat

272 2630 454 2687 populus
485 2631 587 2687 quid
618 2631 699 2674 sibi
724 2631 834 2674 illud
858 2631 1069 2675 nudarum
1096 2631 1226 2675 vellet
1251 2633 1471 2688 virginum
1497 2629 1651 2674 funus?
1683 2629 1843 2675 Deinde

271 2703 316 2744 in
358 2701 503 2744 eodem
542 2701 650 2744 libro
690 2702 798 2745 hanc
831 2702 948 2744 addit
980 2702 1307 2759 disputationem
1339 2701 1613 2746 Plutarchus:
1647 2701 1763 2754 μέγα
1794 2701 1840 2751 33.

272 2771 481 2824 τεκμήριον
513 2773 689 2824 εὐφυΐαις
720 2772 789 2815 καὶ
819 2774 966 2825 ἀρετῆς
992 2775 1014 2822 ἦ
1042 2778 1113 2823 ’τῆς
1141 2773 1306 2823 ἀδοξίαις
1331 2773 1550 2824 εὐλάβεια,
1577 2771 1646 2815 καὶ
1673 2772 1718 2816 τὸ
1745 2773 1842 2826 πρὸς

273 2843 328 2884 τὰ
370 2842 598 2893 δεινότατα,
642 2843 813 2886 θάνατον
855 2844 924 2886 καὶ
967 2843 1096 2895 πόνον,
1139 2844 1263 2891 ἀδεῶς
1301 2844 1482 2898 ἐχούσας
1512 2843 1751 2895 manantur
1781 2845 1840 2894 μὴ

274 2913 487 2962 ὑπομεῖναι
520 2913 614 2963 μηδ’
642 2915 820 2964 ἐνεγκεῖν
848 2914 1048 2968 αἰσχύνης
1075 2914 1219 2964 μετὰ
1248 2914 1478 2957 θάνατον
1505 2914 1708 2967 ἐσομένης,
1732 2927 1840 2971 quae

273 2996 402 3038 quam
437 2982 712 3027 disertissime
748 2999 918 3028 omnem
949 2986 1069 3028 nobis
1094 2986 1289 3028 eximunt
1315 2986 1598 3042 suspicionem
1623 2984 1674 3029 de
1697 2983 1839 3045 aliquo
