2002 3372
1103 191 1188 236 188

350 311 458 355 libro
491 313 540 356 de
575 314 802 357 Plutarcho
833 314 934 357 haec
965 317 1138 358 annotat
1170 318 1265 368 (suo
1299 330 1490 360 sermone
1516 315 1759 373 loquentem
1785 316 1929 360 virum

353 383 523 427 doctum
566 385 759 438 induco):
807 399 899 437 „wo
940 385 1133 428 indessen
1167 388 1283 430 nicht
1315 387 1520 431 Plutarch
1550 387 1726 430 sondern
1756 385 1930 430 Kleom-

350 455 491 497 brotos
532 456 705 511 spricht,
743 470 824 499 was
855 470 955 499 man
986 458 1141 500 immer
1174 458 1260 500 und
1291 460 1445 501 immer
1475 473 1524 500 zu
1554 458 1762 500 ilbereehen
1793 457 1929 500 bicbe’.

351 524 471 577 Quod
512 530 662 581 parum
706 530 899 570 accurate
931 527 1093 570 dictum
1126 532 1190 571 est
1221 543 1319 572 nam
1353 529 1466 572 haud
1497 529 1623 574 dubie
1655 528 1832 586 coquim—
1857 529 1931 575 ‘hic

350 595 604 639 Plutarchus
632 596 719 649 (vel
742 597 854 653 quod
882 598 1042 650 eodem,
1072 601 1116 641 ni
1144 598 1281 651 fallor,
1298 600 1407 642 redit
1425 600 1554 643 frater
1570 601 1662 643 eius
1677 599 1930 656 Lamprias),

351 666 422 708 sed
465 668 566 710 citat
605 666 863 712 Cleombroti
905 668 1068 712 dictum
1111 673 1152 712 et
1194 673 1283 713 tam
1313 670 1494 714 libenter
1524 670 1699 727 quidem
1730 672 1929 727 tantoque

353 750 451 779 cum
482 751 652 781 assensu
684 740 788 782 citat
819 744 868 782 ut
901 741 1012 796 quod
1043 742 1126 797 ipsi
1147 745 1222 783 est
1248 743 1620 796 persuasissimum
1645 742 1704 784 sic
1729 741 1929 786 disertius

352 810 483 851 etiam
526 809 705 852 declaret
738 824 866 867 quam
898 813 935 853 si
965 813 1053 854 suis
1084 813 1173 868 ipse
1207 813 1346 855 verbis
1378 817 1583 857 uteretur.
1614 812 1825 866 Quorsum
1856 819 1933 855 aur·

352 882 439 921 tem
481 880 655 923 mordax
697 880 806 924 illud
849 883 1091 926 convicium
1131 883 1242 939 quod
1272 885 1316 925 in
1350 884 1486 926 verbis
1516 899 1564 926 zu
1595 883 1806 926 &ber-when
1836 882 1932 925 uebt

349 949 488 993 inest?
531 951 818 1008 Quisquamne
859 957 948 996 tam
990 955 1111 996 iratis
1152 954 1232 996 diis
1272 958 1398 997 natus
1438 958 1502 997 est
1543 958 1593 997 ut
1636 954 1749 998 hunc
1786 953 1929 998 locum

348 1020 418 1064 vel
460 1022 594 1065 obiter
636 1023 871 1080 adspiciens
912 1023 1174 1068 Cleombroti
1213 1039 1367 1068 nomen
1407 1039 1489 1069 non
1530 1023 1699 1068 videat?
1730 1024 1808 1068 Vel
1838 1029 1928 1068 tam

349 1097 546 1135 versutus
573 1093 788 1150 fallaxque
814 1099 863 1137 ut
890 1109 933 1138 se
961 1110 1042 1138 non
1070 1096 1210 1139 videre
1238 1094 1440 1140 simulet?
1467 1097 1532 1139 An
1558 1098 1714 1153 scripta
1740 1109 1789 1140 ea
1801 1095 1930 1139 verba

347 1163 425 1206 hoc
453 1167 552 1206 sunt
578 1164 755 1208 consilio
782 1170 831 1208 ut
858 1166 1102 1223 legentibus
1129 1169 1312 1224 suspicio
1339 1172 1534 1211 nascatur
1559 1182 1648 1211 esse
1663 1163 1931 1223 nescioquem

349 1234 552 1278 stolidum
594 1235 811 1279 hominem
852 1237 1106 1294 fatuumque
1152 1240 1225 1295 qui
1266 1253 1485 1295 nunquam
1521 1238 1741 1289 Plutarchi
1769 1237 1929 1280 librum

350 1307 398 1348 de
443 1307 606 1363 defectu
647 1308 894 1350 oraculorum
935 1310 1167 1365 inspexerit
1206 1314 1248 1352 et
1291 1313 1434 1352 tamen
1475 1309 1526 1352 de
1555 1324 1603 1352 eo
1635 1309 1815 1352 scribere
1845 1322 1929 1351 non

352 1378 407 1418 sit
434 1375 622 1419 veritus?
659 1377 706 1420 Si
738 1379 817 1421 hoc
850 1378 988 1422 voluit
1017 1379 1245 1431 Hirzelius,
1277 1382 1352 1423 cur
1380 1382 1654 1437 impostorem
1684 1378 1814 1423 illum
1842 1385 1927 1424 non

353 1445 572 1489 nominat?
615 1448 787 1491 Accedit
818 1448 980 1506 aliquid
1014 1464 1089 1492 cur
1121 1453 1274 1493 certior
1305 1452 1434 1494 etiarn
1467 1451 1578 1493 mihi
1608 1453 1694 1494 stet·
1723 1450 1930 1493 sententia

353 1519 488 1574 ipsius
529 1517 751 1562 Plutarchi
791 1520 898 1562 hanc
939 1534 1028 1563 esse
1071 1523 1326 1577 opinionem,
1368 1535 1496 1577 quam
1538 1522 1708 1578 penitus
1738 1521 1931 1578 hauserit

350 1593 541 1644 pectore:
575 1591 827 1642 Φιλοσοφίας
861 1591 974 1637 τέλος
1010 1593 1215 1643 θεολογίαι.
1251 1592 1299 1635 In
1329 1591 1438 1635 libro
1470 1594 1519 1634 de
1548 1599 1581 1635 E
1614 1593 1724 1647 apud
1751 1591 1931 1647 Delphos

347 1664 481 1703 semet
511 1662 654 1716 ipsum
686 1661 1049 1705 adolescentulum
1079 1663 1244 1706 inducit
1274 1663 1528 1706 Plutarchus
1559 1663 1848 1720 disputantem
1876 1662 1927 1706 de

347 1733 514 1774 numeri
554 1731 589 1773 V
631 1734 676 1776 vi
715 1737 841 1789 atque
873 1734 1191 1790 significatione.
1225 1734 1306 1777 Sed
1339 1734 1835 1791 priusquam'disputare
1865 1735 1927 1776 in-

347 1804 476 1859 cipiat
513 1817 611 1845 eum
643 1803 887 1860 interpellat
918 1805 1128 1847 Nicander
1158 1806 1339 1847 sacerdos
1370 1808 1429 1858 (v¹
1466 1804 1552 1847 386
1565 1803 1616 1858 O)
1647 1804 1931 1860 admonetque

346 1887 494 1917 veram
521 1875 611 1916 eius
638 1876 728 1917 vim
756 1877 1031 1918 sacrosanctis
1058 1890 1146 1919 esse
1172 1875 1412 1919 involutam
1439 1876 1623 1920 tenebris
1650 1889 1754 1932 quas
1779 1874 1930 1919 tollere

347 1944 464 1987 nefas
490 1946 558 1987 sit.
595 1945 765 2002 „Ergo”
795 1947 854 1988 sic
880 1946 1100 1989 subridens
1126 1947 1352 2004 respondet
1377 1946 1716 1990 adolescentulus
1737 1945 1840 1999 (391
1853 1945 1927 2000 E):

351 2016 423 2066 „in
456 2017 692 2071 praesentia
722 2016 773 2059 de
805 2030 852 2059 ea
884 2031 929 2060 re
960 2022 1199 2060 ceterorum
1231 2018 1483 2060 coniecturis
1513 2031 1629 2060 meas
1660 2016 1866 2060 addam”:
1927 2048 1929 2051 v

411 2085 509 2137 ἄχρι
547 2084 590 2128 οὗ
622 2087 793 2135 τάληθὲς
829 2089 924 2137 ἡμῖν
957 2088 974 2130 ὂ
1008 2089 1090 2135 θεὸς
1125 2089 1237 2140 ἱεροῖς
1271 2087 1499 2140 γενομένοις
1532 2092 1681 2139 γνῶναι
1711 2088 1931 2141 ποιροὶσχῃ.1

412 2157 575 2209 Quibus
606 2158 744 2200 verbis
775 2158 1011 2202 verecunde
1043 2158 1254 2215 significat
1284 2160 1493 2201 maturior
1522 2160 1608 2201 iam
1634 2158 1807 2213 scriptor
1832 2157 1930 2201 Plu-

348 2228 519 2271 tarchus
559 2230 721 2272 interea
763 2244 806 2272 se
848 2230 946 2282 ἱερόν
988 2230 1162 2281 factum,
1204 2230 1248 2272 id
1291 2234 1354 2272 est
1395 2229 1448 2272 ad
1479 2244 1701 2272 summum
1731 2232 1927 2273 evectum

349 2299 629 2341 sacerdotium
671 2303 713 2342 et
746 2300 796 2342 ab
827 2302 920 2356 ipso
955 2300 1041 2343 Deo
1075 2301 1273 2343 edoctum
1306 2301 1356 2344 de
1388 2302 1441 2343 iis
1473 2301 1598 2343 rebus
1630 2314 1736 2357 quae
1766 2299 1926 2357 vulgus

349 2370 595 2413 mortalium
625 2370 796 2415 lateant.
844 2371 891 2414 In
923 2386 970 2415 ea
1002 2375 1146 2414 autem
1178 2373 1442 2415 sanctissima
1472 2373 1676 2428 sapientia
1705 2386 1925 2415 summum

350 2442 427 2483 hoc
459 2443 520 2483 est
554 2445 602 2483 ut
634 2443 739 2484 scias
767 2443 851 2485 isto
885 2439 924 2484 εἷ
951 2442 1169 2485 hominem
1201 2442 1289 2486 Deo
1316 2442 1566 2499 respondere
1592 2443 1781 2485 monenti
1805 2442 1926 2493 γνῶθι

352 2511 536 2562 σεαυτόν,
581 2516 623 2554 et
664 2512 742 2555 hoc
774 2513 947 2568 quidem
977 2513 1251 2569 respondere:
1287 2527 1395 2569 „ego
1427 2515 1597 2556 omnino
1629 2527 1712 2556 non
1741 2527 1825 2555 sum
1855 2512 1928 2556 sed

350 2582 417 2634 fio,
451 2585 606 2634 mutor,
640 2597 778 2638 pereo;
818 2598 971 2628 verum
999 2599 1080 2626 esse
1106 2584 1170 2626 Tu
1198 2583 1311 2626 solus
1338 2583 1510 2626 habes''.
1542 2583 1662 2627 Nihil
1689 2608 1743 2616 —-
1770 2585 1928 2627 iterum

351 2654 430 2695 hoc
462 2654 570 2695 mihi
603 2653 823 2697 dicendum
860 2659 924 2698 est
958 2681 1011 2687 —
1045 2657 1089 2697 in
1122 2656 1289 2711 scriptis
1319 2654 1539 2697 Plutarchi
1569 2653 1825 2711 praeclarius
1854 2654 1930 2698 illa

351 2726 476 2766 toties
508 2726 693 2780 agitatae
726 2727 1013 2782 inscriptionis
1045 2725 1208 2782 legitur
1239 2726 1599 2782 interpretatione,
1632 2738 1760 2781 quam
1785 2729 1929 2768 tamen

351 2797 502 2851 ipsam,
547 2809 598 2837 ne
630 2795 862 2852 quidquam
896 2798 976 2839 sibi
1009 2801 1191 2854 arroget,
1223 2796 1410 2850 magistro
1442 2810 1517 2839 suo
1549 2796 1788 2840 commodat
1827 2797 1929 2840 Am-

352 2867 506 2908 monio.
540 2866 609 2908 Sic
639 2868 683 2908 in
717 2871 861 2911 nostro
894 2868 1002 2911 libro
1036 2868 1204 2912 tandem
1238 2867 1463 2924 aliquando
1493 2868 1579 2910 iam
1610 2881 1778 2910 summo
1810 2882 1927 2925 prae·

352 2937 465 2978 ditus
506 2937 678 2988 honore,
700 2939 807 2980 iam
850 2938 963 2990 ἱερός,
1006 2940 1091 2981 iam
1125 2938 1211 2981 Deo
1243 2938 1390 2994 plenus
1421 2939 1692 2993 pronuntiare
1722 2938 1851 2981 audet
1881 2939 1925 2981 id
