2002 3372
918 226 1005 272 2¹75

167 354 172 357 '
222 350 309 395 Hic
346 347 404 399 οἷς
437 351 554 395 haud
585 351 715 394 dubie
745 349 960 392 masculini
992 354 1057 393 est
1087 352 1268 408 generis,
1302 353 1346 393 at
1378 349 1427 392 δι’
1459 348 1511 393 ὧν
1540 352 1760 394 neutrius:

161 423 223 466 eis
263 422 403 474 rebus,
437 427 608 477 propter
637 436 736 478 quas
766 422 903 464 amari
936 422 1018 464 sibi
1053 421 1268 474 videntur,
1303 421 1450 465 odium
1484 422 1566 464 sibi
1597 426 1764 478 parant.

162 493 209 538 Si
250 494 331 547 ἀφ’
361 491 426 546 ὦν,
469 493 581 551 quod
622 493 759 536 editor
800 492 854 536 ad
887 491 1117 550 Symbolas
1149 507 1247 536 suas
1279 507 1512 550 provocans
1543 493 1764 536 defendere

161 564 348 617 videtur,
390 568 504 608 recte
546 564 736 615 haberet,
779 565 912 607 etiam
955 566 1152 607 neutrius
1195 569 1305 607 esset
1345 566 1528 622 generis.
1577 563 1660 607 Sed
1702 566 1761 607 sic

160 649 298 693 neque
339 650 439 679 cum
481 636 610 679 verbo
652 634 936 687 θαυμάζεσθαι
978 650 1115 692 neque
1158 651 1259 679 cum
1293 636 1616 687 καταγελᾶσθαι
1650 639 1763 679 reete

159 708 372 764 iungitur.
404 706 522 764 Lege
550 721 652 764 ergo
680 707 752 759 ὑφ’
782 704 846 749 ὦν.
881 705 1055 750 Garruli
1083 707 1331 751 deridentur
1356 708 1408 750 ab
1434 709 1488 750 iis
1515 707 1763 750 hominibus

161 778 317 836 quibus
347 777 622 821 admirationi
653 791 697 821 se
728 780 884 834 putant
916 792 1019 822 esse.

223 924 356 969 5041?
403 927 482 970 τῶν
525 926 559 970 δ’
592 925 732 968 ἄλλων
778 927 918 968 παθῶν
960 926 1028 968 καὶ
1064 925 1303 976 νοσημάτων
1336 925 1392 967 τὰ
1425 924 1501 975 μέν
1537 925 1646 966 ἔστιν
1681 924 1764 966 ἐπι-

161 996 326 1040 κίνδυνα
353 997 408 1040 τὰ
435 997 478 1040 δὲ
504 998 663 1049 μισητὰ
693 998 748 1041 τὰ
777 998 818 1041 δὲ
841 997 1171 1050 καταγέλαστα,
1199 1003 1250 1048 τῇ
1270 995 1303 1038 δ’
1321 995 1555 1051 ἀδολεσχίᾳ
1580 995 1761 1038 πάντα

161 1069 506 1120 συμβέβηκε

221 1139 372 1198 Neque
411 1144 526 1184 recte
567 1142 626 1183 sic
668 1140 900 1197 garrulitas
943 1141 1095 1190 ceteris
1141 1139 1303 1182 morbis
1345 1140 1594 1196 opponitur,·
1625 1152 1762 1194 neque

161 1212 335 1255 omnino
364 1212 409 1255 in
441 1212 586 1255 verbis
617 1212 760 1254 πάντα
795 1210 1046 1263 συμβέβηκε
1077 1210 1197 1254 ullus
1222 1212 1334 1253 inest
1361 1224 1523 1254 sensus.
1556 1209 1686 1267 Lege,
1715 1213 1765 1252 ut

161 1284 375 1340 optimam
415 1282 569 1326 habeas
611 1283 891 1326 sententiam:
936 1281 1055 1324 πάνθ’
1091 1280 1184 1333 ἅμα
1226 1298 1266 1324 σ.
1310 1279 1462 1326 Cetera
1494 1283 1603 1325 vitia
1634 1295 1763 1324 suum

162 1354 357 1412 quodque
388 1354 546 1398 habent
578 1353 760 1406 malum,
793 1353 1025 1412 garrulitas
1056 1355 1201 1397 omnia
1234 1352 1381 1396 simul.

224 1489 359 1536 505C
401 1491 663 1544 πορευόμενος
707 1492 762 1539 εἰς
797 1491 959 1543 θέατρον
992 1490 1082 1533 ἰδὼν
1113 1507 1205 1533 τινα
1238 1494 1315 1533 τῶν
1349 1489 1568 1540 δεδεμένων
1603 1489 1669 1532 ἐπὶ
1704 1490 1766 1533 θύ-

162 1577 253 1615 ραις
284 1562 497 1613 μέλλοντα
530 1560 812 1615 προσάγεσθαι
846 1564 901 1615 τῷ
934 1561 1098 1614 Νέρωνι.

223 1633 315 1677 Iam
354 1635 401 1677 in
442 1633 662 1678 referenda
693 1634 772 1677 hac
803 1632 1124 1677 narratiuncula
1155 1647 1224 1676 me
1256 1631 1307 1675 de
1339 1633 1570 1676 verborum
1603 1631 1669 1674 ἐπὶ
1703 1631 1766 1674 θύ-

162 1720 252 1757 ραις
284 1705 597 1764 significatione
629 1705 825 1749 dubitare
857 1705 1113 1762 significavi.
1147 1703 1273 1748 Certe
1304 1719 1383 1746 non
1415 1703 1466 1746 de
1493 1703 1641 1745 theatri
1667 1703 1765 1745 fori-

161 1776 243 1820 bus
273 1780 339 1820 est
367 1776 660 1835 cogitandum.

226 1923 362 1967 505132
403 1922 582 1976 Leaena,
616 1922 846 1967 Harmodii
877 1926 920 1966 et
952 1923 1260 1979 Aristogitonis
1294 1923 1445 1974 amica,
1473 1927 1546 1971 τῆς
1577 1921 1643 1964 ἐπὶ
1672 1921 1766 1968 τοὺς

163 1996 377 2047 τυράννους
410 1995 667 2046 συνωμοσίας
700 1995 890 2038 ἐκοινώνει
923 1999 1016 2040 ταῖς
1051 1994 1213 2037 ἐλπίσιν
1243 1995 1295 2042 ὥς
1329 1994 1448 2045 γυνή.

225 2065 383 2110 Vereor
422 2070 473 2109 ut
513 2066 619 2110 bene
659 2066 763 2109 haec
803 2064 1067 2108 intellexerit
1097 2066 1324 2121 interpres.
1359 2063 1431 2107 Sic
1462 2065 1578 2106 enim
1611 2065 1767 2108 vertit:

166 2138 240 2189 „in
283 2140 450 2194 partem
492 2139 583 2194 spei
627 2137 919 2180 coniuratione
960 2137 1005 2179 in
1047 2139 1253 2194 tyrannos
1292 2139 1517 2192 conceptae
1549 2135 1768 2178 venerat’'.

164 2209 255 2252 Aut
295 2222 422 2252 sensu
462 2222 580 2252 cassa
611 2209 713 2252 haec
747 2212 822 2251 aut
853 2207 1048 2251 absurda.
1083 2206 1166 2251 Sed
1198 2208 1278 2250 hoc
1310 2205 1452 2251 voluit
1486 2205 1768 2250 Plutarchus:

164 2281 376 2337 particeps
407 2282 499 2322 erat
530 2280 834 2323 coniurationis
867 2278 1046 2330 Leaena,
1074 2278 1160 2330 sed,
1189 2282 1240 2321 ut
1266 2277 1437 2329 mulier,
1468 2278 1769 2321 tantummodo

165 2365 238 2408 spe
281 2355 430 2395 tenus:
479 2352 644 2408 optima
687 2365 880 2408 quaeque
923 2351 1176 2407 precabatur
1217 2351 1471 2399 coniuratis,
1514 2351 1608 2406 ipsa
1651 2350 1770 2405 operi

166 2437 343 2467 manum
377 2437 462 2467 non
493 2427 583 2467 erat
614 2423 853 2467 admotura.

225 2561 285 2605 ib.
330 2559 443 2604 Tum
476 2560 703 2618 magnifice
734 2559 811 2603 illa
843 2560 1009 2603 Leaena
1041 2561 1100 2603 sic
1131 2559 1356 2602 laudatur:

228 2630 300 2674 καὶ
341 2632 426 2683 γὰρ
469 2629 576 2681 αὕτη
618 2631 708 2684 περὶ
742 2631 811 2674 τὸν
843 2631 970 2674 καλὸν
1003 2631 1149 2674 ἐκεῖνον
1183 2630 1425 2683 ἐβάκχευσε
1458 2635 1641 2683 κρατῆρα
1677 2632 1769 2672 τοῦ

168 2702 380 2756 ἔρωτος,
415 2702 484 2745 κα)
521 2703 811 2755 κατωργίαστο
845 2701 911 2745 διὰ
945 2705 1016 2744 τοῦ
1051 2703 1138 2744 θεοῦ
1171 2706 1255 2749 τοῖς
1287 2701 1541 2754 ἀπορρήτοις.

227 2773 392 2817 Vellem
433 2774 581 2816 amoris
621 2774 720 2816 hinc
763 2773 928 2816 abesset
970 2773 1146 2823 mentio,
1190 2786 1242 2815 an
1276 2771 1607 2824 „Platonicum”
1639 2770 1770 2814 illum

166 2842 426 2888 Plutarchus
468 2844 683 2902 significat
727 2843 958 2888 Harmodii
1001 2847 1044 2887 et
1086 2844 1394 2900 Aristogitonis
1435 2857 1645 2894 amorem,
1695 2844 1769 2899 qui

167 2917 378 2960 virtutem
409 2916 629 2973 spectabat
660 2920 702 2959 et
733 2917 898 2973 patriae
930 2914 1174 2958 libertatem
1183 2913 1200 2956 ’ἰ
