2002 3372
1097 195 1182 241 172

349 318 491 360 tivum
532 321 808 374 pepererunt:
851 332 925 374 pro
966 318 1175 368 ἐγκωμίων
1209 321 1322 362 enim
1355 319 1586 376 legendum
1617 323 1682 364 est
1711 320 1770 369 εἷς
1801 321 1927 374 891κώ-

349 403 451 438 μιον.
495 389 559 431 Ad
603 390 807 431 maiorem
849 390 963 431 enim
1005 388 1123 432 illius
1162 389 1310 434 literae
1341 390 1524 448 gloriam
1555 391 1632 435 illa
1661 391 1927 436 eratsshabita

349 460 496 501 oratio.
529 460 751 502 Praeterea
783 459 1016 502 videndum
1048 474 1184 503 annon
1216 475 1291 518 pro
1324 463 1590 514 ἀριθμητικῶν
1617 461 1846 519 legendum
1872 464 1928 506 sit

349 528 623 572 διαλεκτικῶν.
666 529 884 573 Hactenus
926 532 1039 573 enim
1083 530 1401 575 dialecticorum
1444 537 1486 575 et
1528 533 1927 577 mathematicorum

348 601 393 651 (i.
413 614 447 642 e.
491 601 880 657 Pythagoreorum)
928 603 1143 658 opiniones
1185 610 1284 646 sunt
1315 605 1543 660 expositae,
1577 617 1601 647 a
1631 603 1874 648 'I'heone'et
1903 617 1927 647 a

348 669 591 715 Plutarcho.
625 670 710 716 Gur
742 672 812 715 hic
843 676 1057 729 praeterea
1088 674 1347 717 arithmetici
1377 676 1650 718 nominentur
1679 689 1760 719 non
1788 674 1926 719 video.

412 815 543 859 392F
578 817 846 868 „Vocabula”
875 820 936 861 ait
963 819 1217 862 Ammonius
1244 818 1414 876 „qualia
1439 824 1538 863 sunt
1564 824 1608 863 et
1633 818 1716 863 alia
1741 823 1783 864 et
1809 819 1927 863 ἔσται

349 901 391 930 et
422 888 584 940 γέγονε,
618 892 719 931 sunt
749 889 1027 932 confessiones
1059 894 1129 934 τοῦ
1161 892 1220 941 μὴ
1251 890 1383 938 ὄντος·
1418 891 1463 934 τὸ
1495 891 1576 943 γὰρ
1605 892 1644 932 ἐν
1670 892 1726 944 τῷ
1752 887 1854 934 εἶναι
1881 890 1928 932 τὸ

347 958 514 1008 μηδέπω
564 961 734 1010 γεγονὸς
784 959 806 1009 ἢ
854 960 1115 1011 πεπαυμένον
1162 962 1232 1011 ἤδη
1273 964 1343 1004 τοῦ
1387 959 1488 1003 εἶναι
1531 962 1668 1013 λέγειν
1709 963 1761 1010 ὤς
1805 960 1928 1013 ἔστιν,

348 1028 484 1078 εὔηθες
517 1030 585 1072 καὶ
620 1030 786 1073 ἄτοπον.

407 1101 520 1143 Luce
552 1101 705 1144 clarius
739 1105 802 1145 est
833 1102 1063 1145 secundum
1096 1101 1206 1145 illud
1232 1103 1277 1145 τὸ
1304 1117 1393 1146 esse
1418 1102 1685 1146 eiiciendum.
1715 1101 1785 1145 Sic
1810 1103 1926 1145 enim

347 1172 533 1215 decurrit
565 1175 794 1216 sententia:
829 1172 962 1223 εὔηθές
998 1173 1083 1216 ἔστι
1118 1174 1255 1225 λέγειν
1286 1175 1339 1221 ὡς
1371 1172 1456 1216 ἔστι
1489 1175 1533 1216 τὸ
1562 1173 1730 1225 μηδέπω
1755 1175 1928 1226 γεγονὸς

349 1243 388 1285 ἐν
422 1245 476 1295 τῷ
507 1241 608 1286 εἶναι
643 1243 664 1292 ἢ
698 1244 783 1286 κτὲ.

410 1380 465 1423 ib.
514 1379 632 1432 Quod
675 1393 775 1423 vero
817 1379 1034 1423 vocabulis
1076 1379 1277 1431 ἐνέστηκε,
1320 1382 1399 1430 νῦν,
1434 1379 1604 1432 πάρεστι
1637 1378 1926 1436 significamus

353 1452 463 1493 τοῦτ’
497 1448 548 1493 αὖ
582 1450 709 1493 πάλιν
741 1449 855 1493 ἅπαν
889 1450 1216 1500 ἐκλυόμενος
1250 1450 1267 1491 ὃ
1299 1451 1419 1501 λόγος
1454 1450 1674 1494 ἀπόλλυσι.

408 1521 476 1564 Sic
518 1521 565 1565 B.
608 1535 707 1564 cum
748 1521 943 1572 Eusebio,
985 1520 1116 1563 altera
1155 1520 1280 1564 lectio
1322 1525 1386 1563 est
1429 1520 1677 1571 ἐκδυόμενος.
1709 1520 1746 1564 Ε
1776 1524 1926 1564 neutra

347 1596 472 1648 aptus
515 1592 691 1635 extundi
722 1596 863 1648 potest
895 1605 1063 1644 sensus;
1098 1591 1169 1634 sed
1199 1591 1294 1648 lege
1326 1592 1570 1644 ἐνδυόμενος,
1603 1593 1823 1650 egregiam
1847 1592 1925 1635 *ha-

345 1663 462 1706 bebis
502 1665 762 1720 imaginem:
810 1664 919 1705 ratio
963 1664 1077 1705 enim
1119 1677 1263 1704 cuneus
1304 1662 1478 1718 quidam
1519 1676 1609 1706 esse
1653 1662 1810 1706 dicitur
1849 1662 1939 1719 qui·

346 1733 596 1790 „praesens”
640 1733 756 1776 istud
800 1733 996 1789 dissipat,
1039 1735 1294 1789 egregieque
1335 1747 1446 1776 nunc
1488 1735 1688 1776 continuo
1729 1733 1922 1776 additur:

345 1805 582 1856 ἐκθλίβεται
614 1805 698 1856 γὰρ
731 1805 786 1852 εἷς
815 1805 860 1846 τὸ
888 1806 1043 1854 μέλλον
1070 1804 1143 1865 κοεὶΙ
1166 1803 1211 1845 τὸ
1239 1803 1533 1857 παρῳχημένον
1563 1835 1573 1846 .
1593 1835 1603 1846 .
1624 1836 1634 1847 .
1663 1803 1709 1855 ἐξ
1734 1804 1924 1855 ἀνάγκης

344 1877 716 1926 διιστάμενον.

404 1946 513 1990 Loco
557 1960 683 2002 quem
717 1959 901 1989 vacuum
932 1945 1087 2001 reliqui
1118 1944 1279 2002 legitur
1310 1946 1440 1988 etiam
1472 1943 1602 1998 ὥσπερ
1636 1947 1751 1996 inuio
1784 1945 1926 1995 βουλο·

345 2018 475 2068 μένοις
523 2016 631 2060 ἰδεῖν.
679 2017 762 2059 Pro
807 2017 922 2067 οὶκμή
971 2016 1083 2072 apud
1127 2016 1361 2058 Eusebium
1402 2020 1466 2059 est
1507 2017 1618 2067 αὐγή
1661 2016 1773 2073 quod
1813 2019 1924 2059 certe

347 2087 501 2131 melius
531 2101 629 2130 cum
661 2088 790 2131 verbo
822 2087 919 2129 ἰδεῖν
950 2088 1160 2143 iungitur.
1199 2086 1281 2129 Sed
1312 2086 1486 2130 mallem
1517 2088 1711 2131 abessent
1742 2090 1925 2144 quatuor

345 2158 419 2202 illa
450 2157 653 2202 vocabula
685 2160 839 2201 omnia.

407 2305 545 2348 393A
587 2304 669 2347 ὅθεν
712 2305 790 2348 οὐδ’
836 2302 939 2348 ὅσιόν
982 2306 1089 2348 ἐστιν
1135 2305 1214 2347 οὐδ’
1248 2303 1314 2346 ἐπὶ
1358 2306 1429 2346 τοῦ
1470 2301 1577 2350 ὄντος
1611 2302 1763 2356 λέγειν,
1795 2305 1846 2351 ὥς
1879 2301 1923 2353 ἦν

344 2378 365 2427 ἢ
401 2377 532 2419 ἔσται.

406 2447 608 2491 Deleatur
655 2447 887 2490 secundum
933 2446 1035 2489 οὐδέ.
1084 2446 1302 2489 Sententia
1349 2445 1464 2487 enim
1506 2447 1607 2486 estz.
1636 2443 1687 2487 de
1728 2457 1775 2487 eo
1812 2443 1924 2500 quod

345 2534 490 2562 revera
523 2523 586 2561 est
616 2520 661 2572 (i.
681 2533 716 2561 e.
749 2518 799 2561 de
831 2519 937 2574 Deo)
971 2518 1131 2561 dicere:
1166 2516 1313 2568 „erat”
1347 2514 1417 2559 vel
1450 2514 1585 2566 „erit”
1617 2515 1733 2558 nefas
1765 2519 1840 2558 est.

405 2591 544 2646 Atque
571 2590 672 2632 haec
698 2590 825 2632 huius
853 2591 1085 2632 sententiae
1109 2588 1281 2630 affertur
1307 2588 1438 2629 ratio:
1470 2585 1796 2637 „declinationes
1812 2587 1926 2629 enim

346 2664 452 2704 istae
492 2665 592 2703 sunt
624 2662 714 2703 eius
745 2662 821 2711 rei,
854 2662 975 2703 cuius
1007 2660 1110 2702 haec
1142 2662 1206 2701 est
1237 2662 1387 2700 natura
1418 2661 1468 2699 ut
1497 2671 1579 2699 non
1611 2660 1853 2713 permaneat
1881 2658 1927 2699 in

347 2732 584 2774 conditione
627 2745 732 2787 quae
774 2746 854 2773 esse
896 2732 1109 2774 nominari
1150 2729 1325 2786 possit’'.
1369 2727 1438 2771 Sic
1469 2729 1580 2770 enim
1611 2728 1695 2770 fere
1726 2727 1926 2771 vertenda

348 2807 446 2845 sunt
478 2803 627 2845 verba:
662 2805 799 2844 ταῦτα
833 2802 916 2854 γὰρ
952 2802 1158 2853 ἐγκλίσεις
1191 2833 1200 2843 .
1222 2831 1232 2842 .
1253 2802 1273 2842 .’
1296 2799 1354 2849 μὴ
1389 2797 1633 2852 πεφυκότος.

409 2945 543 2987 393D
582 2945 671 2990 τοὺς
702 2945 734 2986 δ’
766 2942 1011 2985 Ἀπόλλωνος
1041 2943 1108 2985 καὶ
1138 2941 1245 2991 ἥλιον
1274 2940 1516 2992 ἡγουμένους
1547 2942 1613 2982 τὸν
1641 2940 1761 2982 αὑτὸν
1789 2940 1923 2982 dan-oi-
