2002 3372
1109 185 1195 231 1²78

365 307 539 351 alterius
565 307 762 350 Hieronis
789 309 960 351 nomine
987 307 1132 352 audito
1158 309 1300 353 subito
1326 310 1502 354 alterius
1528 325 1762 362 memorem
1781 313 1943 358 factum

363 378 587 421 Philinum
630 403 685 410 —-
727 392 986 434 quamquam
1033 379 1077 421 id
1124 379 1277 424 diserte
1321 381 1460 424 fuerat
1506 382 1833 439 significandum
1869 409 1941 436 ——-,

361 449 497 506 qualis
529 453 594 491 est
624 449 955 505 Xenophonteus
980 449 1056 492 ille
1082 450 1214 495 Hiero
1241 456 1284 495 et
1312 453 1448 509 qualis
1475 453 1544 496 hic
1570 453 1803 510 Spartanus
1828 455 1942 512 apud

357 518 668 562 Plutarchum?
710 519 809 562 Dux
845 519 921 563 ille
952 523 1351 575 mercennariorum,
1383 527 1433 567 ut
1464 528 1588 568 antea
1619 525 1843 571 bellatores
1873 525 1941 569 illi

357 590 407 633 de
444 591 598 646 quibus
628 592 673 632 in
703 590 889 634 Anabasi
918 591 1120 649 legimus,
1153 598 1196 636 at
1228 594 1296 637 hic
1329 595 1394 638 vir
1425 596 1600 652 quidam
1629 596 1938 654 amplissimae,

356 662 448 716 pari
485 676 583 703 cum
615 663 707 717 ipso
740 661 958 718 Lysandro
991 663 1214 720 dignitate,
1247 679 1347 708 nam
1379 669 1428 708 ut
1459 665 1676 724 Lysander
1706 681 1828 712 suam
1858 668 1940 712 sibi

354 736 524 774 statuam
557 731 735 788 Delphis
766 733 959 776 habebat.
993 733 1240 797 Sequuntur
1270 736 1395 779 haec:
1788 743 1796 753 '

418 804 451 845 οἱ
496 802 537 845 δὲ
581 803 748 855 ἀστέρες
782 805 1064 856 ἠφανίσθησαν
1097 803 1158 854 οὓς
1193 807 1425 860 Λύσανδρος
1458 808 1645 857 ἀνέθηκεν
1677 808 1760 855 ἀπὸ
1792 815 1865 860 τῆς
1897 810 1938 853 ἐν

359 873 486 925 Αἰγὸς
520 880 723 924 ποταμοῖς
755 876 1923 928 ναυμαχίαις..

418 945 528 998 Quid
558 945 660 989 haec
691 960 790 989 cum
822 946 1007 990 Hierone
1038 946 1210 991 nostro?
1242 947 1436 992 Tertium
1468 953 1714 1006 portentum
1745 950 1940 995 huiusce-

357 1015 474 1058 modi
505 1020 588 1059 est:
898 1009 901 1011 ’

418 1087 436 1129 ὂ
484 1088 518 1136 3?
561 1088 687 1130 αὐτοῦ
734 1091 804 1130 τοῦ
852 1088 1085 1142 Λυσάνδρου
1133 1089 1275 1137 λίθινος
1325 1090 1485 1144 ἀνδριὰς
1534 1091 1744 1143 ἐξήνθησεν
1787 1092 1937 1146 ἀγρίαν

355 1159 521 1212 λόχμην
553 1160 639 1202 κτὲ.

412 1230 533 1273 Unde
575 1230 694 1274 vides
738 1230 931 1286 qualium
974 1233 1030 1274 sit
1072 1233 1264 1276 virorum
1310 1247 1431 1276 suam
1465 1234 1546 1277 sibi
1574 1233 1752 1291 Delphis
1781 1234 1934 1279 habere

352 1305 560 1344 statuam:
588 1316 741 1358 regum
767 1309 809 1345 et
837 1317 985 1345 eorum
1013 1304 1085 1359 qui
1113 1304 1286 1359 regibus
1304 1306 1377 1347 vix
1403 1304 1632 1358 inferiores,
1651 1308 1700 1348 ut
1716 1305 1936 1363 Lysander

350 1372 446 1424 fuit,
479 1387 561 1416 1106
588 1374 863 1416 obscurorum
891 1374 1212 1430 praefectorum.
1247 1374 1437 1431 Denique
1464 1375 1566 1432 quid
1592 1376 1692 1420 huic
1716 1376 1808 1420 loco
1830 1378 1935 1421 acci·

351 1444 459 1486 derit
487 1458 641 1500 quaero
668 1447 811 1497 etiam,
840 1446 942 1501 quin
971 1444 1113 1502 aliqua
1140 1446 1339 1489 acciderit
1365 1445 1583 1490 calamitas
1609 1446 1753 1491 nullus
1769 1447 1931 1492 dubito.

414 1588 548 1632 398A
603 1589 792 1632 Publicis
834 1590 1042 1646 portentis
1083 1590 1302 1645 privatum
1343 1590 1423 1633 hoc
1464 1590 1736 1648 adiungitur:
1782 1605 1932 1635 corona

353 1675 492 1712 aurea,
521 1674 650 1716 quam
675 1660 921 1703 Pharsaliae
947 1659 1155 1703 saltatrici
1176 1661 1348 1704 donavit
1365 1661 1630 1705 Philomelus
1649 1662 1932 1707 Phocensium

351 1736 574 1788 tyrannus,
615 1734 752 1788 ipsam
793 1731 1012 1774 ludentem
1054 1746 1182 1788 prope
1214 1731 1425 1788 templum
1457 1733 1667 1789 Apollinis
1698 1734 1758 1788 (ἐν
1789 1739 1935 1777 Μετα-

353 1804 497 1855 ποντίῳ
529 1802 713 1854 additur,
745 1817 883 1845 nonne
914 1802 1175 1855 Μεταπόντῳ
1206 1802 1436 1859 legendum
1449 1802 1482 1857 ?)
1515 1804 1692 1848 occidit:

412 1873 663 1927 ὁρμήσαντες
706 1874 787 1926 γὰρ
830 1874 896 1916 ἐπὶ
942 1874 1009 1916 τὸν
1050 1873 1254 1927 στέφανον
1295 1875 1327 1916 οἱ
1370 1874 1566 1917 νεανίσκοι
1597 1875 1666 1917 καὶ
1697 1875 1930 1928 μαχόμενοι

353 1946 439 1998 περὶ
474 1948 543 1987 τοῦ
577 1946 744 1997 χρυσίου
776 1945 872 1996 πρὸς
905 1945 1111 1994 ἀλλήλους
1143 1945 1370 1987 διέσπασαν
1401 1946 1472 1993 τὴν
1505 1944 1718 1998 ἄνθρωπον.

412 2015 656 2058 Absurdum
697 2016 813 2058 istud
855 2015 887 2057 οἱ
929 2015 1123 2058 νεανίσκοι
1167 2015 1352 2059 videtur.
1394 2016 1461 2058 An
1502 2017 1610 2060 forte
1650 2017 1935 2059 adolescentuli

350 2092 501 2130 natura
542 2088 622 2130 hoc
653 2087 809 2130 habent
842 2090 891 2129 ut
922 2100 1024 2130 auro
1056 2090 1276 2143 conspecto
1307 2092 1524 2131 accurrant
1557 2091 1600 2131 et
1630 2086 1810 2144 spoliare
1839 2102 1931 2131 mu-

351 2157 514 2210 lierem,
548 2172 654 2214 quae
686 2172 734 2201 eo
765 2162 830 2200 est
856 2161 1014 2209 ornata,
1043 2155 1277 2213 incipiant?
1308 2157 1432 2200 Fures
1458 2172 1538 2215 ego
1565 2157 1664 2202 illos
1689 2162 1732 2202 et
1758 2158 1931 2201 latrones

350 2228 669 2284 appellaverim.
699 2228 900 2285 Suspicor
926 2229 1057 2270 avium
1085 2227 1320 2271 aliarumve
1348 2229 1561 2271 bestiarum
1577 2230 1808 2286 rapacium,
1827 2243 1931 2286 quas

348 2298 463 2341 fama
489 2299 710 2342 Plutarchi
735 2303 874 2342 aetate
901 2299 1060 2342 ferebat
1087 2300 1181 2342 auri
1207 2299 1380 2355 cupidas
1406 2313 1508 2352 esse,
1535 2300 1604 2343 1116
1619 2299 1750 2344 latere
1765 2314 1931 2344 nomen.

351 2368 473 2412 Certe
505 2370 713 2413 articulus
744 2371 778 2413 οἱ
811 2372 892 2413 erit
922 2369 1137 2413 delendus.

409 2512 464 2555 ib.
513 2511 748 2568 Postquam
792 2510 988 2554 Philinus
1032 2510 1303 2557 donariorum
1335 2511 1641 2568 Delphicorum
1671 2512 1935 2569 praedicavit

344 2583 441 2624 ,vim
474 2581 664 2625 divinam

409 2652 426 2694 ὅ
461 2651 601 2701 Βόηθος
637 2652 758 2704 „val”
793 2650 905 2694 εἶπεν
940 2653 1011 2703 „023
1045 2652 1127 2704 γὰρ
1162 2653 1304 2704 ὦρκεῑ”
1340 2653 1427 2696 κτὲ.

409 2723 472 2765 Ν6
505 2725 600 2778 quis
633 2726 756 2774 erret,
789 2723 1002 2765 Boethum
1036 2723 1249 2773 „ironica”
1284 2726 1351 2776 (ut
1381 2738 1456 2767 nos
1482 2722 1715 2780 loquimur)
1741 2725 1930 2767 oratione

348 2794 414 2835 uti
441 2808 604 2837 moneo.
633 2794 803 2836 Etenim
830 2807 982 2850 parum
1008 2794 1126 2836 abest
1153 2795 1257 2849 quin
1282 2798 1502 2851 geometra
1526 2793 1601 2837 ille
1626 2794 1677 2837 ad
1700 2794 1928 2851 Epicureos

348 2867 532 2906 transeat
558 2863 662 2918 (399
677 2865 751 2918 D):
780 2869 891 2907 certe
916 2866 1005 2907 iam
1032 2878 1142 2907 nunc
1169 2865 1376 2909 miracula
1402 2866 1544 2909 omnia
1569 2864 1731 2908 adunco
1756 2879 1930 2922 suspen-

349 2933 412 2975 dit
444 2949 556 2977 naso.
