2002 3372
872 267 959 311 323

178 391 363 439 54630
404 392 523 445 μέγα
564 392 648 444 γὰρ
691 393 714 442 ἧ
756 391 1080 444 περιαυτολογία
1112 392 1184 441 τὴν
1216 390 1449 444 Φιλαυτιάν
1480 391 1712 444 ὁρμητήριον

117 462 278 518 ἔχουσα
312 495 324 507 .
341 495 353 508 .
372 496 383 508 .
402 494 428 508 ..

177 534 294 579 Haec
332 536 392 578 sie
423 536 557 579 vertit
587 535 819 591 interpres:
855 535 1043 585 „etenim
1073 548 1262 578 amorem
1293 535 1362 577 sui
1393 549 1518 577 arcem
1553 534 1711 577 habens

117 605 168 651 de
210 621 255 650 se
295 607 389 664 ipso
432 605 599 650 dicendi
640 605 879 649 studium”.
922 605 1062 648 Immo
1104 620 1205 650 vero
1247 606 1372 648 locum
1401 606 1507 648 unde
1526 605 1713 660 procedit

115 677 366 732 (ὅρμητιὶριον
408 677 462 722 ef.
501 676 614 722 illud
644 679 690 720 in
723 676 1044 734 expeditionum
1077 676 1432 734 descriptionibus
1463 677 1712 734 frequentis-

115 750 277 793 simum
309 749 488 792 ἐντεῦθεν
519 749 780 802 ὁρμώμενος).
812 747 882 792 Sic
916 748 1093 792 demum
1126 750 1345 806 sequentia
1375 749 1480 792 bene
1505 748 1713 806 intelligi·

115 832 238 866 mus:
279 819 645 878 quemadmodum
687 820 884 863 sanitatis
926 820 1108 864 tuendae
1152 834 1278 864 causa
1320 820 1434 864 locos
1473 820 1712 864 insalubres

33 887 35 890 Α
114 893 305 938 vitamus
333 893 397 936 ita
427 897 471 936 et
500 892 678 936 vitanda
710 895 774 935 est
807 891 829 941 ἦ
862 892 1185 944 περιαυτολογία
1218 905 1325 948 quae
1357 896 1400 935 et
1430 893 1522 949 ipsa
1553 892 1682 935 habet

39 983 41 987 ¹
102 1015 104 1017 ‚
175 963 326 1012 τόπους
358 963 587 1016 ὅλισθῆρους
619 963 688 1006 καὶ
723 963 998 1017 περιφέρουσα
1028 965 1085 1012 εἷς
1120 964 1247 1011 αὐτήν

114 1049 268 1093 nempe
299 1035 358 1084 εἰς
388 1037 461 1086 τὴν
491 1036 724 1088 Φιλαυτίαν
754 1035 866 1078 unde
898 1039 962 1079 est
994 1035 1193 1092 profecta.

174 1106 317 1164 Atque
346 1121 419 1151 eos
448 1105 564 1151 locos
595 1108 655 1150 sic
686 1121 936 1151 enumerare
966 1108 1140 1163 incipit:

176 1178 223 1222 τὸ
255 1178 476 1232 Φιλότιμον
508 1178 670 1231 ἐξανθεῖ
698 1181 772 1227 τὴν
804 1178 1149 1230 περιαυτολογίαν

176 1249 365 1294 Verbum
397 1251 459 1293 sie
491 1251 622 1293 vertit
654 1252 887 1307 interpres:
921 1249 1187 1301 ,‚extrudit'’.
1227 1249 1371 1301 Recte,
1405 1248 1636 1292 dummodo
1668 1253 1711 1292 et

114 1335 200 1366 vox
237 1320 372 1366 latina
407 1347 465 1354 —-
495 1321 541 1365 id
584 1322 696 1379 quod
737 1323 876 1366 nescio
909 1345 965 1354 —-
999 1335 1127 1364 suum
1169 1321 1252 1364 sibi
1290 1319 1434 1364 locum
1475 1321 1629 1364 habeat
1665 1322 1710 1363 in

113 1393 251 1438 hortis
282 1394 497 1452 agrisque.

178 1539 317 1584 546D
358 1540 420 1585 Ut
461 1540 512 1585 de
554 1555 599 1584 se
639 1539 869 1597 loquantur
909 1541 1098 1584 maxime
1139 1541 1283 1584 evenit
1324 1546 1406 1589 τοῖς
1452 1541 1497 1583 ἐκ
1539 1540 1710 1584 πότων

118 1613 367 1666 ἡγεμονικῶν
399 1612 469 1656 καὶ
503 1613 765 1666 πραγμάτων
797 1613 998 1665 μεγάλων
1030 1613 1289 1662 ἐπανήκουσι.

174 1682 395 1730 Calamina
426 1684 550 1743 lapsu
582 1686 642 1728 sie
674 1685 723 1728 B.
753 1684 886 1728 edidit
918 1699 968 1728 an
1002 1699 1025 1728 e
1051 1683 1323 1728 coniectura?
1350 1685 1462 1729 Nam
1479 1685 1547 1729 W.
1575 1685 1710 1728 τόπων

113 1755 255 1810 habet,
287 1755 402 1814 quod
434 1757 608 1814 egregie
639 1756 783 1814 friget,
816 1756 917 1800 licet
948 1757 992 1799 ἐκ
1024 1773 1064 1800 τ.
1094 1757 1116 1806 ἦ
1142 1761 1282 1801 vertat
1307 1758 1515 1814 interpres
1539 1772 1590 1809 „e
1616 1772 1710 1815 pro-

114 1829 268 1872 vinciis
293 1842 319 1872 a
343 1842 388 1872 se
413 1828 707 1887 gubernatis’'.
739 1828 821 1872 Sed
847 1843 982 1886 neque
1010 1828 1144 1871 πότων
1168 1828 1320 1886 placet.
1354 1828 1585 1887 Oportebat
1612 1843 1710 1873 sane

114 1899 365 1952 συμποσίων.

174 2034 312 2081 547Α
353 2036 437 2080 Pro
481 2036 663 2081 absurdo
705 2037 823 2080 ἀλλὰ
854 2037 1002 2090 μέγα
1034 2019 1153 2091 ζῆλον
1187 2037 1380 2089 ἐμποιοῦν
1412 2042 1535 2082 acute
1571 2037 1710 2082 editor

114 2108 293 2152 coniecit
322 2108 423 2151 ἀλλ’
455 2105 646 2160 ἅμιλλαν
679 2108 748 2152 καὶ
782 2108 902 2162 ζῆλον
936 2109 1142 2160 ἐμποιοῦν.

176 2254 264 2300 547
276 2255 313 2299 Β
341 2314 344 2317 ¹
357 2255 470 2300 Mire
512 2254 818 2300 titillationum
859 2256 1031 2300 effectus
1063 2257 1130 2301 his
1163 2258 1306 2302 verbis
1340 2257 1617 2302 describitur:
1651 2258 1708 2301 τὰ

114 2327 386 2371 λειότατα
428 2330 500 2370 τοῦ
543 2328 734 2378 σώματος
777 2327 1140 2372 ὀλισθαίνοντα
1186 2329 1254 2372 καὶ
1289 2328 1581 2383 συρρέοντα
1610 2335 1711 2372 κινεῖ

115 2397 185 2442 καὶ
219 2396 446 2454 συνεξορμᾷ
478 2398 524 2442 τὸ
556 2399 698 2448 πάθος.

174 2469 290 2514 Mihi
321 2469 482 2515 oraculi
511 2472 646 2515 instar
677 2473 761 2515 ista
792 2474 906 2517 sunt.

177 2612 308 2658 5470
351 2613 664 2659 Cautissimum
704 2629 794 2659 esse
836 2619 1004 2673 oportet
1044 2630 1144 2660 cum
1174 2616 1376 2669 laudaris,
1409 2630 1510 2659 nam
1541 2618 1584 2659 in
1615 2616 1707 2661 loco

114 2689 217 2729 tunc
248 2688 428 2730 versaris
460 2686 586 2744 pleno
616 2686 923 2743 periculorum.
956 2687 1070 2741 Quae
1103 2689 1163 2731 sic
1196 2688 1516 2731 describuntur:

174 2758 265 2801 ἔνιοι
318 2758 395 2809 μὲν
443 2755 508 2802 οὖν
559 2756 852 2808 κολακεύοντες
907 2759 1058 2807 αὑτοὺς
1105 2758 1236 2813 ὥσπερ
1284 2760 1588 2814 γαργαλίζουσι
1637 2761 1705 2804 καὶ

113 2829 289 2883 Φυσῶσι.

174 2899 287 2954 Quid
317 2900 386 2943 hic
415 2901 477 2944 rei
509 2901 631 2944 nobis
664 2905 728 2944 est
761 2916 859 2945 cum
890 2902 1138 2945 hominibus
1171 2904 1246 2959 qui
1275 2902 1429 2945 sibimet
1458 2903 1561 2958 ipsis
1591 2903 1707 2947 blan-

114 2969 294 3014 diuntur
325 2974 369 3014 et
400 2971 503 3028 quid
533 2971 624 3015 illis
656 2987 756 3015 cum
788 2974 842 3016 iis
874 2975 948 3030 qui
980 2973 1176 3030 deinceps
1209 2973 1480 3018 inferuntur?
1517 2975 1600 3018 Pro
1635 2975 1706 3017 αὑ-

114 3040 209 3090 τούς
254 3041 397 3100 legere
436 3042 569 3087 velim
615 3043 772 3096 ἄλλως,
823 3046 926 3101 „qui
974 3043 1084 3087 nihil
1131 3044 1247 3089 aliud
1289 3047 1371 3089 nisi
1411 3045 1705 3099 blandiuntur,
