2002 3372
1101 197 1158 243 '74

403 327 420 367 ὁ
463 326 503 367 δὲ
549 326 606 375 μὴ
650 324 931 377 τυφλούμενος
978 323 1063 375 περὶ
1110 324 1153 366 τὸ
1195 324 1432 374 μισούμενον
1473 323 1587 365 ἀλλὰ
1622 322 1690 364 aa}
1721 322 1815 372 βίον
1847 322 1915 365 καὶ

343 397 451 445 ἤθους
495 397 563 438 καὶ
597 396 726 446 λόγων
761 394 828 436 καὶ
861 395 986 445 ἔργων
1017 394 1257 445 γιγνόμενος
1291 397 1435 443 θεατὴς
1467 395 1616 439 δίκαιος
1647 394 1703 436 τὰ
1734 388 1916 435 πλεῖστα

341 467 570 519 κατόψεται
598 470 673 508 τῶν
702 465 965 518 ζηλουμένων,
996 465 1041 516 ἐξ
1068 466 1309 515 ἐπιμελείας
1338 466 1403 508 καὶ
1434 465 1616 517 προνοίας
1641 464 1710 506 καὶ
1729 462 1915 516 πράξεων

340 538 527 590 χρηστῶν
561 535 877 588 περιγιγνόμενα
909 540 991 581 τοῖς
1025 536 1297 586 κεκτημένοις.

402 607 449 650 111
489 608 683 649 omnibus
726 605 981 648 editionibus
1021 605 1193 663 virgula
1222 608 1306 649 ista
1336 609 1430 662 post
1462 605 1712 658 ζηλουμένων
1741 602 1916 661 legitur,

343 692 424 734 qua
470 681 584 719 totus
628 675 748 718 locus
794 677 1081 732 corrumpitur
1090 691 1101 729 ;
1151 676 1287 719 deleta
1333 678 1553 732 aptissima
1598 675 1701 718 haec
1729 675 1918 718 nascitur

341 747 554 804 apodosis:
590 747 778 798 „videbit
810 748 1013 789 maiorem
1045 751 1208 803 partem
1237 761 1381 789 earum
1408 746 1562 802 quibus
1587 744 1751 788 invidet
1774 758 1919 789 rerum

339 820 392 860 iis
435 819 508 873 qui
547 816 642 859 illas
685 817 839 859 habent
879 817 1089 860 industria
1128 806 1170 859 et
1201 816 1427 859 sedulitate
1459 814 1691 873 obtigisse’'
1724 815 1794 859 cui
1824 818 1919 858 tum

340 889 419 931 hoc
460 889 545 930 fere
587 887 776 930 additur:
811 892 882 939 „et
915 902 1013 930 cum
1044 887 1132 930 11118
1166 888 1400 930 virtutibus
1431 889 1475 929 in
1508 890 1720 930 certamen
1752 885 1920 929 descen-

340 959 439 1001 dens
471 973 597 1001 suum
629 957 797 1014 pulchri
827 958 1076 1014 honestique
1103 959 1306 1001 excitabit
1332 957 1565 1000 amorem”.
1594 957 1722 1000 Nuncv
1745 956 1919 1000 demum

342 1030 515 1086 egregia
547 1032 589 1071 et
619 1027 831 1084 praeclara
862 1030 1016 1071 omnia.

810 1394 864 1424 DE
898 1394 1120 1429 AMIGORUM
1150 1394 1451 1425 MULTH'UDLNB.

403 1525 438 1567 E
485 1539 567 1581 quo
613 1539 766 1581 genere
812 1525 1020 1568 librorum
1051 1526 1162 1568 hunc
1205 1539 1293 1568 esse
1340 1525 1478 1568 dicam
1523 1524 1719 1568 libellum
1765 1526 1917 1568 nescio.

342 1595 530 1639 Eandem
561 1610 658 1651 prae
690 1610 733 1638 se
765 1596 846 1639 fert
876 1596 1063 1639 indolem
1095 1610 1222 1652 quam
1250 1598 1322 1653 qui
1351 1596 1563 1653 praecedit
1601 1595 1680 1647 „de
1716 1595 1919 1653 capienda

342 1681 392 1709 ex
423 1668 610 1708 inimicis
641 1666 871 1718 utilitate'',
905 1667 975 1710 sed
1008 1681 1142 1723 neque
1174 1667 1226 1709 ad
1257 1671 1484 1723 patronum
1515 1666 1704 1723 aliquem
1731 1667 1920 1710 08111118-

341 1751 412 1779 sus
438 1750 572 1792 neque
598 1736 687 1779 ulla
715 1742 856 1780 servat
884 1737 1114 1788 „actionis”
1145 1739 1221 1790 (sic
1248 1739 1362 1780 enim
1389 1739 1623 1781 orat-ionem
1648 1738 1693 1780 in
1710 1738 1918 1789 contione,

341 1809 498 1851 iudicio
530 1810 673 1850 simm.
706 1809 896 1851 habitam
921 1808 1201 1865 appellamus)
1231 1810 1423 1865 vestigia.
1455 1808 1670 1865 Suspicari
1694 1807 1796 1851 licet
1821 1807 1922 1850 Plu-

341 1879 535 1922 tarchum
584 1880 661 1921 hoc
707 1881 827 1935 quasi
870 1879 1142 1922 corollarium
1185 1879 1392 1922 addidisse
1435 1878 1545 1922 libro
1587 1880 1661 1935 qui
1701 1879 1743 1920 in
1788 1876 1921 1920 simili

342 1953 581 1994 versaretur
611 1954 878 2006 argumento,
912 1950 1048 2006 qualis
1079 1954 1141 1993 est
1174 1950 1247 1993 ille
1279 1951 1328 1992 de
1357 1950 1567 1992 adulatore
1597 1954 1636 1991 et
1664 1949 1799 1992 amico.

404 2020 466 2063 De
497 2019 679 2076 singulis
709 2019 811 2062 locis
842 2021 945 2063 haec
978 2025 1154 2063 annoto:

407 2090 462 2133 93
481 2091 516 2133 Β
562 2090 801 2142 Menonem,
843 2093 916 2147 qui
949 2091 1051 2147 quid
1084 2093 1221 2134 virtus
1254 2095 1364 2133 esset
1395 2093 1582 2147 rogatus,
1615 2087 1756 2132 multa
1785 2090 1923 2133 virtu-

345 2166 440 2204 tum
472 2175 625 2217 genera
656 2166 935 2213 enumeraret,
969 2162 1153 2204 ludibrio
1185 2162 1376 2204 Socrates
1398 2161 1556 2204 ‚habuit
1588 2162 1632 2202 οὗ
1666 2164 1797 2206 κακῶς
1830 2175 1921 2202 τεκ-

346 2234 582 2283 μαιρόμενος
613 2230 671 2273 ὅτι
700 2232 903 2282 μηδεμίαν
932 2233 1041 2279 εἰδὼς
1060 2233 1202 2284 οὶρετὴν
1231 2230 1499 2283 ἄνθρωπος
1526 2231 1688 2279 πολλὰς
1706 2228 1921 2282 ὠνόμαζεν.

405 2302 655 2345 Rectissime
702 2302 758 2344 Η.
806 2304 988 2345 correxit
1040 2300 1254 2355 ἅνθρωπος.
1308 2302 1477 2344 Pondus
1530 2303 1645 2344 enim
1691 2302 1922 2344 sententiae

344 2375 553 2415 sustinent
594 2373 718 2415 verba
752 2373 958 2422 μηδεμίαν
991 2373 1101 2420 εἰδὼς
1137 2375 1294 2426 ἀρετήν,
1329 2376 1502 2429 totaque
1533 2373 1740 2415 sententia
1769 2372 1828 2414 sic
1859 2374 1924 2414 est

344 2443 566 2488 vertenda:
613 2444 752 2495 „haud
794 2444 905 2487 male
947 2447 1171 2487 coniiciens
1215 2444 1302 2486 ideo
1345 2444 1397 2487 ab
1438 2445 1521 2486 isto
1563 2443 1734 2486 homine
1765 2441 1924 2485 multas

347 2517 528 2558 virtutes
560 2516 768 2557 nominari
799 2514 894 2570 quia
923 2515 1077 2556 nullam
1108 2516 1228 2557 sciret
1259 2513 1473 2556 virtutem’'
1503 2515 1532 2556 i.
1551 2528 1586 2557 e.
1620 2514 1719 2569 quia
1749 2512 1921 2555 omnino

345 2586 446 2641 quid
477 2589 585 2628 esset
619 2587 756 2627 virtus
788 2587 980 2628 nesciret.

406 2654 513 2699 93G
562 2656 736 2696 ἐναντίον
779 2655 818 2696 δὲ
861 2656 970 2704 μετὰ
1018 2661 1176 2698 πολλῶν
1217 2655 1352 2697 ἄλλων
1397 2656 1473 2708 οὐχ
1507 2654 1654 2705 ἥκιστα
1686 2654 1742 2701 εἰς
1771 2653 1924 2707 φιλίοις

348 2733 488 2773 κτῆσιν
533 2728 553 2774 ἦ
601 2731 674 2774 τῆς
720 2727 973 2777 πολυφιλίας
1021 2725 1157 2777 ὄρεξις,
1196 2724 1327 2776 ὥσπερ
1361 2725 1601 2767 ἀκολάστων
1634 2727 1835 2775 γυναικῶν
1866 2724 1920 2775 τῷ

348 2796 547 2841 πολλάκις
583 2795 649 2836 καὶ
688 2801 850 2842 πολλοῖς
885 2797 1192 2845 συμπλέκεσθαι
1227 2801 1303 2837 τῶν
1332 2796 1492 2846 πρώτων
1525 2800 1686 2847 κρατεῖν
1719 2796 1775 2844 μὴ
1807 2795 1923 2836 δυνα-

348 2860 477 2915 μένοις
513 2866 799 2915 ἀμελουμένων
833 2861 903 2907 καί
936 2867 1215 2918 ἀπορρεόντων.

408 2936 488 2977 Hic
520 2950 593 2991 pro
625 2936 680 2982 εἰς
719 2936 771 2977 Η.
801 2935 910 2992 legit
946 2937 1052 2989 πρός,
1089 2937 1199 2992 quod
1226 2940 1336 2979 certe
1369 2938 1567 2992 praestat,
1598 2947 1854 2991 quamquam
1883 2937 1926 2976 et
