2002 3372
1091 289 1178 333 426

403 410 460 453 ib.
494 409 642 452 ,πολλοὶ
669 409 752 461 γὰρ
778 407 896 459 ὅμοια
923 413 1024 461 (τοῖς
1051 409 1160 464 ζώοις
1188 412 1245 454 τὰ
1271 412 1408 465 φυτὰ)
1431 412 1591 466 πάσχει
1608 414 1676 458 καὶ
1693 414 1915 470 βοηθεῖται,

346 481 440 530 πρὸς
473 480 547 530 μὲν
580 479 700 534 [γὰρ]
733 480 808 524 τὰς
841 477 1064 531 ξηρότητας
1099 481 1275 533 ἀρδείαις
1308 482 1567 536 ποτιζόμενα,
1600 486 1669 529 καὶ
1694 488 1916 540 ψυχόμενα

343 550 528 601 μετρίως,
560 547 657 591 ὅταν
689 549 926 601 Φλέγηται·
959 553 1153 604 ῥιγοῦντα
1187 552 1220 595 δ’
1252 551 1304 596 αὖ
1336 553 1508 597 θάλπειν
1539 557 1781 610 πειρώμεθα.
1824 568 1844 595 ι’

402 619 483 661 His
525 620 694 662 insertis
736 619 969 676 deletisque
1011 626 1054 664 et
1095 621 1148 666 αὖ
1179 625 1380 680 rescripto
1412 639 1486 680 pro
1517 626 1629 670 αὐτά
1658 632 1776 681 (oum
1798 629 1914 674 ‘M

341 688 472 733 Salm.
507 689 667 743 Reisk.)
699 690 828 732 simul
861 696 903 734 et
935 696 1031 748 apte
1063 697 1105 736 et
1135 693 1353 751 eleganter
1382 694 1498 739 locus
1531 698 1794 744 emendatur.

399 823 541 867 688A
581 840 658 867 οσα
689 827 746 876 μὴ
780 827 878 878 παρ’
909 827 1020 877 ἡμᾶς
1054 828 1175 872 ἐστιν.

396 893 533 937 Immo
573 911 656 948 παρ
702 896 811 948 ἡμῖν,
845 897 889 939 in
919 903 1055 940 nostra
1077 903 1276 954 potestate
1306 915 1404 944 oum
1437 901 1504 954 Β.,
1536 902 1686 948 deiude
1707 918 1833 962 cum
1840 905 1911 963 Ἢ.

336 965 509 1015 ειλήσεις
542 966 633 1009 σὺν
667 967 871 1019 πνεύμασι
903 969 1079 1021 μετρίοις
1110 984 1186 1027 pro
1219 971 1272 1023 ἐν,

399 1101 532 1144 688Β
572 1102 730 1154 δηγμὸν
763 1137 772 1146 .
793 1135 804 1147 .
824 1135 833 1146 .
866 1101 942 1147 οἶον
977 1107 1160 1156 κνησμοί.

395 1162 533 1215 Immo
566 1173 742 1223 κνησμόν
775 1188 873 1217 cum
906 1174 1118 1232 Emporio.

397 1297 527 1341 688F
569 1295 596 1353 ᾧ
629 1299 674 1344 -ὸ
708 1305 844 1349 πεινῆν
876 1301 897 1350 ἢ
929 1301 974 1343 τὸ
1007 1302 1127 1352 διψῆν
1159 1302 1398 1355 ἐγγένηται.

393 1368 539 1426 Neque
571 1372 838 1414 coniunctivo
870 1386 1003 1429 neque
1036 1376 1188 1417 aoristo
1220 1374 1337 1418 locus
1369 1377 1464 1429 hic3
1496 1392 1598 1436 ergo
1631 1379 1907 1441 ἐγγεγένηται

334 1453 433 1482 oum
466 1443 516 1484 A.

390 1566 447 1609 ib.
500 1567 544 1609 αἱ
586 1567 757 1619 στύψεις
799 1573 876 1610 τῶν
915 1569 1188 1621 βαπτομένων
1231 1571 1363 1615 πόκων
1407 1572 1548 1626 ἔχουσί
1590 1589 1631 1617 τι
1676 1568 1904 1628 δριμῦὼκαὶ

331 1635 533 1690 ῥυπτικόν,

390 1707 577 1765 Egregia
603 1716 666 1751 est
693 1709 968 1753 Bernardakii
996 1711 1234 1756 emendatio
1262 1713 1393 1757 πόκων
1418 1729 1495 1772 pro
1523 1714 1670 1798 τόπων,
1693 1694 1906 1789 simulque

330 1781 427 1834 apte
457 1778 571 1821 idem
603 1796 642 1822 τι
676 1781 864 1836 reposuit
894 1796 970 1838 pro
1002 1782 1062 1825 τό.

392 1912 527 1955 689Α
568 1914 752 1971 Egregie
794 1918 895 1959 novi
934 1917 1206 1973 problematis
1238 1919 1395 1964 lemma
1425 1923 1485 1964 eie
1516 1921 1735 1979 supplerit
1765 1926 1903 1967 emoti*-

330 1983 531 2040 davitque
558 1984 682 2027 Herw
674 1986 884 2030 erdenus:

390 2054 456 2096 διὰ
488 2055 531 2097 τί
559 2060 770 2104 πεινῶντες
804 2057 900 2109 μέν
929 2059 999 2102 ἐὰν
1030 2060 1163 2112 πίωσι,
1198 2061 1419 2106 παύονται·
1452 2063 1595 2115 διψῶσι
1628 2063 1684 2116 δὲ,
1714 2064 1786 2108 ἕαν
1814 2065 1903 2150 Φά-

329 2140 445 2176 γωσι,
478 2141 523 2168 το
554 2125 671 2179 δίψος
703 2128 960 2174 ἐπιτείνεται.
1893 2143 1895 2145 “

387 2195 469 2239 Sed
509 2197 724 2255 Madvigii
768 2199 1128 2256 supplementum,
1171 2202 1283 2258 quod
1325 2217 1425 2246 mox
1465 2205 1592 2248 refert
1633 2205 1697 2257 Β.,
1729 2197 1822 2249 nou*
1842 2207 1902 2249 in-

328 2266 489 2324 telligo.
522 2267 705 2311 Nullum
738 2271 849 2312 enim
883 2285 1051 2314 sensum
1080 2273 1264 2316 extundo
1291 2288 1342 2316 ex
1369 2276 1462 2318 istis
1488 2280 1626 2329 ποιεῖν,
1653 2275 1719 2319 διὰ
1746 2276 1790 2320 τί
1815 2278 1900 2320 κτὲ.

389 2402 522 2446 689Β
563 2419 594 2446 οι
627 2404 661 2447 δ
694 2404 916 2457 ἰσχνότεροι
950 2406 995 2450 τὸ
1027 2407 1103 2457 μὲν
1134 2409 1255 2451 ποτὸν
1285 2409 1606 2463 παραδέχονται.

387 2472 516 2516 Recte
557 2474 624 2516 W.
667 2474 784 2522 μόνον
829 2476 876 2518 τό
916 2490 992 2533 pro
1025 2477 1070 2519 τὸ
1104 2477 1190 2529 μέν,
1222 2479 1293 2521 sed
1324 2494 1435 2523 nune
1465 2484 1561 2537 post
1585 2480 1898 2572 ’παραδέχονται

327 2543 522 2599 equidem
555 2544 788 2587 addiderim
822 2546 865 2587 τὸ
898 2546 939 2589 δὲ
970 2547 1094 2590 σιτίον
1125 2549 1168 2590 οὐ
1203 2549 1525 2605 παραδέχονται.

386 2681 442 2723 ib.
477 2681 547 2722 εἀν
577 2682 652 2731 μὲν
686 2681 881 2734 Φάγωσιν
911 2684 945 2726 οἱ
978 2684 1171 2736 διψῶντες
1205 2686 1238 2728 οἱ
1269 2686 1345 2737 μὲν
1375 2687 1419 2728 οὐ
1450 2686 1722 2736 emnam.-
1756 2704 1758 2706 ’
1809 2680 1812 2685 ’

385 2750 580 2794 Rescribe
613 2765 711 2795 eum
743 2753 792 2796 B.
824 2754 858 2796 οἱ
891 2754 966 2805 μὲν
999 2755 1208 2808 διψῶντες,
1244 2757 1313 2799 ἐὰν
1346 2757 1554 2810 Φάγωσιν,
1585 2758 1629 2800 ού
1660 2757 1707 2809 β.

387 2885 524 2929 69ΟΑ
567 2887 642 2930 ὑπὸ
673 2887 887 2940 ξηρότητος
923 2890 945 2939 ἢ
979 2890 1127 2936 πάθους
1160 2892 1274 2943 ἀργὰ
1307 2892 1377 2935 καὶ
1410 2892 1559 2945 βαρέα.

387 2955 562 2999 Certum
594 2958 803 3014 quoddam
836 2960 904 3002 hic
937 2961 1063 3009 πάθος
1098 2962 1350 3018 requiritur:
1383 2962 1478 3019 lege
1506 2962 1551 3005 id
1582 2977 1665 3020 quo
1695 2977 1803 3021 opus
1832 2969 1895 3008 est

327 3026 501 3075 πλήθους
532 3041 630 3069 eum
663 3028 712 3070 R.
