2002 3372
1075 217 1163 263 272

331 344 505 395 quentes
537 339 670 381 solent
703 339 909 389 homines,
943 349 1019 382 suo
1050 341 1221 383 nomine
1253 345 1316 384 est
1348 342 1625 398 significatus,
1657 345 1716 387 sic
1746 345 1816 388 hic
1841 345 1911 388 sil-

330 424 420 462 vae,
464 411 591 461 horti,
628 409 711 452 loci
743 409 924 465 denique
956 411 999 452 in
1033 424 1115 466 quo
1148 412 1252 455 solet
1283 413 1492 464 ambulari,
1524 427 1678 457 nomen
1709 414 1910 459 desidero.

392 575 529 619 503A
576 573 786 618 Garrulus
823 575 1058 627 πρόσκειται
1101 581 1338 631 πανταχοῦ,
1383 582 1459 620 τῶν
1502 579 1678 629 ἱματίων
1708 580 1912 632 ἀντιλαμ-

329 645 567 697 βανόμενος,
600 648 670 687 τοῦ
702 646 872 698 γενείου,
904 647 975 694 τὴν
1009 648 1188 699 πλευρὰν
1222 650 1442 701 θυροκοπῶν
1474 655 1524 703 τῇ
1557 650 1678 702 χειρί.

383 716 530 772 'Ipsam
577 715 798 758 Plutarchi
845 718 1092 768 orationem,
1140 722 1267 774 atque
1313 719 1415 762 adeo
1458 721 1657 763 orationis
1698 730 1910 773 numeros,

328 788 518 829 restituit
549 785 838 843 Stegmannus
869 791 966 830 ante
998 791 1067 830 τοῦ
1100 789 1257 839 γενείου
1288 790 1476 833 inserens
1509 790 1753 842 ἁπτόμενος.

390 942 523 986 503Β
571 942 699 986 Recte
741 943 843 986 fecit
885 943 1134 987 Aristoteles
1167 947 1240 1002 qui
1271 945 1444 1002 garrulo
1475 960 1528 989 ne
1560 961 1707 991 aurem
1738 947 1911 1005 quidem

328 1015 590 1070 praebuerit:
896 1015 899 1017 ’

390 1084 458 1125 καὶ
492 1084 574 1135 γὰρ
607 1083 658 1125 ἂν
689 1083 918 1133 βιάσωνται
951 1090 1096 1127 λαλεῖν
1128 1086 1161 1128 οἱ
1194 1085 1428 1139 ἀδόλεσχοι,
1461 1087 1689 1141 παρέδωκεν
1720 1089 1860 1136 αὐτοῖς
1887 1089 1910 1138 ἦ

328 1156 450 1208 ψυχὴ
498 1154 552 1196 τὰ
599 1151 686 1195 ὦτα
734 1160 989 1206 περιαντλεῖν
1039 1153 1193 1207 ἔξωθεν,
1239 1158 1345 1206 αὐτὴ
1386 1158 1421 1200 δ’
1463 1159 1575 1206 ε’ντὸς
1615 1159 1755 1212 ἑτέρας
1795 1160 1910 1207 τινας

328 1225 585 1267 ἀναπτύσσει
620 1224 687 1266 καὶ
722 1224 883 1273 διέξεισι
917 1225 1014 1276 πρὸς
1047 1226 1175 1276 αὐτὴν
1207 1228 1440 1279 Φροντίδας.

387 1295 528 1338 Nimis
571 1295 682 1338 exile
724 1299 850 1351 atque
893 1296 994 1339 adeo
1029 1310 1156 1339 sensu
1189 1311 1357 1341 cassum
1389 1299 1505 1341 istud
1537 1299 1718 1356 simplex
1749 1305 1909 1352 λαλεῖν,

329 1366 401 1408 sed
445 1371 693 1417 προσλαλεῖν
733 1365 842 1422 lege,
877 1368 1020 1409 omnia
1051 1371 1175 1409 erunt
1207 1370 1378 1425 egregie
1409 1369 1543 1412 dicta:
1577 1372 1786 1426 sapientes
1818 1385 1911 1426 pro-

327 1437 471 1479 hibere
501 1451 582 1479 non
614 1441 792 1492 possunt
824 1439 1052 1492 quominus
1082 1439 1137 1479 ad
1165 1438 1272 1492 ipsos
1297 1441 1458 1496 garriat
1483 1439 1641 1497 loquax
1666 1441 1806 1494 homo,
1833 1441 1911 1484 hoc

327 1512 562 1563 utcumque
603 1521 781 1563 semper,
827 1522 933 1563 quae
976 1510 1067 1551 eius
1111 1510 1177 1552 vis
1218 1513 1283 1552 est
1325 1510 1605 1563 (βιάσωνται),
1648 1511 1838 1567 perficiet
1868 1516 1911 1554 et

327 1578 533 1620 obtinebit
544 1592 554 1629 ;
601 1578 672 1620 sed
716 1592 841 1633 penes
882 1580 995 1635 ipsos
1028 1582 1092 1621 est
1123 1581 1349 1635 quominus
1382 1580 1493 1624 dicta
1524 1583 1616 1624 eius
1646 1583 1692 1624 in
1722 1585 1909 1625 mentem

325 1651 558 1704 penetrent.

388 1803 524 1846 503D
567 1804 584 1846 ὂ
619 1804 740 1856 πυρὸς
772 1802 830 1850 εἶς’
862 1805 1035 1855 ἀγγεῖον
1072 1806 1381 1853 κατακλεισθεὶς
1413 1808 1468 1860 τῷ
1496 1808 1572 1857 μὲν
1599 1808 1732 1861 μέτρῳ
1759 1809 1909 1852 πλείων

326 1875 553 1926 εὑρίσκεται
587 1881 636 1927 τῇ
670 1874 709 1916 δὲ
742 1875 862 1928 χρεία
896 1876 1202 1928 μοχθηρότερος.

385 1946 469 1987 Pro
503 1945 622 1996 πυρός
656 1945 887 2001 legendum
920 1960 1010 1988 esse
1043 1946 1157 1997 τυρός
1190 1949 1358 1989 monuit
1390 1947 1595 1991 Naberus.
1628 1949 1725 1991 Rem
1756 1949 1909 1991 diiudi-

325 2015 500 2058 candam
542 2015 733 2071 relinquo
776 2017 938 2071 peritis,
972 2016 1043 2058 sed
1077 2017 1112 2058 si
1144 2016 1193 2059 de
1225 2032 1334 2059 caseo
1365 2018 1434 2060 hic
1465 2017 1635 2061 locutus
1666 2022 1777 2062 esset
1808 2018 1910 2062 Plu-

324 2086 512 2136 tarchus,
555 2085 750 2141 equidem
793 2100 893 2128 eum
935 2100 1019 2128 non
1061 2089 1349 2143 comparativo
1393 2088 1542 2131 πλείων
1579 2102 1731 2133 verum
1762 2087 1909 2141 μείζων

326 2170 505 2199 usurum
538 2157 668 2199 fuisse
700 2158 860 2212 opinor.

386 2313 520 2355 503E
567 2314 697 2368 μανίᾳ
741 2315 833 2355 κατ’
879 2313 999 2359 ἐνίους
1043 2313 1142 2364 μέθη
1187 2313 1375 2361 σύνοικος.
1410 2314 1472 2357 Ι)θ
1501 2315 1579 2358 hac
1611 2316 1818 2358 sententia
1848 2316 1907 2358 sio

324 2382 582 2426 Plutarchus
615 2384 824 2439 disputat:

385 2456 548 2504 μᾶλλον
581 2453 621 2496 δὲ
655 2455 786 2504 μανία
819 2456 874 2504 τῷ
906 2455 981 2503 μὲν
1013 2454 1140 2507 χρόνῳ
1175 2453 1319 2506 ἥττων,
1352 2462 1402 2509 τῇ
1436 2455 1470 2497 δ’
1504 2455 1621 2511 αἰτίᾳ
1653 2455 1812 2507 χείρων,
1843 2453 1903 2497 ὅτι

322 2524 368 2566 τὸ
404 2524 636 2576 αὐθαίρετον
670 2527 775 2578 αὐτῇ
811 2524 1014 2575 πρόσεστι.

384 2594 529 2637 Minor
555 2609 681 2651 quam
713 2627 722 2637 .
744 2626 781 2638 ..
811 2593 942 2650 quid?
975 2594 1090 2651 Lege
1116 2595 1285 2646 μανίας,
1314 2597 1475 2652 optime
1503 2595 1729 2652 procedent
1743 2596 1903 2638 omnia:

325 2664 607 2715 „temulentia
637 2669 827 2721 tempore
860 2666 1012 2714 minor,
1045 2679 1170 2708 causa
1200 2668 1365 2722 turpior
1391 2680 1457 2709 res
1483 2669 1547 2709 est
1573 2679 1700 2722 quam
1725 2665 1903 2708 insania.

323 2734 497 2777 Accedit
528 2737 642 2778 enim
675 2735 787 2791 quod
819 2738 882 2777 est
914 2734 1197 2778 voluntaria.''

382 2803 494 2846 Tum
527 2807 586 2848 sic
618 2808 782 2863 pergit:
827 2819 1004 2856 „eorum
1036 2819 1142 2861 quae
1172 2806 1306 2864 vulgo
1338 2808 1599 2850 obiiciantur
1630 2804 1904 2848 temulentiae

321 2876 577 2930 gravissima
608 2879 707 2918 sunt
739 2890 786 2919 ea
817 2890 923 2932 quae
955 2875 1006 2917 ad
1037 2875 1237 2932 loquendi
1269 2879 1482 2933 pertinent
1512 2874 1724 2919 abusum''

326 2943 421 2986 dein
465 2947 567 2987 citat
611 2950 732 2989 notos
772 2945 870 2988 illos
914 2959 1060 2988 versus
1092 2946 1270 2990 Homeri
1303 2945 1398 2995 οἶνος
1433 2947 1515 2999 γάρ
1548 2947 1586 2988 τ’
1620 2945 1768 2998 ἐφέηκε
1802 2977 1811 2988 .
1832 2977 1842 2988 .
1862 2976 1871 2988 .
1892 2977 1901 2988 .
