2002 3372
1074 199 1161 246 310

330 341 364 368 c.
398 325 464 368 10.
500 325 592 381 Ipsa
620 325 829 381 oppositio
860 324 902 365 οὐ
930 323 1123 377 χαλεπόν
1141 354 1150 366 .
1171 357 1180 368 .
1200 355 1209 367 .
1229 356 1238 366 .
1257 324 1455 368 οἱδύνατον
1471 325 1718 368 παντάπασι
1737 326 1907 371 ferenda

329 410 409 439 non
441 400 516 438 est.
548 395 658 448 Quid
690 396 843 437 attinet
874 408 1121 450 componere
1154 394 1293 438 facilia
1319 400 1362 438 et
1387 408 1492 451 quae
1520 395 1638 439 nullo
1664 396 1789 440 modo
1815 396 1908 440 fieri

329 470 507 523 possunt
529 464 588 518 ¹)?
629 464 774 508 Oculis
818 465 905 506 tuis
946 477 1030 507 non
1070 465 1203 508 credis
1244 479 1343 509 cum
1383 466 1503 510 vides
1543 466 1595 509 ab
1634 466 1793 511 editore
1822 481 1907 510 uno

330 535 534 580 vocabulo
580 534 748 587 „male”
789 535 1021 591 improbari
1063 535 1230 578 Erasmi
1271 536 1611 580 emendationem
1641 538 1684 580 οὐ
1714 525 1907 582 delentis.

331 608 386 650 Et
432 612 572 649 tamen
620 607 697 648 hoc
744 607 868 648 unice
910 619 1061 648 verum
1103 610 1180 658 est,
1222 607 1300 650 hoc
1342 607 1522 664 dignum
1565 606 1675 665 quod
1721 608 1907 652 dicatur:

336 677 524 732 „difficile
563 681 626 719 est
666 676 873 719 invidiam
915 678 1065 729 vitare,
1108 681 1151 720 at
1193 677 1463 721 offensionem
1506 679 1642 722 vitare
1681 678 1806 736 plane
1845 682 1911 722 est

333 746 576 790 ἀδύνατον,”

396 882 532 925 536Α
573 882 673 925 Dixi
701 896 768 925 me
795 882 969 938 posthac
995 881 1120 925 falsas
1142 884 1502 940 interpunctiones
1519 885 1668 928 missas
1684 874 1909 929 facturum.

334 954 418 996 Hic
457 957 601 996 tamen
643 957 813 996 tantum
856 958 919 996 est
960 953 1199 1010 periculum
1241 968 1293 997 ne
1336 955 1431 1010 quis
1471 956 1515 997 in
1548 954 1676 1012 longa
1706 958 1912 999 sententia

335 1024 458 1081 plane
493 1025 654 1067 aberret
686 1038 710 1067 a
740 1025 969 1080 proposito,
1000 1028 1050 1066 ut
1081 1024 1338 1067 monendum
1370 1025 1564 1069 videatur
1593 1029 1689 1083 post
1719 1027 1912 1076 κληθῶσιν

336 1094 522 1152 virg-ula,
554 1109 638 1137 non
670 1096 828 1137 maiore
861 1094 1129 1137 distinctione
1161 1109 1266 1151 opus
1295 1109 1398 1138 esse.

395 1231 451 1273 ib.
494 1229 731 1287 Tamquam
773 1244 976 1286 magnam
1009 1234 1052 1274 et
1080 1230 1205 1287 plane
1233 1231 1507 1276 immodicam
1538 1235 1600 1287 (νὴ
1638 1233 1740 1287 Δία)
1770 1233 1914 1278 adula-

339 1303 500 1344 tionem
533 1301 610 1343 hoc
640 1300 757 1344 affert
788 1303 824 1343 si
854 1303 949 1358 quis
981 1302 1173 1345 homines
1204 1302 1408 1358 quosdam
1441 1303 1637 1354 στόματα
1670 1304 1739 1347 καὶ
1772 1303 1912 1356 Φωνάς

337 1370 535 1428 appellet.
568 1372 661 1415 Non
693 1373 872 1414 memini
902 1386 971 1416 me
1002 1386 1183 1428 usquam
1210 1371 1313 1416 alibi
1341 1387 1388 1416 ea
1415 1373 1618 1418 vocabula
1643 1375 1703 1418 sic
1726 1374 1915 1419 adhibita

337 1441 492 1498 legere,

402 1575 535 1621 537G
567 1576 680 1619 Illud
706 1577 758 1620 ad
785 1577 1001 1621 hominem
1027 1580 1100 1634 qui
1127 1579 1289 1622 dixerat
1317 1594 1423 1636 „ego
1450 1583 1492 1623 te
1519 1594 1686 1637 semper
1700 1583 1744 1624 et
1759 1581 1915 1638 ubique

340 1648 510 1699 laudo’',
554 1661 825 1704 responsum:
861 1653 932 1700 „at
963 1663 1042 1706 ego
1075 1650 1155 1692 tibi
1187 1650 1319 1693 refero
1350 1652 1550 1707 gratiam,
1582 1651 1690 1695 facio
1722 1653 1836 1695 enim
1867 1657 1916 1695 ut

341 1733 443 1763 vera
481 1718 709 1774 loquaris'',
750 1722 860 1762 certe
900 1734 983 1762 non
1025 1720 1108 1762 fuit
1148 1720 1334 1773 Pindari,
1376 1721 1448 1764 sed
1485 1726 1559 1765 aut
1591 1721 1808 1778 Spintheri
1838 1726 1913 1766 aut

341 1789 451 1832 alius
482 1789 667 1833 hominis
696 1790 741 1831 in
774 1789 989 1846 republica
1022 1793 1189 1834 versati.

402 1926 459 1968 ib.
503 1925 678 1981 Oportet
717 1939 935 1982 nunquam
975 1925 1170 1970 oblivisci
1208 1926 1561 1971 detrimentorum
1592 1942 1698 1985 quae
1727 1930 1810 1973 tibi
1837 1931 1917 1973 ista

342 1997 498 2039 mentis
534 1995 729 2038 debilitas
770 1998 857 2038 iam
889 1996 1038 2039 attulit
1070 1998 1138 2039 καὶ
1173 1997 1228 2039 τοὶ
1266 2003 1417 2047 σημεῖα
1450 2002 1519 2041 τοῦ
1552 1999 1713 2051 δηγμοῦ
1746 1999 1813 2043 καὶ
1843 2006 1917 2050 τῆς

341 2068 627 2119 μεταμελείας
661 2066 847 2116 θεμένους
881 2067 920 2108 ἐν
951 2067 1111 2116 ἑαυτοῖς
1143 2068 1461 2120 ἀναλαμβάνειν
1493 2069 1561 2112 καὶ
1589 2070 1822 2124 φυλάττειν
1850 2070 1914 2113 ἐπὶ

341 2144 534 2181 πλεῖστον
566 2138 718 2190 χρόνον.

401 2209 464 2252 De
509 2209 634 2252 verbo
668 2209 986 2260 ἀναλαμβάνειν
1018 2209 1181 2262 dubito,
1215 2214 1325 2254 certe
1357 2225 1440 2268 quo
1471 2211 1598 2256 modo
1629 2213 1685 2256 sit
1714 2213 1918 2270 accipien-

341 2280 445 2323 dum
477 2281 628 2323 nescio.

387 2444 423 2485 1)
446 2443 504 2475 Cff.
529 2453 566 2474 ex
590 2442 715 2484 egregio
738 2441 846 2474 libello
869 2443 908 2475 de
930 2442 1050 2475 invidia
1074 2446 1107 2475 et
1131 2442 1202 2475 odio
1226 2443 1317 2476 haec:

387 2498 490 2530 538D
522 2498 562 2529 τὸ
583 2497 642 2537 μὲν
668 2500 792 2537 πρῶτον
816 2495 858 2529 οὐ
884 2496 978 2529 λύει
1002 2497 1059 2529 τὸν
1083 2496 1206 2538 Φθόνον,
1229 2498 1274 2530 τὰ
1299 2496 1335 2530 δὲ
1359 2499 1460 2531 λοιπὰ
1484 2498 1540 2531 καὶ
1562 2498 1789 2542 παροξύνει
1813 2502 1846 2533 et

388 2551 487 2584 538112
515 2550 750 2584 κολούουσι
784 2551 843 2591 μὲν
874 2551 903 2584 εἰ
933 2550 1088 2584 δύνανται
1122 2551 1182 2589 τὴν
1215 2549 1310 2596 δόξαν
1340 2551 1450 2585 αὐτῶν
1480 2552 1537 2590 καὶ
1560 2554 1796 2595 λαμπρότητα,
1818 2565 1919 2596 συμ-

341 2607 470 2649 φορᾶς
495 2604 525 2638 δ’
548 2604 818 2644 ἀνηκέστους
841 2604 900 2638 οὔκ
923 2605 962 2638 ἂν
987 2605 1191 2647 προβάλοιεν.

389 2662 458 2693 Hoc
480 2663 526 2693 eet
549 2661 708 2703 eleganter
729 2671 916 2704 componere
935 2664 968 2693 et
987 2661 1072 2693 inter
1091 2671 1124 2693 ee
1142 2671 1343 2705 comparere:
1363 2662 1582 2705 praemittitur
1600 2662 1634 2695 id
1651 2663 1736 2706 qnod
1753 2672 1792 2696 ex
1811 2664 1919 2696 eodem

343 2727 456 2759 genere
487 2716 597 2755 levius,
628 2715 830 2749 submittitur
861 2717 945 2759 quod
967 2715 1094 2759 gravius
1118 2721 1174 2755 est,
1198 2719 1233 2749 ut
1257 2719 1366 2749 nostro
1389 2716 1476 2750 loco:
1499 2717 1624 2750 difficile
1647 2741 1656 2750 .
1671 2742 1700 2750 ..
1715 2742 1723 2750 .
1745 2715 1917 2751 ἀδύνατον.

343 2770 445 2803 Simul
478 2781 561 2803 nunc
595 2773 725 2813 apparet
762 2770 1006 2813 prudentissime
1040 2770 1193 2803 editorem
1228 2771 1384 2804 Graecum
1413 2772 1560 2811 secundo,
1589 2782 1681 2815 quem
1712 2771 1820 2812 attuli,
1851 2772 1918 2805 loco

343 2824 515 2857 κολούουσι
540 2836 714 2869 proponere
737 2836 794 2868 pro
819 2824 992 2858 κωλύουσι.
