2002 3372
1113 258 1201 301 228

361 397 408 426 eo
440 382 638 425 dominus
665 381 889 423 avertisset
920 382 963 422 et
990 379 1110 422 aedes
1136 381 1346 423 intrasset.
1379 380 1425 422 In
1454 379 1650 424 lacrimas
1676 380 1814 426 multo
1839 386 1936 426 ante

360 456 556 509 eruperat
588 451 763 507 Ulysses
795 464 894 493 cum

423 525 511 576 οὐρῇ
544 523 617 573 μέν
650 525 682 574 ῥ’
713 519 735 562 δ’
762 522 806 571 γ’
840 519 952 569 ἔσηνε
986 521 1053 563 καὶ
1090 520 1221 563 οὔατα
1254 521 1478 572 κάββαλεν
1513 513 1657 574 duwe.

421 593 599 635 Possum
631 592 700 634 hic
734 590 1105 647 „probabilitatem
1136 590 1558 648 palaeographicam''
1592 592 1750 637 auxilio
1775 607 1936 646 vocare,

360 678 533 720 possum
579 661 718 705 multa
766 661 886 704 docte
932 661 1146 718 disputare
1184 662 1233 705 de
1273 662 1420 706 literae
1462 663 1480 705 θ
1525 665 1938 720 „pronuntiatione”-

360 734 441 777 Sed
482 733 583 776 talia
624 748 706 776 non
744 747 868 776 curo:
902 733 1010 775 mihi
1041 735 1143 776 satis
1175 737 1238 776 est
1269 748 1345 790 pro
1377 738 1489 777 certo
1521 736 1625 777 scire
1656 734 1938 780 Plutarchum

358 819 441 847 non
474 805 654 851 θανόντος
689 805 904 860 scripsisse
935 804 1007 847 sed
1041 837 1050 847 .
1072 837 1080 847 .
1102 836 1111 846 .
1130 835 1139 847 .
1175 804 1394 852 σαίνοντος.

419 949 553 994 476Β
596 950 613 992 ὂ
647 950 687 992 δὲ
719 951 790 998 τὴν
823 955 893 999 τῆς
929 953 1069 1003 ψυχῆς
1106 952 1230 1001 Φύσιν
1265 950 1523 1002 ἁμωσγέπως
1560 951 1719 994 ἐπινοῶν

357 1035 565 1078 magnum
592 1021 718 1064 habet
744 1023 897 1064 mortis
923 1021 1138 1073 solatium,
1167 1021 1277 1065 unde
1304 1023 1419 1065 vitae
1436 1023 1624 1065 nascitur
1638 1022 1939 1080 tranquillitas.

418 1092 480 1135 De
512 1093 640 1136 verbo
674 1091 935 1143 ἁμωσγέπως
969 1092 1130 1136 dubito.

898 1262 952 1292 DE
982 1260 1202 1292 FRATRRNO
1235 1261 1391 1292 AMORE.

418 1375 602 1432 Egregie
632 1373 803 1417 libellus
834 1376 882 1416 de
913 1374 1211 1430 tranquillitate
1241 1375 1365 1416 animi
1394 1374 1602 1430 quomodo
1633 1377 1799 1432 antiqui
1825 1390 1941 1420 men·

358 1448 469 1489 tium
501 1445 655 1488 medici
687 1458 862 1488 munere
894 1459 969 1488 suo
1001 1445 1125 1502 fungi
1156 1447 1240 1487 sint
1266 1444 1381 1487 soliti
1406 1445 1549 1497 docet;
1579 1445 1649 1489 hic
1674 1461 1775 1490 vero
1802 1450 1935 1491 totam

358 1532 448 1560 rem
480 1518 600 1560 nobis
633 1521 853 1572 tamquam
885 1518 930 1558 in
963 1515 1107 1559 tabula
1138 1518 1251 1573 picta
1282 1518 1493 1572 proponit.
1527 1516 1646 1570 Quod
1677 1519 1851 1574 optime,
1882 1522 1933 1561 ut

358 1590 519 1645 opinor,
562 1588 781 1645 apparebit
821 1589 858 1629 si
899 1589 945 1629 in
977 1588 1226 1629 universum
1259 1587 1444 1629 breviter
1475 1587 1525 1630 de
1557 1601 1605 1630 eo
1637 1587 1862 1644 disputabo
1893 1593 1936 1632 et

357 1661 400 1701 in
432 1660 578 1715 paucis
609 1658 864 1715 quibusdam
896 1657 1012 1709 locis,
1047 1659 1120 1713 qui
1151 1659 1374 1713 praecipue
1407 1671 1455 1700 eo
1487 1658 1649 1700 faciunt
1679 1657 1808 1715 paulo
1839 1659 1931 1702 diu-

357 1731 443 1771 tius
477 1729 718 1772 subsistam.

417 1799 607 1856 Scriptus
649 1804 724 1851 est,
767 1814 850 1842 non
891 1803 941 1841 ut
983 1797 1070 1849 ille,
1115 1798 1166 1841 ad
1200 1812 1335 1840 unum
1366 1798 1587 1841 hominem
1619 1799 1692 1842 sed
1722 1799 1776 1843 ad
1808 1799 1931 1853 duos;

357 1885 440 1913 non
482 1875 623 1913 tamen
664 1874 715 1912 ut
745 1870 796 1912 ab
836 1869 923 1911 illis
963 1868 1066 1911 solis
1105 1868 1332 1925 legeretur,
1378 1870 1513 1912 immo
1545 1883 1647 1912 vero
1678 1884 1730 1914 ne
1762 1870 1813 1914 ab
1843 1870 1933 1914 illis

358 1941 525 1996 quidem
577 1943 716 1997 magis
758 1954 885 1996 quam
928 1953 951 1982 a
993 1940 1141 1981 ceteris
1184 1939 1428 1981 hominibus
1471 1940 1682 1982 omnibus.
1731 1940 1839 1984 Sunt
1881 1943 1935 1984 iis

357 2013 528 2055 nomina
560 2011 768 2068 Nigrinus
799 2015 841 2053 et
873 2010 1076 2063 Quintus3
1112 2011 1171 2051 sic
1197 2013 1308 2051 certe
1335 2009 1490 2052 tradita
1516 2014 1628 2062 sunt,
1655 2011 1728 2054 sed
1753 2011 1933 2055 dubium

357 2097 438 2125 non
470 2082 640 2125 videtur
671 2083 771 2138 quin
803 2095 879 2138 pro
912 2079 1044 2122 altero
1073 2079 1260 2133 Quintius
1285 2080 1340 2121 sit
1364 2078 1608 2136 legendum.
1641 2080 1829 2138 Uterque
1854 2081 1933 2124 hoc

357 2157 547 2209 tempore
588 2152 747 2195 Romae
788 2165 943 2208 magna
983 2150 1161 2192 florebat
1191 2149 1416 2206 dignitate.
1449 2150 1668 2206 Siquidem
1700 2151 1812 2208 apud
1842 2151 1936 2196 Ma-

357 2224 545 2266 crobium
587 2223 695 2276 (VII,
731 2225 770 2273 3,
791 2222 864 2275 15)
906 2221 1092 2278 legimus
1124 2220 1173 2263 de
1208 2220 1364 2272 Quinto
1395 2222 1440 2274 (i.
1459 2235 1494 2264 e.
1528 2221 1718 2275 Quintio)
1750 2223 1931 2280 quodam

356 2295 429 2349 qui
471 2293 711 2336 Domitiano
751 2295 988 2348 imperante
1028 2293 1072 2333 in
1114 2292 1345 2346 provincia,
1387 2292 1457 2333 cui
1498 2295 1664 2347 praetor
1707 2297 1929 2349 praeesset,

354 2366 522 2421 insigne
552 2364 681 2407 fuerit
713 2362 956 2419 exemplum
989 2363 1251 2404 innocentiae
1282 2365 1323 2404 et
1354 2363 1628 2419 integritatis.
1666 2362 1759 2406 Non
1791 2367 1930 2420 potest

354 2435 424 2478 hic
465 2435 655 2478 diversus
697 2449 786 2477 esse
829 2434 878 2476 ab
920 2432 996 2475 illo
1037 2433 1128 2475 viro
1168 2433 1289 2474 cuius
1320 2446 1472 2475 nomen
1505 2433 1617 2489 apud
1647 2433 1928 2477 Plutarchum

355 2506 420 2558 (Q.
456 2504 502 2549 G.
538 2505 592 2557 ΙΙ,
627 2505 670 2555 5)
702 2505 807 2547 latet
838 2505 916 2547 sub
949 2502 1129 2546 absurdo
1161 2501 1235 2544 illo
1268 2506 1437 2554 Κυητοῦ,
1471 2517 1569 2546 nam
1602 2504 1828 2562 utrobique
1859 2507 1931 2547 iis-

355 2575 450 2617 dem
494 2576 579 2618 fere
620 2576 760 2618 verbis
801 2575 880 2617 hoc
923 2573 1048 2616 datur
1090 2574 1180 2614 eius
1221 2572 1444 2628 probitatis
1481 2579 1784 2630 argumentum
1818 2575 1931 2631 quod

354 2660 452 2687 eum
480 2661 557 2700 per
588 2647 710 2687 risum
741 2646 939 2701 iocumque
970 2645 1029 2686 sic
1062 2643 1245 2685 refutare
1277 2645 1417 2698 quivis
1448 2645 1632 2700 potuerit
1646 2657 1662 2702 ι,
1691 2644 1821 2702 „quid
1851 2647 1931 2688 mi-

353 2730 448 2758 rum
491 2721 532 2759 te
573 2718 634 2759 ita
671 2716 791 2772 loqui
834 2717 908 2772 qui
948 2714 1209 2770 provinciam
1250 2717 1368 2756 tuam
1411 2717 1627 2771 tantopere
1660 2711 1930 2772 diripueris'’,

354 2789 556 2842 quoniam
598 2789 838 2843 quicunque
880 2787 959 2828 hoc
1003 2784 1159 2827 diceret
1199 2789 1311 2826 certo
1346 2786 1451 2827 scire
1483 2789 1625 2840 posset
1654 2799 1707 2829 ne
1735 2786 1931 2829 umbram

354 2857 523 2912 quidem
557 2857 832 2900 dubitationis
864 2857 1123 2899 oborituram
1155 2854 1314 2906 Quinto
1346 2856 1447 2910 quin
1476 2868 1645 2911 prorsus
1672 2857 1931 2899 contrarium

353 2929 559 2983 cogitaret
599 2927 684 2970 ille.
728 2927 793 2969 Ad
834 2927 1064 2983 Nigrinum
1096 2925 1207 2981 quod
1239 2926 1404 2975 attinet,
1438 2926 1482 2967 in
1512 2929 1712 2982 promptu
1744 2930 1808 2969 est
1838 2941 1932 2970 con·

351 2999 476 3040 iicet-e
508 2998 687 3040 eundem
720 3012 817 3040 eum
852 3011 939 3039 esse
971 3001 1097 3051 atque
1130 2995 1332 3038 Avidium
1365 2995 1594 3052 Nigrinum
1623 2996 1927 3052 proconsulem,
1990 3043 1994 3047 ,
