2002 3372
1099 229 1183 273 106

406 351 517 394 Sunt
547 365 653 408 quae
683 351 757 394 ille
789 352 979 407 gravit-er
1010 351 1299 407 reprehendat,
1333 350 1441 394 nihil
1478 364 1573 394 vero
1599 350 1776 407 gravius
1800 363 1931 407 quam

345 422 571 465 absurdam
611 424 886 478 insanamque
919 420 1085 465 Solonis
1117 422 1446 478 disputationem
1480 421 1530 464 de
1560 435 1638 463 non
1669 421 1812 464 edenda:
1841 420 1934 464 feli-

344 494 486 544 citate,
529 497 699 549 propter
741 506 869 548 quam
913 492 1034 535 nobis
1074 491 1142 536 vel
1174 493 1389 550 eripienda
1420 493 1621 535 intestina
1654 493 1752 536 sint.
1783 491 1932 549 Neque

346 565 488 606 minus
529 563 710 607 absurda
753 563 861 605 mihi
900 563 1093 616 videtur3
1128 563 1230 620 quid
1260 578 1362 608 vero
1394 565 1430 606 si
1462 579 1578 620 quam
1609 562 1932 607 abano-diuinam

346 648 440 677 eam
480 649 570 677 esse
610 637 700 690 ipse
742 633 999 677 Plutarchus
1042 634 1194 686 voluit,
1238 650 1320 692 quo
1363 636 1502 692 magis
1542 634 1727 678 ludibrio
1757 633 1933 681 haberet

345 719 430 748 non
469 704 668 748 Solonem
702 705 774 747 sed
805 706 870 747 sui
905 706 1109 761 temporis
1140 719 1254 748 acres
1286 705 1384 749 illos
1416 706 1624 762 perfectae
1654 705 1832 750 virtutis
1851 717 1934 761 pa·

345 774 514 818 tronos?
548 775 721 818 Accedit
753 775 863 831 quod
895 776 941 818 in
976 775 1318 832 Conviviopaulo
1350 780 1474 820 antea
1505 775 1707 820 mulieres
1736 775 1932 819 abierunt

345 850 388 890 et
429 851 599 889 strenue
640 846 814 903 potandi
854 846 1017 889 factum
1059 850 1124 890 est
1163 849 1364 893 initium:
1405 847 1555 903 quidni
1596 845 1724 903 paulo
1752 845 1932 900 liberius

345 932 458 960 nunc
497 917 626 960 Solon
667 916 893 973 loquatur?
936 917 991 960 Et
1022 918 1133 974 quod
1164 917 1311 962 Soloni
1343 919 1411 961 hic
1445 918 1620 973 Orphica
1650 917 1857 974 quaedam
1890 920 1934 961 et

345 989 611 1044 Pytkaqoriea
651 988 858 1031 tribuitur
901 988 1183 1045 philosophia,
1228 989 1383 1032 falsum
1428 989 1601 1045 quidem
1637 992 1717 1042 est,
1754 988 1827 1034 sed
1859 1002 1935 1032 cur

343 1058 510 1101 facilius
543 1073 642 1101 eum
673 1073 859 1102 errorem
892 1061 1159 1103 committere
1192 1061 1334 1116 potuit
1363 1061 1506 1116 quivis
1537 1059 1660 1111 alius,
1688 1061 1764 1116 qui
1787 1062 1932 1106 tamen

344 1144 426 1173 non
469 1130 592 1186 plane
635 1144 724 1173 esse
756 1132 927 1186 ineptus
959 1131 1101 1182 homo,
1136 1145 1263 1186 quam
1294 1132 1386 1186 ipse
1418 1129 1704 1174 Plutarchus?
1734 1129 1847 1176 Nam
1879 1144 1931 1174 ne

341 1203 432 1257 ipse
464 1202 637 1257 quidem
669 1200 963 1244 Volkmannus
996 1205 1062 1244 sat
1094 1203 1252 1244 bonum
1282 1203 1532 1258 scriptorem
1563 1201 1696 1244 fuisse
1727 1202 1802 1258 qui
1837 1201 1932 1244 Con-

342 1273 486 1314 vivium
529 1272 688 1325 fecerit,
722 1286 876 1328 negare
909 1276 1062 1328 potest.
1097 1270 1184 1315 Cur
1215 1286 1317 1329 ergo
1348 1273 1454 1316 vitia
1486 1286 1592 1328 quae
1622 1274 1742 1315 notat
1770 1272 1824 1316 ab
1853 1270 1931 1317 illo

344 1345 568 1385 commissa
596 1346 705 1386 esset
731 1343 964 1394 credamus,
993 1357 1017 1386 a
1044 1342 1275 1386 Plutarcho
1303 1357 1385 1386 non
1402 1341 1650 1386 credamus?
1676 1341 1806 1388 Velut
1820 1341 1930 1397 illud

344 1417 408 1456 est
451 1413 562 1469 quod
592 1415 636 1455 in
669 1415 795 1456 initio
833 1413 1015 1455 Convivii
1047 1414 1097 1456 de
1131 1429 1210 1455 una
1243 1418 1412 1457 tantum
1445 1415 1692 1470 quaestione
1720 1414 1773 1457 ab
1804 1414 1929 1457 Ama-

346 1483 435 1526 side
462 1486 677 1540 proposita
705 1498 843 1526 sermo
871 1489 948 1536 est,
979 1484 1130 1526 deinde
1156 1484 1206 1527 de
1234 1484 1383 1527 multis
1392 1499 1403 1537 ;
1431 1484 1542 1540 quod
1570 1485 1614 1527 in
1635 1482 1821 1527 Convivia
1845 1498 1928 1528 non

345 1555 571 1598 edocemur
611 1569 694 1611 quo
736 1555 862 1597 modo
905 1556 1114 1610 sapientes
1145 1554 1211 1597 1111
1242 1553 1496 1599 Corinthum
1529 1556 1800 1598 convenerint
1828 1558 1931 1612 (qua

344 1627 395 1669 de
438 1640 482 1669 re
525 1625 629 1668 olim
674 1627 887 1668 exstitisse
932 1625 1122 1668 fabulam
1165 1629 1311 1669 auctor
1343 1630 1407 1669 est
1439 1626 1564 1683 Diog.
1599 1625 1647 1669 L.
1681 1625 1715 1677 Ι,
1751 1624 1838 1680 99).
1880 1624 1927 1670 Si

343 1697 446 1739 talia
491 1711 625 1753 aequo
667 1698 808 1739 animo
842 1695 1134 1739 Volkmannus
1164 1697 1246 1739 fert
1277 1698 1321 1739 in
1355 1697 1528 1740 homine
1558 1710 1682 1753 quem
1715 1697 1806 1753 ipse
1829 1696 1928 1752 pul-

341 1768 528 1810 cherrime
569 1767 788 1820 (brillant’'
822 1767 855 1818 I,
893 1767 991 1818 199,
1011 1767 1038 1810 2
1070 1782 1093 1810 a
1125 1768 1254 1820 calce)
1291 1768 1471 1811 scribere
1501 1769 1691 1824 potuisse
1722 1767 1927 1820 concedit,

339 1838 487 1895 quidni
519 1842 560 1881 et
591 1852 670 1880 nos
700 1839 744 1880 in
772 1837 1006 1880 'Plutarcho
1039 1852 1171 1894 aequo
1203 1839 1390 1881 feramus
1421 1836 1593 1882 animo?

397 1909 608 1965 Equidem
650 1908 930 1951 Plutarchum
975 1912 1191 1952 auctorem
1235 1909 1436 1953 convivii
1476 1923 1659 1966 agnosco
1678 1910 1746 1955 ”jn
1775 1908 1926 1955 multis

336 1980 476 2022 rebus
524 1979 668 2030 Poeta,
712 1994 840 2035 quem
884 1981 1072 2022 maxime
1114 1980 1350 2022 admiratur
1391 1983 1435 2023 et
1474 1979 1621 2036 diligit
1652 1978 1923 2034 Plutarchus,

339 2049 575 2093 Hesiodum
607 2050 711 2100 dico,
754 2051 824 2093 hic
856 2064 1023 2106 quoque
1055 2051 1268 2107 insignem
1303 2053 1419 2093 tenet
1449 2049 1614 2102 locum3
1648 2049 1692 2093 et
1721 2049 1804 2095 alia
1834 2065 1922 2107 pro-

339 2121 485 2164 verbia
517 2134 624 2176 quae
659 2120 887 2163 Plutarcho
922 2124 1022 2163 sunt
1053 2122 1095 2163 in
1128 2121 1305 2174 deliciis,
1338 2121 1408 2164 1116
1438 2122 1719 2164 inveniuntur
1744 2120 1788 2164 et
1812 2121 1923 2165 illud

340 2193 389 2234 de
416 2196 584 2247 tyranno
611 2195 652 2234 et
679 2192 888 2234 adulatore
895 2205 905 2244 ;
925 2193 1067 2235 iocum
1084 2191 1210 2235 illum
1228 2192 1505 2244 Lucianeum,
1523 2205 1605 2249 quo
1623 2192 1789 2235 Amasis
1805 2191 1928 2249 fingi—

340 2266 411 2305 tur
442 2277 524 2305 non
557 2263 718 2318 loquens
744 2264 792 2304 de
818 2263 1000 2305 ebibendo
1025 2263 1129 2305 mari
1155 2263 1226 2305 sed
1253 2265 1395 2319 ipsum
1423 2276 1541 2306 mare
1565 2263 1719 2305 ebibens
1743 2262 1845 2317 (151
1866 2262 1923 2317 D)

338 2333 568 2377 admodum
597 2333 807 2389 placuisse
834 2333 1065 2376 Plutarcho
1092 2333 1262 2377 aliunde
1289 2334 1516 2385 efficimus;
1547 2333 1726 2389 denique
1748 2332 1794 2377 id
1809 2333 1924 2390 quod

338 2405 380 2447 et
423 2404 497 2447 alii
537 2404 757 2447 Plutarchi
797 2404 897 2447 libri
938 2405 1093 2448 habent
1136 2405 1178 2447 et
1219 2404 1458 2456 Amatorius,
1500 2403 1601 2447 libri
1642 2404 1692 2447 de
1721 2404 1922 2447 damonio

338 2477 521 2527 Socratis,
554 2479 596 2518 et
629 2477 678 2517 de
708 2476 800 2518 Sera
833 2476 1024 2518 Numinis
1063 2476 1250 2519 Vindicta
1276 2476 1321 2519 id
1352 2476 1422 2518 hic
1454 2489 1623 2532 quoque
1649 2476 1922 2520 observatur:

335 2549 514 2603 scriptor
539 2548 631 2603 ipso
662 2546 838 2589 Platone
866 2547 1219 2599 δραματικώτερος
1247 2561 1335 2590 esse
1363 2546 1520 2597 studet,
1537 2548 1599 2590 ita
1615 2545 1922 2603 disputationes

335 2618 645 2660 narrationibus
677 2621 720 2660 et
750 2616 849 2660 illas
882 2619 1003 2661 novis
1034 2618 1346 2663 narrationibus
1376 2616 1573 2660 involvit.

398 2688 453 2730 Et
499 2689 600 2731 haec
649 2687 822 2744 quidem
871 2689 921 2731 de
962 2688 1062 2731 libri
1102 2689 1239 2732 forma
1279 2688 1527 2744 habituque.
1569 2687 1635 2730 Ad
1674 2688 1920 2745 praecipuas

338 2773 438 2801 vero
483 2774 545 2800 res
587 2772 693 2814 quae
735 2759 1079 2802 demonstrantur
1117 2759 1230 2815 quod
1261 2761 1428 2810 attinet,
1461 2761 1630 2802 tantum
1663 2771 1745 2802 non
1780 2760 1919 2815 ipsam

336 2828 558 2871 Plutarchi
590 2844 735 2872 vocem
768 2830 908 2873 audio.
937 2830 1182 2884 Praecipuae
1214 2834 1360 2873 autem
1391 2844 1489 2873 cum
1522 2829 1613 2872 dico
1644 2833 1742 2872 ante
1773 2843 1920 2873 omnes

339 2899 443 2942 alias
493 2899 543 2942 de
597 2900 759 2942 duabus
816 2902 974 2957 cogito.
1031 2902 1228 2944 Primum
1284 2900 1394 2957 quod
1440 2898 1667 2944 Oleodorus
1721 2899 1920 2944 describit

337 2974 494 3030 quanta
535 2971 591 3012 sit
632 2970 779 3013 edendi
824 2971 1077 3027 bibendique
1118 2971 1297 3023 utilitas,
1342 2984 1442 3014 eum
1484 2971 1598 3014 enim
1639 2984 1729 3014 esse
1758 2971 1918 3015 fontem
