2002 3372
888 220 975 265 219

129 342 391 386 assuefacere
422 343 627 388 debemus
660 347 710 387 ut
740 345 821 387 sibi
855 345 1036 388 sufficiat
1069 345 1121 387 ad
1154 345 1257 388 bene
1290 348 1333 387 et
1363 341 1548 386 iucunde
1582 342 1732 384 viven-

131 412 238 458 dum
268 413 384 467 (πρὸς
417 415 639 470 εὐκολίαν).

192 558 332 604 4611)
373 559 558 605 Socratis
589 560 756 604 dictum
787 560 898 604 illud
930 558 1010 604 οἶόν
1044 562 1131 605 ἐστι
1164 563 1210 604 τὸ
1242 561 1496 612 συμποτικὸν
1527 557 1630 603 εἶναι
1665 559 1732 603 τὸν

131 630 261 684 σοφόν
289 630 394 688 qnid
424 629 667 689 significat?
711 631 824 675 Usus
856 646 904 675 eo
936 632 980 676 S.
1014 632 1174 676 dicitur
1203 647 1304 675 cum
1337 631 1389 675 ad
1422 645 1570 675 cenam
1602 644 1733 687 panes

131 716 217 747 non
245 701 455 746 adessent.

195 836 335 882 4631)
378 836 444 881 δεῖ
482 837 533 890 δ’,
571 835 621 886 ὥς
655 853 733 881 που
765 838 836 881 καὶ
870 838 1092 886 Παναίτιος
1127 838 1223 892 ἔφη,
1257 841 1435 893 χρῆσθαι
1469 840 1524 892 τῷ
1558 837 1736 888 ’Δναξα-

133 909 252 966 γόρᾳ,
285 909 355 952 καὶ
389 909 574 963 καθάπερ
607 910 756 958 ἐκεῖνος
787 909 853 952 ἐπὶ
888 917 940 963 τῇ
973 917 1149 964 τελευτῇ
1183 913 1254 953 τοῦ
1282 910 1428 957 παιδὸς
1454 908 1569 954 εἶπεν
1600 909 1735 965 ,,ᾓδειν

132 979 194 1025 b'n
238 981 377 1031 θνητὸν
419 980 665 1034 ἐγέννησα”,
709 985 828 1024 τοῦτο
869 986 952 1029 τοῖς
987 980 1275 1034 παροξύνουσιν
1310 979 1484 1025 ἕκαστον
1517 983 1735 1033 ἐπιφωνεῖν

134 1053 411 1106 ἁμαρτήμασι
437 1053 671 1105 (,‚sciebam
699 1067 769 1096 me
795 1067 878 1096 non
904 1055 1059 1096 emisse
1084 1055 1320 1110 sapientem
1345 1053 1549 1097 servum’'
1566 1053 1736 1109 aliaque

133 1125 181 1168 in
211 1123 327 1167 hunc
357 1127 561 1178 sensnm).

194 1195 409 1253 Interpres
450 1195 631 1250 χρῆσθαι
674 1197 807 1239 vertit
842 1195 1074 1247 ‚,imitari'',
1107 1197 1210 1238 satis
1242 1195 1456 1247 audacter,
1490 1210 1533 1239 u.
1551 1210 1589 1238 o.
1636 1195 1738 1238 Post

133 1266 414 1325 Anaxagorae
454 1280 611 1310 nomen
652 1266 858 1310 excidisse
890 1270 995 1323 puto
1027 1266 1277 1319 διδασκάλῳ.
1326 1265 1438 1311 Cum
1471 1266 1738 1324 Stegmanno

135 1353 239 1384 voro
270 1339 376 1396 quin
407 1338 609 1382 ἑκάστοτε
641 1340 698 1381 sit
729 1337 965 1395 legendum
998 1352 1074 1394 pro
1108 1336 1282 1381 ἕκαστον
1312 1352 1395 1381 non
1428 1338 1592 1381 dubito.

197 1485 337 1531 464ss
377 1484 442 1529 De
481 1486 645 1529 ratione
678 1499 762 1542 qua
793 1499 837 1528 se
867 1486 1013 1542 ipsum
1045 1486 1264 1528 curaverit
1297 1486 1596 1542 sanaveritque
1628 1484 1739 1528 Fun-
1815 1517 1818 1519 Α

137 1557 274 1602 danus
303 1561 347 1602 et
378 1556 463 1601 alia
494 1561 538 1600 et
568 1557 671 1600 haec
703 1561 870 1599 narrat:

198 1630 367 1685 ἐπῄνουν
399 1629 440 1672 δὲ
473 1628 672 1676 κάκείνας
704 1629 754 1675 ὡς
785 1629 857 1671 οὐκ
885 1628 1138 1680 ἀχαρίστους
1167 1627 1250 1671 οὐδ’
1279 1628 1565 1679 ἀφιλοσόφους
1593 1628 1671 1675 τὰς
1699 1629 1740 1671 ἐν

136 1701 289 1756 εὐχαῖς
322 1700 564 1752 ὁμολογίας,
599 1699 766 1751 ὁμιλίας
798 1699 1042 1753 ἀφροδισίων
1077 1700 1259 1743 ἐνιαυτὸν
1291 1700 1496 1752 ἁγνεῦσαι
1525 1700 1595 1742 καὶ
1624 1699 1739 1742 οἴνου.

196 1770 394 1816 Facessat
435 1771 536 1815 hinc
577 1771 746 1821 ὁμιλίας
786 1770 899 1827 quod
930 1775 1006 1814 aut
1037 1772 1182 1828 inepte
1212 1773 1446 1828 repetitum
1479 1776 1543 1814 est
1573 1786 1596 1814 e
1627 1785 1743 1828 prae·

136 1843 304 1889 cedenti
348 1843 574 1894 ὁμολογίας
617 1846 695 1886 aut
725 1844 937 1886 insertum
970 1855 994 1885 a
1025 1843 1236 1886 monacho
1269 1845 1345 1900 qui
1376 1843 1427 1886 de
1450 1843 1638 1898 precibus
1668 1842 1742 1886 ali-

137 1916 242 1974 quid
262 1913 414 1972 legons
434 1916 739 1972 intempestive
763 1928 929 1958 memor
944 1913 1065 1957 fieret
1082 1928 1223 1958 sacrae
1240 1915 1449 1959 emtionis.
1478 1914 1741 1972 Corruptum

136 1991 357 2045 praeterea
396 1987 651 2041 ἀχαρίστους
694 1986 882 2038 videtur,
915 1986 1294 2043 reponendumque
1327 1986 1554 2040 ἀχάριτας.
1595 1986 1740 2029 Etiam

136 2057 271 2103 latine
306 2057 537 2116 „elegans”
571 2071 696 2114 saepe
728 2057 877 2100 eodem
910 2057 997 2100 fere
1030 2071 1156 2100 sensu
1189 2071 1274 2114 quo
1305 2058 1468 2113 sapiens
1500 2058 1741 2101 adhibetur.

199 2129 319 2174 Idem
351 2130 513 2174 vitium
543 2129 590 2171 in
621 2128 660 2171 D
693 2130 877 2172 recurrit
909 2129 983 2171 ubi
1014 2130 1078 2172 ira
1111 2129 1271 2172 dicitur
1301 2129 1429 2176 πάθος
1462 2129 1574 2187 quod
1606 2131 1742 2172 maxi-

139 2215 235 2245 mas
277 2201 361 2245 fert
406 2201 749 2259 perturbationes
789 2203 833 2243 et
875 2201 1184 2257 poenitentiam
1228 2201 1299 2252 ἐφ’
1338 2200 1455 2255 ἡδονῇ
1498 2205 1626 2256 μικρᾷ
1671 2201 1738 2243 καὶ

139 2272 443 2327 ἀχαρίστῳ.
475 2271 616 2316 Immo
648 2286 749 2316 vero
782 2271 970 2325 ἀχάριτι.
1003 2271 1247 2316 Ulciscendi
1281 2271 1482 2330 voluptas
1508 2273 1650 2316 brevis
1677 2276 1743 2316 est

138 2342 357 2402 simulque
388 2343 536 2399 turpis.

643 2580 699 2611 m:
730 2580 1073 2618 TANQUILLITA'I’E
1102 2581 1242 2612 ANIMI.

201 2703 265 2748 En
306 2702 469 2747 librum
512 2702 586 2759 qui
628 2702 730 2758 quia
773 2700 878 2744 olim
917 2715 1067 2745 revera
1099 2702 1216 2753 via-it,
1251 2716 1362 2745 nunc
1395 2716 1564 2759 quoque
1596 2704 1744 2746 vivere

140 2779 284 2834 potest
324 2778 453 2831 atque
483 2774 586 2817 adeo
616 2769 946 2816 immortalitate
978 2774 1138 2830 dignus
1171 2773 1357 2818 videtur.
1390 2773 1489 2817 Non
1521 2773 1642 2817 docte
1674 2774 1744 2817 hic

141 2847 194 2891 de
233 2845 378 2903 aliqua
410 2846 573 2890 virtute
605 2843 864 2901 disputatur,
898 2844 970 2887 sed
1003 2849 1175 2888 strenue
1207 2844 1333 2888 datur
1365 2859 1492 2902 opera
1524 2849 1574 2887 ut
1604 2849 1743 2889 certae

141 2916 366 2962 cuiusdam
398 2916 574 2960 virtutis
606 2918 748 2959 certus
780 2915 954 2972 quidam
987 2916 1117 2959 homo
1150 2916 1223 2959 fiat
1249 2931 1436 2974 compos.
1471 2916 1615 2960 Homo
1643 2931 1744 2961 vero

140 2987 215 3033 ille
246 2992 397 3045 sponte
428 2988 548 3031 nobis
582 2990 707 3030 notus
740 2986 788 3029 fit
816 3001 868 3029 ex
900 2988 954 3030 iis
983 3002 1091 3044 quae
1117 2987 1170 3031 ad
1198 3002 1297 3031 eum
1326 2989 1586 3039 scribuntur,
1615 2992 1744 3046 atque
