2002 3372
884 206 970 250 281

50 311 68 383 ⁵„
127 329 253 373 brum
294 332 442 374 contra
482 330 534 373 de
574 329 808 372 curiositate
848 328 961 385 quod
992 330 1148 372 attinet
1179 327 1294 371 Idem
1324 326 1434 370 illud
1470 341 1492 370 6
1525 325 1616 369 solo
1647 340 1730 369 ser-

50 419 53 421 ·
126 414 255 445 mone
283 404 427 458 potest
457 415 673 459 apparere.
706 400 819 443 Bene
851 414 952 457 ergo
985 400 1148 443 factum
1180 399 1292 457 quod
1325 403 1416 442 tam
1448 398 1632 442 disertus
1665 401 1728 441 est

52 523 54 526 y
125 471 214 516 ille.
244 471 446 529 Exempli
478 486 603 516 causa
633 471 742 515 duos
774 471 898 515 hosce
930 471 1055 515 affero
1086 471 1226 515 locos:

187 557 231 600 p.
264 541 352 588 51¹7
363 543 417 586 A.
451 542 852 596 „Quemadmodum
884 542 998 600 apud
1029 544 1243 586 comicum
1274 540 1403 586 Cleon
1432 540 1507 584 ille

390 637 391 640 =
432 627 586 657 manus
611 615 655 656 in
688 612 854 657 Aetolis
884 615 927 656 in
962 613 1162 656 Abstulia
1193 614 1389 656 animum

127 684 294 737 habuit,
326 685 388 728 sic
418 686 574 728 curiosi
605 698 727 728 mens
759 684 893 728 simul
925 688 989 728 est
1019 686 1063 727 in
1096 684 1286 728 divitum
1318 683 1519 727 domibus
1549 684 1595 725 in
1624 684 1731 726 casis

127 757 381 814 pauperum,
413 757 458 799 in
489 755 601 799 aulis
628 770 782 814 regum
808 756 855 798 in
883 755 1093 799 cubiculis
1121 755 1247 799 modo
1273 756 1438 812 nuptiis
1462 756 1708 797 iunctorum
1717 767 1728 807 ;

128 828 276 871 omnia
317 828 609 884 pervestigat:
651 827 875 884 hospitum
919 841 986 870 res
1018 827 1275 884 ducumque,
1308 830 1437 883 atque
1465 824 1576 868 illud
1608 839 1731 882 saepe

49 899 55 961 J
129 909 231 942 eum
261 911 340 942 suo
369 897 606 956 periculo.''

189 971 233 1012 et
265 967 424 1014 5173:
471 984 577 1021 „non
618 969 728 1013 celat
769 983 843 1013 rex
886 969 1098 1028 gaudium
1141 983 1270 1012 suum
1313 982 1413 1012 cum
1445 967 1560 1011 felici
1591 969 1732 1010 utitur

102 1039 315 1092 fortuna,
342 1042 458 1084 iocos
483 1055 583 1084 cum
612 1044 677 1084 est
707 1040 873 1093 hilaris,
906 1042 1095 1085 convivii
1126 1042 1367 1097 apparatus,
1401 1038 1606 1082 beneficii.
1649 1038 1733 1082 Sed

129 1125 237 1169 quae
278 1111 390 1156 celat
430 1111 639 1156 horrenda
681 1117 796 1164 sunt,
841 1113 1005 1164 tetrica,
1053 1113 1172 1155 omni
1213 1115 1358 1155 carent
1400 1111 1659 1154 amoenitate
1690 1114 1733 1153 et

41 1217 45 1222 Α
127 1183 357 1227 comitate:
383 1183 577 1226 thesauri
602 1184 739 1226 instar
764 1185 952 1240 reposita
977 1185 1055 1235 ira,
1083 1184 1237 1226 atrocis
1263 1181 1466 1239 supplicii
1493 1181 1731 1233 meditatio,

131 1253 338 1298 adversus
368 1253 550 1299 rivalem
581 1254 759 1306 invidia,
793 1254 999 1299 adversus
1030 1254 1172 1297 filium
1203 1257 1360 1305 metus,
1393 1253 1598 1296 adversus
1630 1253 1734 1296 ami·

128 1339 230 1369 cum
272 1327 482 1383 suspicio:
524 1325 629 1383 fuge
659 1330 797 1369 atram
831 1340 939 1383 quae
972 1327 1160 1369 cooritur
1189 1325 1362 1377 nubem,
1397 1325 1553 1367 senties
1584 1322 1734 1381 fulgur

130 1399 224 1442 eius
253 1401 300 1441 et
330 1398 494 1441 tonitru
526 1412 626 1441 cum
659 1397 891 1455 eruperit.”

196 1468 315 1522 „At”
346 1473 474 1527 roget
505 1471 719 1527 quispiam
757 1474 938 1527 „aptene
969 1468 1185 1513 clauditur
1210 1473 1390 1526 uterque
1414 1466 1616 1512 libellus?
1642 1467 1737 1511 Hoc

130 1541 262 1592 enim,
304 1545 355 1584 ut
393 1541 556 1598 opinor,
589 1545 756 1584 certum
788 1545 852 1584 est
884 1542 1089 1584 orationis
1115 1541 1286 1584 habitae
1317 1542 1508 1597 signum,
1539 1539 1659 1583 locus
1690 1541 1733 1581 in

134 1611 220 1655 fine
250 1611 423 1656 additus
454 1613 529 1670 qui
562 1626 686 1656 aures
716 1612 897 1670 impleat
928 1616 972 1656 et
1002 1617 1167 1656 mentes
1199 1611 1512 1656 commoveat.”
1555 1610 1611 1653 Et
1641 1612 1734 1653 iure

130 1684 192 1727 sic
218 1686 365 1741 rogem
399 1683 451 1727 de
479 1684 724 1740 perficiendo
755 1698 881 1741 opere
914 1683 1087 1727 Veteres
1118 1683 1301 1728 Graecos
1331 1687 1374 1727 et
1404 1683 1621 1726 Romanos
1648 1686 1735 1725 tan·

131 1758 226 1798 tum
253 1769 339 1798 non
365 1768 538 1812 prorsus
565 1755 682 1799 idem
711 1757 891 1799 sensisse
917 1759 1045 1812 atque
1072 1770 1149 1799 nos
1175 1769 1228 1799 ex
1253 1754 1374 1798 nulla
1401 1769 1445 1798 re
1471 1753 1735 1797 luculentius

129 1830 304 1884 apparet
336 1839 464 1883 quam
499 1827 612 1884 quod
646 1830 735 1871 tam
767 1827 915 1871 sedulo
948 1841 1117 1884 semper
1145 1827 1339 1870 dederint
1363 1840 1536 1883 operam
1563 1829 1613 1868 ut
1639 1825 1736 1867 finis

130 1910 239 1955 opus
279 1901 513 1941 coronaret.
555 1898 716 1951 Quodsi
756 1899 975 1942 interdum
1007 1898 1171 1956 aliquid
1202 1899 1264 1941 ibi
1294 1897 1596 1949 desideramus,
1631 1901 1736 1953 puta

128 1970 174 2012 in
216 1968 448 2021 comoedia,
492 1969 596 2013 haec
635 1972 698 2013 rei
739 1984 866 2014 causa
910 1974 974 2013 est
1007 1970 1119 2027 quod
1151 1970 1332 2013 lectores
1363 1985 1445 2012 non
1477 1971 1736 2026 spectatores

129 2054 207 2084 nos
239 2053 413 2084 sumus:
446 2055 530 2084 nou
562 2043 678 2084 enim
711 2056 818 2099 opus
850 2043 994 2085 omnia
1027 2056 1134 2099 quae
1161 2041 1264 2085 fiant
1291 2041 1336 2083 in
1361 2056 1480 2084 scena
1508 2055 1619 2083 nunc
1647 2039 1736 2098 legi

129 2113 175 2155 in
206 2110 424 2155 codicibus
456 2114 532 2168 qui
563 2113 684 2156 nobis
717 2118 942 2157 servarunt
969 2112 1175 2157 fabulam.
1210 2111 1340 2156 Velut
1367 2114 1411 2155 in
1440 2112 1736 2168 Aristophanis

130 2181 361 2239 Equitibus
391 2186 623 2240 postquam
655 2184 820 2227 dictum
854 2188 919 2228 est

433 2251 481 2297 ἵν’
515 2254 650 2297 ἴδωσιν
683 2255 808 2298 αὐτὸν
839 2252 898 2303 οἷς
932 2255 1109 2306 ἐλωβᾶθ’
1143 2256 1176 2298 οἱ
1210 2254 1312 2306 ξένοι

130 2324 376 2369 saltationes
418 2324 511 2368 fieri
549 2329 592 2368 et
634 2340 837 2383 pompam
880 2326 1091 2370 ludicram
1134 2330 1284 2383 sponte
1314 2325 1604 2384 intelligimus
1634 2326 1737 2370 licet

130 2395 244 2440 nihil
275 2396 487 2440 eiusmodi
518 2398 564 2440 in
596 2401 720 2441 textu
752 2397 938 2455 legatur.
970 2398 1082 2441 Nam
1116 2397 1232 2441 haud
1264 2397 1390 2441 facile
1421 2399 1615 2441 invenias
1649 2411 1736 2441 ora-

130 2469 292 2512 tionem
334 2467 471 2511 ullam
516 2469 652 2512 Attici
688 2471 882 2521 oratoris,
926 2469 1086 2512 nedum
1131 2468 1360 2520 Ciceronis,
1402 2483 1509 2525 quae
1550 2483 1634 2512 non
1673 2470 1737 2511 ita

131 2537 356 2583 claudatur
386 2541 437 2581 ut
468 2539 588 2582 nobis
620 2554 788 2597 quoque
820 2540 964 2583 claudi
998 2554 1091 2583 eam
1125 2543 1320 2597 oportere
1353 2539 1564 2583 videatur.
1597 2539 1657 2582 Ut
1683 2539 1736 2582 ad

131 2613 298 2653 nostros
324 2610 497 2653 veniam
521 2609 716 2654 libellos:
750 2611 1074 2668 „peroratione”
1103 2614 1171 2664 (ut
1194 2609 1736 2668 Francogalliloquuntur)

132 2680 276 2738 aliqua
301 2679 372 2724 vel
399 2680 630 2738 magnifica
657 2680 725 2724 vel
753 2685 877 2725 acuta
903 2681 1119 2725 clauditur
1145 2686 1316 2734 neuter3
1347 2686 1390 2725 et
1405 2696 1537 2738 paene
1553 2682 1735 2724 dixerim

131 2750 254 2796 illam
287 2752 340 2795 ab
371 2753 426 2795 iis
457 2751 583 2809 plane
610 2766 701 2796 esse
728 2752 925 2796 alienam.
963 2753 1029 2795 Ad
1057 2753 1325 2797 delectandos
1351 2755 1466 2797 enim
1494 2755 1736 2810 pariterque

133 2823 366 2867 monendos
407 2823 637 2875 auditores,
677 2839 760 2867 non
793 2824 845 2867 ad
877 2825 1207 2868 commovendos
1237 2824 1556 2882 incitandosque
1589 2826 1738 2881 scripti

57 2907 63 2913 ·
133 2898 247 2938 sunt.
290 2894 349 2937 Et
391 2899 535 2938 tamen
579 2896 721 2938 subito
766 2910 836 2938 eos
873 2896 1056 2951 abrumpi
1099 2896 1235 2940 dicere
1276 2898 1474 2953 ineptum
1518 2898 1588 2940 sit.
1623 2896 1737 2939 Audi

134 2964 260 3009 modo
291 2967 367 3022 qui
398 2965 495 3009 finis
528 2967 586 3010 sit
615 2965 753 3010 libelli
783 2967 833 3009 de
859 2967 1125 3021 qarrulitace:
