2002 3372
878 219 934 262 95

63 362 70 410 ζ
101 344 173 389 καὶ
215 345 289 395 τὴν
319 343 463 396 ψυχὴν
496 341 711 388 κακώσεως
746 342 813 384 καὶ
848 344 1115 397 καταφθορᾶς
1150 342 1218 386 ivri
1251 344 1324 392 τὴν
1357 343 1503 393 συνήθη
1537 360 1599 386 σοι
1633 343 1703 386 καὶ

101 412 222 461 fibri·
247 413 376 469 Φύσιν
409 413 622 466 διαγωγὴν
653 413 837 469 [ἐλθεῖν]

8 531 11 551 ἦ
67 488 69 534 j
99 484 118 510 ‘³'
161 483 286 531 Unde
314 487 553 530 notissime
587 484 790 528 ultimam
822 500 972 529 vocem
1004 486 1161 529 abiecit
1193 486 1412 530 Reiskius.

50 626 142 652 ἐς

511 785 568 816 ΒΕ
599 785 771 817 'I'URNDA
801 785 1010 818 SANITATE
1043 785 1304 838 PRAEORP'JA.

164 920 249 966 Hic
290 934 462 979 quoqne
503 920 679 964 libellus
720 921 974 965 documento
1019 935 1110 964 esse
1141 925 1282 977 potest
1314 924 1474 977 quanta
1509 920 1702 964 floruerit

52 1007 57 1060 ζ
78 1015 79 1018 =
100 989 218 1051 'apud
243 991 441 1050 aequales
465 992 580 1036 fama
606 992 880 1036 Plutarchus.
913 993 1085 1036 Etenim
1110 993 1264 1049 incipit
1290 992 1464 1048 quidem
1481 1006 1505 1035 a
1522 991 1704 1048 dialogo,

54 1062 79 1108 ἶῑ.
99 1061 189 1123 isui*
217 1063 399 1124 Athenis
441 1062 580 1107 aliove
621 1066 665 1107 in
699 1064 922 1108 doctorum
955 1063 1172 1106 domicilio
1203 1063 1378 1106 habitus
1410 1063 1596 1114 videtur,
1630 1062 1704 1106 sed

32 1145 56 1148 '⁴
98 1134 200 1181 i‘nde
230 1149 255 1179 a
286 1137 424 1194 capite
457 1140 577 1179 sexto
610 1135 772 1193 dialogi
798 1135 1115 1178 illius'nullum
1142 1136 1231 1178 iam
1258 1138 1452 1191 superest
1471 1135 1706 1191 vestigium

99 1204 144 1252 &t
182 1207 318 1251 restat
354 1205 535 1250 diatriba
566 1207 611 1249 in
644 1209 730 1250 otio
763 1205 1048 1251 Chaeronensi
1079 1207 1316 1263 composita
1347 1209 1389 1248 et
1420 1204 1708 1249 Chaeronensi

51 1308 54 1310 -
102 1276 316 1322 destinata
355 1279 496 1336 gregi.
539 1277 688 1335 Neque
731 1277 811 1320 ulli
850 1279 946 1322 viro
989 1277 1125 1321 nobili
1157 1278 1377 1334 potentive
1409 1275 1630 1318 dedicatur
1658 1274 1710 1317 li-

59 1371 67 1381 2
103 1348 260 1400 bellus,
303 1352 455 1406 utpote
497 1350 572 1406 qui
613 1349 685 1392 vel
718 1351 778 1392 sic
810 1363 909 1392 suos
956 1349 1038 1391 sibi
1081 1349 1339 1391 inventurus
1381 1349 1438 1389 sit
1479 1349 1707 1403 emptores.

101 1420 338 1478 Praecepta
361 1424 507 1464 autem
534 1422 724 1463 continet
749 1419 982 1463 utilissima
1000 1419 1175 1476 quidem
1193 1419 1266 1462 sed
1283 1419 1463 1460 minime
1479 1417 1709 1469 recondita.

102 1494 294 1551 Apparet
334 1497 479 1536 tamen
518 1493 561 1535 in
595 1496 686 1536 arte
718 1506 887 1549 quoque
918 1491 1086 1534 medica
1118 1494 1290 1534 tantum
1321 1489 1548 1546 profecisse
1580 1489 1711 1544 scrip—

104 1559 243 1609 {orem
270 1562 583 1622 quantum-illo
611 1566 803 1620 tempore
828 1563 1056 1620 quisquam
1073 1561 1276 1618 proficere
1292 1564 1448 1617 posset.
1479 1558 1706 1615 Simulque

31 1646 36 1647 ⁷
102 1635 225 1680 nobis
263 1635 335 1678 hic
365 1635 594 1693 praebetur
634 1634 817 1677 facultas
855 1633 1125 1691 aliquatenus
1157 1636 1271 1676 certe
1304 1630 1573 1688 intelligendi
1601 1643 1708 1687 quae

32 1711 36 1732 ’·
99 1706 180 1752 illo
220 1708 413 1764 tempore
455 1706 587 1750 fuerit
619 1707 713 1750 vita
741 1704 919 1749 illorum
951 1705 1194 1757 hominum,
1228 1705 1318 1760 qui,
1352 1706 1403 1746 ut
1433 1701 1709 1754 Plutarchus,

100 1777 318 1823 mentium
344 1791 389 1822 se
416 1777 605 1822 medicos
631 1776 955 1834 profitebantur.
990 1776 1106 1819 Satis
1131 1774 1300 1832 placida
1325 1773 1403 1818 illa
1430 1774 1528 1826 fuit,
1547 1774 1709 1830 quieta,

48 1854 49 1857 ’
98 1848 344 1908 tranquilla,
388 1849 462 1893 sed
490 1852 614 1902 ¹certo
647 1853 842 1906 tempore
874 1847 1194 1891 exhilarabatur
1226 1848 1442 1890 conventu
1472 1845 1711 1888 laetissimo

39 1939 54 1978 χ
97 1910 440 1979 lautissimeque,
471 1922 543 1965 cui
570 1920 712 1964 multo
738 1925 837 1964 ante
861 1921 951 1963 iam
978 1923 1089 1963 esset
1114 1917 1430 1976 praeparandus
1448 1916 1710 1968 stomachus,

39 1984 73 2049 4⁸
99 1992 154 2038 fif
189 2003 267 2037 suo
307 1992 388 2037 sibi
431 1991 576 2036 labore
617 1997 731 2036 recte
761 1991 888 2049 fungi
920 1995 1076 2048 posset.
1114 1989 1412 2043 Συμπεριφορά
1442 1988 1533 2032 illis
1566 1987 1707 2046 epulis

40 2062 66 2121 4‘
98 2067 254 2110 flumen
297 2067 402 2116 erat,
445 2064 604 2121 quibus
645 2063 1092 2122 appropinquantibus
1132 2076 1305 2105 omnem
1347 2075 1436 2104 esse
1485 2060 1709 2104 vitandam

45 2127 54 2184 ἦ
97 2135 427 2180 redundantiam
469 2134 774 2192 crapulamque
815 2134 1012 2178 amabilis
1054 2133 1127 2177 ille
1158 2138 1303 2177 noster
1336 2132 1529 2176 medicus
1561 2134 1712 2175 monet

47 2214 63 2267 J
98 2206 206 2264 (128
217 2206 285 2264 E),
311 2218 396 2252 non
423 2209 570 2251 minus
587 2209 773 2251 sincerae
789 2206 981 2250 laetitiae
999 2219 1128 2262 quam
1145 2206 1229 2262 ipsi
1246 2206 1435 2261 corporis
1449 2205 1710 2261 prospiciens

98 2279 287 2325 sanitati.
329 2278 451 2324 Nihil
491 2278 608 2322 hunc
646 2278 792 2322 locum
834 2277 991 2320 melius
1032 2276 1226 2319 illustrat
1255 2290 1386 2333 quam
1419 2275 1529 2318 alter
1558 2273 1635 2317 ille
1665 2275 1710 2316 in

38 2347 58 2393 Ῐ
100 2351 393 2411 pulcherrimo
435 2351 499 2394 De
542 2350 839 2407 Tranquilitate
879 2348 1019 2391 Animi
1056 2347 1167 2391 libro
1200 2345 1308 2399 (473
1321 2347 1391 2400 D),
1425 2347 1502 2389 ubi
1533 2347 1593 2388 sic
1626 2345 1712 2388 fere

38 2411 51 2458 Ᾰ
103 2414 375 2485 imputatur:
411 2423 483 2474 „in
515 2423 632 2465 omni
663 2435 709 2464 re
736 2421 913 2464 adversa
941 2420 1003 2462 sic
1029 2420 1191 2475 optime
1219 2418 1391 2462 cavebis
1417 2431 1471 2460 ne
1499 2420 1542 2460 te
1569 2419 1712 2459 totum

30 2511 50 2555 23
103 2491 308 2539 tristitias
347 2495 611 2550 moestisque
653 2491 781 2535 dedas
813 2491 1162 2548 cogitationibus,
1197 2491 1233 2532 si
1264 2491 1310 2532 in
1342 2489 1597 2532 memoriam
1631 2487 1712 2530 tibi

42 2563 53 2605 Ϊ
101 2565 324 2611 revocabis
353 2564 544 2622 aliquam
578 2579 669 2607 rem
701 2565 747 2606 in
779 2577 862 2620 qua
895 2562 1000 2605 olim
1034 2560 1149 2604 felici
1180 2562 1238 2603 sis
1268 2575 1373 2603 usus
1401 2573 1612 2610 successu,
1641 2557 1712 2602 vel

48 2643 50 2670 ἶ
103 2646 311 2696 magnam
336 2636 541 2694 aliquam,
569 2637 693 2679 cuius
709 2635 923 2691 particeps
939 2633 1086 2684 fueris,
1103 2630 1362 2675 laetitiam’'.
1396 2631 1536 2687 Atque
1553 2631 1715 2672 utrius-

43 2699 57 2729 ⁵·
104 2711 189 2768 qim
228 2709 292 2752 rei
332 2722 441 2766 quae
482 2708 644 2765 profert
686 2706 885 2763 exempla
924 2709 1070 2761 pastor
1101 2703 1178 2746 ille
1209 2706 1252 2746 et
1283 2702 1392 2745 fidus
1425 2706 1467 2745 et
1499 2699 1714 2745 clemens?

55 2798 58 2806 ²
110 2779 535 2833 „Praedicationem”
578 2781 656 2832 (sic
698 2779 813 2820 enim
856 2775 1042 2833 appello)
1083 2788 1191 2831 quae
1223 2775 1385 2830 optime
1417 2774 1637 2830 processit,
1670 2774 1714 2815 et

107 2851 418 2905 συμπεριφοράν
451 2850 577 2893 solito
610 2849 850 2892 laetiorem.

35 2954 40 2955 ν
115 2921 252 2982 ”me
282 2923 402 2966 vario
432 2921 555 2965 illius
586 2919 787 2964 vocabuli
819 2932 902 2962 usu
933 2918 1177 2961 conferatur
1202 2913 1563 2972 Wyt‘tenbachius
1591 2912 1661 2966 VI,
1682 2914 1709 2957 2

36 3007 58 3044 .;
112 2983 280 3052 1124812
295 2998 391 3051 οφ).
