1930 3354
659 828 950 887 CAPUT
994 830 1122 888 XX.

49 1231 51 1239 ἑ
86 1192 95 1220 1
118 1191 135 1214 ²·
163 1201 171 1213 ³
220 1196 239 1218 τ»
331 1203 350 1210 ·’
670 1198 892 1231 Αυνιιιιειιε
923 1198 1115 1231 oonornn

88 1252 139 1299 ἐπ’
335 1268 423 1302 non
452 1267 580 1303 rosen
610 1269 821 1302 suAvrraa
851 1270 944 1302 vm
975 1269 1202 1302 smunnum
1231 1270 1447 1302 amomum

87 1338 196 1362 mv*
238 1344 241 1351 ⁴
617 1341 673 1373 ιιιι
702 1341 929 1374 narsum
959 1342 1164 1375 manno.

152 1465 225 1518 Sic
243 1502 245 1505 .
261 1472 472 1518 librorum
512 1477 658 1518 contra
697 1473 932 1531 Epicureos
974 1473 1279 1531 corpusculum
1309 1475 1401 1531 ipse
1432 1473 1690 1517 Plutarchus

93 1544 313 1604 disposuit*
327 1547 666 1604 composuitque.
695 1545 745 1589 In
772 1545 996 1603 Epicureis
1011 1545 1250 1603 Stoicisque
1266 1537 1503 1589 refutandis
1520 1558 1691 1588 summa

46 1650 47 1655 ,
91 1616 295 1662 adversus
334 1621 538 1675 utrosque
581 1616 724 1662 voluit
767 1618 833 1660 uti
874 1619 1103 1675 aequitate,
1148 1621 1354 1674 utrosque
1386 1631 1487 1675 ergo
1518 1617 1692 1660 adortus

85 1692 159 1746 nst
183 1687 427 1746 relambo
462 1688 655 1736 eiusdem
686 1689 774 1734 fere
806 1689 1006 1747 ponderis
1037 1690 1234 1748 quodque
1265 1704 1318 1734 ex
1349 1689 1566 1745 similibus
1598 1703 1693 1733 con-

84 1763 227 1817 staret
263 1760 459 1821 partibus
488 1784 545 1795 --
577 1774 679 1807 nam
723 1760 835 1818 quod
866 1776 946 1804 non
968 1776 1089 1817 posse
1118 1762 1333 1805 artissimo
1366 1761 1561 1804 cohaeret
1592 1774 1692 1804 cum

84 1830 222 1895 libro
227 1830 320 1882 adn
335 1832 436 1889 001.
461 1831 649 1884 vinculo,
675 1836 822 1876 contra
847 1831 948 1876 libri
974 1834 1024 1876 de
1048 1848 1132 1888 rep.
1159 1833 1278 1876 Stoic.
1306 1835 1349 1876 et
1376 1833 1426 1875 de
1451 1847 1581 1876 comm.
1609 1836 1692 1875 not·

46 1958 49 1959 ⁷
84 1901 259 1963 nullam
288 1904 402 1961 inter
432 1917 477 1949 se
506 1902 665 1949 habent
697 1904 908 1947 rationem
941 1905 1065 1961 parvi
1095 1905 1274 1949 interest
1302 1929 1360 1937 —-
1388 1907 1553 1948 constat
1577 1904 1692 1946 enim

85 1988 120 2034 q
133 1974 274 2034 Mi!
280 1979 516 2035 utrumque
542 1975 905 2033 disputationibus
934 1976 1082 2029 doctis,
1110 1977 1265 2034 quibus
1293 1975 1439 2021 addita
1470 1979 1536 2019 est
1567 1976 1693 2019 tertia

47 2061 48 2064 ’
87 2045 235 2107 multo
263 2045 401 2107 levior
427 2045 631 2108 >lectuque
662 2047 890 2091 iucundior
922 2051 1048 2105 (quae
1080 2049 1125 2091 in
1159 2061 1332 2105 corpore
1359 2051 1504 2091 contra
1529 2045 1693 2091 Stoicos

93 2114 302 2170 medium,
342 2119 387 2162 iu
428 2117 504 2163 illo
545 2123 691 2162 contra
733 2118 967 2176 Epicureos
1009 2118 1218 2163 ultimum
1261 2123 1377 2163 tenet
1419 2117 1586 2163 locum:
1620 2117 1693 2161 sed

48 2216 49 2219 =
94 2189 189 2242 hoc,
230 2191 432 2247 quoniam
475 2189 654 2234 dubium
690 2205 772 2234 non
805 2194 871 2234 est
903 2192 1006 2248 quin
1039 2190 1141 2234 libri
1173 2195 1318 2234 contra
1348 2190 1580 2248 Epicureos
1611 2189 1694 2233 alio

95 2275 120 2314 a
158 2259 392 2310 Plutarcho
438 2262 526 2305 sint
573 2262 723 2319 scripti
769 2261 915 2306 ordine
957 2266 1084 2321 atque
1128 2261 1336 2320 leguntur
1375 2263 1421 2304 in
1464 2261 1692 2312 codicibus,

86 2319 256 2382 nullius
283 2336 348 2377 est
374 2334 616 2387 momenti).
646 2332 761 2387 Quae
788 2333 1039 2391 corpuscula
1066 2335 1141 2390 qui
1168 2348 1320 2391 parum
1349 2338 1543 2378 accurate
1570 2332 1693 2390 legit,

95 2400 346 2470 praesertim
373 2405 411 2448 si
435 2405 528 2462 ipse
554 2403 814 2448 Plutarchus
841 2407 880 2448 ei
905 2419 989 2448 non
1013 2405 1118 2448 satis
1139 2410 1203 2448 est
1223 2409 1350 2449 notus
1371 2404 1695 2462 familiarisque,

46 2515 47 2518 ,
82 2472 222 2527 ‘fflu'm'
249 2471 343 2520 dico
369 2473 657 2520 Plutarchum
684 2490 812 2534 quem
839 2489 1144 2534 usquequaque
1171 2478 1326 2520 nostris
1345 2476 1541 2520 videmus
1559 2475 1695 2520 oculis

96 2540 356 2606 auribusque
397 2546 612 2600 audimus,
656 2546 899 2604 periculum
942 2551 1006 2591 est
1036 2561 1090 2591 ne
1123 2548 1354 2594 arbitretur
1387 2546 1696 2605 Epicureorum

95 2619 141 2663 in
181 2618 261 2664 hoc
302 2621 534 2663 certamine
577 2620 767 2676 peiorem
810 2633 899 2663 esse
941 2633 1114 2663 causam
1155 2633 1285 2676 quam
1318 2618 1577 2671 Stoicorum,
1607 2617 1698 2662 illis

45 2710 47 2715 ¹
97 2689 236 2736 multo
265 2691 411 2734 minus
443 2704 572 2748 quam
605 2690 672 2733 his
703 2691 755 2734 ab
790 2690 1042 2734 Academico
1074 2695 1218 2734 nostro
1248 2692 1377 2748 parci.
1412 2691 1468 2734 Et
1500 2690 1613 2748 quod
1645 2690 1698 2733 ad

46 2787 47 2790 =
84 2757 379 2819 'utrarumque
421 2762 608 2819 pertinet
639 2761 939 2817 philosophiam
981 2752 1161 2806 minime
1192 2764 1338 2819 inepta
1370 2763 1426 2805 eit
1459 2775 1508 2805 ea
1539 2762 1697 2819 opinio.

96 2832 260 2878 Stoicos
298 2833 361 2876 ita
399 2832 594 2876 adoritur
635 2832 893 2876 Plutarchus
938 2837 988 2877 ut
1030 2838 1144 2877 certa
1185 2832 1393 2890 quaedam
1425 2844 1574 2876 eorum
1607 2846 1700 2876 con-

47 2947 49 2950 ,
83 2895 233 2950 'vellat
273 2896 494 2962 dogmata,
536 2907 676 2948 cetera
718 2918 803 2948 non
846 2907 995 2962 tangat
1009 2917 1019 2955 ;
1063 2908 1108 2948 at
1148 2904 1407 2962 Epicuream
1442 2905 1698 2961 sapientiam

84 2967 236 3021 totam
276 2974 463 3019 destruit
502 2974 754 3032 nullamque
795 2977 888 3019 eius
928 2979 1096 3032 partem
1127 2975 1336 3033 relinquit
1368 2977 1598 3033 integram.
1643 2973 1699 3019 Et

84 3049 244 3092 ῗιαωοιι
277 3074 288 3092 .
307 3077 317 3090 .
337 3078 348 3091 .
378 3046 455 3090 sed
484 3051 672 3104 praestat
701 3048 847 3105 ipsum
874 3045 1158 3091 Plutarchum
1186 3047 1346 3091 audire.
1381 3047 1502 3101 Quod
1530 3051 1580 3090 ut
1606 3046 1699 3091 fieri

1477 3128 1519 3161 39
