2002 3372
894 207 978 249 151

53 331 55 335 ’
125 325 326 373 iniicere?
367 327 450 372 Sed
490 329 778 371 controversia
811 327 956 385 aliqua
987 332 1077 371 erat
1109 328 1344 381 tractanda,
1378 342 1430 371 ex
1460 326 1638 370 illarum
1671 329 1732 370 ni-

126 401 289 445 mirum
317 413 499 443 numero
531 413 640 456 quae
673 403 776 444 tunc
806 401 851 442 in
884 414 966 443 usu
997 405 1139 443 essent
1165 426 1222 433 —
1252 415 1335 443 non
1369 414 1477 456 opus
1504 403 1569 442 est
1595 399 1730 443 doctis

125 471 355 515 doctorum
398 471 746 514 annotationibus
793 471 838 514 id
886 485 995 527 quae
1042 487 1119 515 nos
1167 471 1346 515 doceant
1387 495 1444 503 —-
1477 470 1731 514 declamatio

125 542 320 587 habenda
349 541 401 586 de
432 547 689 600 argumento
720 548 845 599 grato
872 548 1129 600 acceptoque
1156 545 1354 587 omnibus
1382 545 1457 600 qui
1481 557 1564 586 non
1591 548 1729 586 essent

125 615 175 657 in
205 612 345 658 literis
376 614 581 671 hospites,
612 615 658 656 in
691 613 788 657 ficta
817 614 960 671 aliqua
991 629 1119 658 causa
1153 620 1230 658 aut
1261 617 1432 672 patroni
1462 619 1539 658 aut
1564 628 1730 658 accura-

127 685 233 729 toris
263 684 536 742 fungendum
565 685 774 741 partibus.
806 685 901 728 Hoc
934 690 998 728 est
1030 686 1142 742 quod
1174 700 1321 730 omnes
1351 685 1420 728 illi
1453 684 1619 736 Graeci,
1653 687 1728 742 qui

124 755 305 801 dicendo
337 756 608 813 docendoque
640 758 806 799 victum
838 762 1063 813 quaerunt,
1096 759 1209 801 inter
1240 772 1284 800 se
1317 758 1474 801 habent
1501 771 1727 800 commune

121 829 215 872 sive
245 827 520 886 philosophos
551 842 596 906 se
627 829 718 871 sive
746 829 959 885 sophistas
988 828 1194 885 appellari
1222 827 1405 872 malunt.
1441 828 1534 872 Hoc
1561 833 1625 871 est
1651 842 1727 871 cur

47 943 49 946 .
123 912 248 956 saepe
288 913 374 943 non
413 900 476 942 ita
517 898 641 942 facile
684 899 804 942 dictu
848 901 905 942 sit
947 902 1036 942 utri
1067 899 1222 956 aliquis
1254 901 1402 957 generi
1437 901 1493 942 sit
1523 899 1726 943 adnume-

121 969 280 1015 randus
301 969 348 1024 ¹),
390 971 470 1014 hoc
512 984 587 1013 cur
629 972 704 1027 qui
750 970 996 1028 philosophi
1037 973 1209 1014 nomine
1250 986 1294 1014 se
1338 971 1490 1029 dignos
1529 975 1606 1014 aut
1636 985 1726 1014 esse

121 1046 197 1086 aut
229 1040 456 1098 aliquando
487 1041 656 1085 futuros
689 1047 860 1099 sperant
894 1047 983 1086 tam
1015 1044 1139 1086 anxie
1173 1046 1348 1086 caveant
1379 1057 1431 1086 ne
1457 1042 1726 1086 auditoribus

40 1118 42 1122 “
119 1113 335 1170 sophistae
378 1127 469 1157 esse
501 1113 743 1156 videantur.
777 1114 926 1170 Neque
958 1128 1151 1170 unquam
1184 1127 1444 1170 quemquam
1477 1116 1619 1171 magis
1650 1113 1725 1157 ille

119 1185 262 1227 tenuit
301 1187 444 1228 metus
485 1198 616 1241 quam
658 1182 998 1228 Chaeronensem
1041 1189 1250 1228 nostrum.
1293 1185 1343 1228 In
1375 1184 1644 1228 oratiuncula
1675 1187 1723 1227 de

123 1256 388 1300 Romanorum
418 1257 601 1313 fortuna
643 1262 681 1298 ec
710 1257 872 1309 virtute,
906 1271 1014 1314 quae
1046 1258 1186 1313 prima
1219 1259 1258 1300 ei
1290 1262 1354 1300 est
1385 1256 1528 1300 oblata
1559 1258 1721 1301 occasio

120 1327 351 1375 invehendi
382 1329 426 1371 in
459 1327 604 1371 futilia
634 1330 716 1371 ista
748 1329 1037 1385 sophistarum
1065 1328 1256 1381 artificia,
1282 1328 1481 1372 lubenter
1507 1342 1556 1372 ea
1583 1331 1723 1372 utitur

121 1397 231 1452 (318
241 1398 310 1452 E),
337 1401 384 1442 in
409 1399 526 1443 hisce
552 1399 950 1444 declamatiunculis
969 1400 1250 1455 philosophum
1278 1401 1411 1444 fuisse
1427 1400 1722 1443 Alexandrum

122 1483 333 1528 magnum
362 1470 653 1515 demonstrare
679 1471 837 1523 studet,
865 1486 966 1515 nam
989 1486 1072 1515 non
1103 1487 1205 1515 eum
1237 1487 1385 1516 revera
1417 1471 1720 1529 philosophum

122 1555 214 1587 esee
255 1544 331 1600 qui
372 1542 423 1586 de
465 1544 596 1601 nugis
627 1543 860 1587 subtilibus
891 1549 1038 1587 acutas
1070 1546 1287 1601 scripserit
1319 1544 1720 1601 disputatiunculae,

122 1613 196 1658 sed
237 1615 314 1671 qui
354 1616 468 1658 vitae
509 1615 796 1659 emendandae
839 1616 1002 1659 dederit
1043 1630 1230 1673 operam.
1274 1615 1439 1674 Inspice
1471 1616 1582 1660 mihi
1614 1631 1721 1674 quae

119 1683 328 1744 leguntur
357 1700 399 1743 p.
435 1685 596 1731 328A:

180 1756 271 1811 περὶ
299 1764 591 1810 συλλογισμῶν
617 1760 728 1803 οὐδὲν
749 1760 835 1803 οὐδὲ
854 1761 942 1812 περὶ
962 1760 1209 1810 ἀξιωμάτων
1228 1759 1411 1812 ἔγραψεν
1429 1760 1717 1816 (Alexander),

115 1829 198 1872 οὐδ’
225 1829 265 1871 ἓν
295 1831 451 1883 Λυκείῳ
480 1832 706 1882 περίπατον
733 1832 932 1884 συνέσχεν
959 1833 1040 1875 οὐδ’
1067 1833 1105 1874 ἐν
1134 1832 1396 1887 Ἀκαδημείᾳ
1424 1833 1550 1880 θέσεις
1579 1830 1716 1876 εἶπεν

117 1899 273 1948 τούτοις
315 1901 400 1953 γὰρ
440 1901 607 1956 ὁρίζουσι
651 1905 908 1956 Φιλοσοφίαν
949 1904 993 1946 οἱ
1030 1904 1194 1955 λόγον
1228 1906 1399 1954 αὐτὴν
1431 1905 1524 1947 οὐκ
1561 1903 1719 1957 ἔργον

120 1987 171 2015 νο
180 1972 281 2025 alc
290 1987 455 2020 οντες.

179 2042 237 2087 Et
267 2041 428 2088 332E:

177 2115 302 2166 κάμοὶ
341 2115 387 2165 δὴ
418 2121 514 2164 ταῖς
548 2116 820 2169 Ἀλεξάνδρου
855 2117 1049 2170 πράξεσιν
1084 2118 1236 2161 ἔπεισιν
1271 2120 1488 2173 ἐπιφωνεῖν
1521 2119 1586 2162 ἀεὶ
1622 2105 1730 2174 »Φι-ρ

116 2186 369 2239 medana-'¹
404 2187 443 2230 ἐν
476 2187 607 2241 τούτῳ
638 2190 724 2240 γὰρ
757 2188 883 2231 πάντ’
918 2188 1062 2232 ἔνεστι.

178 2257 246 2302 Ex
286 2258 436 2303 eodem
466 2273 622 2318 genere
654 2261 779 2304 hosce
811 2275 901 2304 esse
932 2260 1101 2304 libellos
1135 2261 1326 2305 dicebam
1357 2265 1486 2318 atque
1516 2261 1638 2305 illam
1672 2264 1720 2306 de

117 2329 298 2374 Fortuna
339 2334 378 2374 et
418 2331 576 2374 Virtute
616 2332 896 2376 Romanorum.
942 2332 1115 2390 Aliquid
1158 2337 1317 2384 tamen,
1351 2348 1486 2390 neque
1517 2334 1561 2376 id
1596 2337 1718 2390 parvi

118 2403 349 2454 momenti,
390 2403 583 2446 interest.
626 2403 754 2447 Totos
797 2404 1125 2448 consideremus.
1175 2405 1463 2447 oratiunculas
1509 2420 1599 2448 esse
1643 2406 1718 2449 has

35 2461 37 2466 ,
115 2487 285 2531 quoque
326 2475 476 2517 statim
517 2479 705 2532 apparet.
747 2475 941 2519 Secunda
984 2478 1099 2520 enim
1142 2477 1194 2519 ab
1237 2477 1303 2519 his
1345 2477 1486 2519 verbis
1527 2477 1716 2520 orditur:

117 2545 240 2598 „heri
282 2559 617 2589 commemorare
659 2546 976 2604 negleximus’',
1011 2553 1192 2604 utraque
1223 2562 1327 2605 ergo
1360 2548 1411 2590 ad
1444 2547 1614 2591 eosdem
1645 2549 1718 2592 ha-

116 2617 206 2661 bita
246 2622 328 2662 est.
353 2617 582 2670 auditores,
625 2622 668 2661 et
710 2622 850 2662 nescio
882 2633 934 2661 an
966 2620 1010 2661 in
1043 2619 1190 2662 eodem
1224 2619 1451 2662 auditorio.
1484 2619 1635 2676 Itaque
1667 2620 1718 2663 de

117 2689 257 2744 priore
283 2690 411 2732 otiosi
437 2703 582 2732 secum
612 2689 843 2733 deliberare
874 2690 943 2732 illi
975 2694 1222 2747 potuerunt,
1254 2692 1298 2732 in
1332 2692 1566 2733 crastinum
1599 2693 1717 2735 enim

117 2758 232 2802 diem
276 2758 408 2803 dilata
449 2764 540 2803 erat
582 2759 728 2803 altera.
774 2761 971 2804 Profecto
1015 2775 1100 2804 non
1143 2762 1225 2804 sibi
1269 2775 1398 2818 quam
1441 2761 1715 2806 levissimum

163 2937 200 2979 1)
232 2936 313 2969 Vide
343 2937 449 2970 locum
483 2937 674 2970 Philostrati
705 2938 743 2970 de
775 2938 876 2971 Dione
903 2937 1173 2982 nchrysostomo”‚
1198 2940 1230 2971 et
1255 2938 1330 2971 libri
1353 2938 1415 2971 mei
1443 2939 1499 2972 ‚de
1522 2941 1717 2976 Avondzon”

119 2991 182 3026 vol.
205 2991 234 3032 Ι,
257 3003 289 3036 Ρ.
313 2993 379 3026 884
391 3003 437 3036 sq.
461 2993 530 3035 (2⁸⁶
550 2993 623 3034 ed.).
