2002 3372
1083 215 1085 217 ’
1103 211 1188 256 186

351 335 568 378 hereditate
608 335 751 390 potius
795 333 1070 391 cogitandum
1111 348 1279 379 censeo:
1328 334 1445 392 plani
1485 336 1560 378 isti
1599 338 1674 379 aut
1715 335 1929 394 fingebant

350 406 516 449 oracula
547 407 630 462 ipsi
662 408 736 448 aut
768 419 791 447 a
822 406 1067 461 parentibus
1098 410 1267 463 accepta
1299 407 1588 450 decantabant.

411 550 547 596 4071)
590 551 703 594 Olim
745 551 964 595 oraculum
1005 553 1302 597 tantummodo
1345 567 1370 597 a
1401 553 1650 597 civitatibus
1678 554 1930 612 magnisque

347 624 521 679 regibus
553 622 852 666 consulebatur

409 691 471 741 οὓς
506 695 622 736 οένιᾶν
655 693 721 735 καὶ
756 692 988 745 παροξύνειν
1022 695 1230 750 ἀπεχθείᾳ
1262 696 1401 738 πολλοὶ
1435 699 1511 737 τῶν
1543 694 1784 745 ἀβουλήτων
1811 694 1927 737 ἑκού-

348 780 467 810 οντας
500 765 569 806 οὐκ
596 765 820 806 ἐλυσιτέλει
849 770 931 811 τοῖς
961 765 1048 818 περὶ
1077 765 1121 807 τὸ
1149 766 1403 819 χρηστήριον.
1436 765 1552 819 (Ideo
1583 765 1759 811 obscuro
1786 764 1927 822 loque·

346 836 471 878 batur
501 835 692 892 Pythia).

404 906 526 949 Istud
570 907 778 961 εέπεχθεία
820 906 923 962 quid
965 907 1047 949 sibi
1088 905 1216 951 vult?
1258 907 1408 951 Deleto
1439 907 1550 951 nihil
1580 906 1926 951 desiderabimus.

345 976 414 1020 An
447 978 553 1020 forte
585 979 794 1032 σαφηνείᾳ
824 976 1083 1034 legendum?

405 1111 539 1156 4080
583 1113 659 1164 „In
701 1114 778 1156 hac
810 1127 910 1170 pace
944 1113 1150 1165 Romana,
1184 1128 1266 1170 qua
1297 1114 1482 1157 fruimur
1513 1113 1684 1157 omnee”
1717 1112 1834 1157 Theo
1864 1114 1925 1156 ait

350 1186 510 1237 „etiam
554 1185 751 1228 civitates
793 1199 875 1227 non
916 1185 1004 1227 iam
1036 1188 1086 1227 ut
1118 1189 1242 1228 antea
1273 1184 1324 1228 de
1356 1183 1477 1228 bellis
1509 1185 1581 1229 sed
1612 1184 1664 1228 de
1693 1183 1926 1228 levioribus

346 1255 568 1299 oraculum
600 1255 828 1298 consulunt
859 1257 997 1299 rebus,
1029 1256 1144 1313 Ergo
1176 1271 1286 1300 nune
1317 1256 1544 1313 magnifica
1573 1257 1640 1299 uti
1669 1257 1856 1300 oratione

402 1326 516 1380 ἔργον
545 1328 628 1369 ἐστι
647 1328 869 1380 φιλοτίμου
886 1331 1081 1380 σοφιστοῦ
1099 1327 1424 1381 καλλωπίζοντος
1444 1328 1510 1369 ἐπὶ
1529 1327 1623 1380 δόξῃ
1638 1325 1920 1379 χρηστήριον.”

403 1397 617 1441 Ultimum
658 1397 916 1442 vocabulum
957 1397 1099 1441 abesse
1140 1397 1315 1451 malim3
1359 1401 1477 1451 certe*
1511 1396 1717 1441 articulus
1757 1401 1821 1440 est
1851 1396 1921 1440 ad-

346 1468 518 1512 dendus.

402 1615 538 1658 408Ε
570 1613 672 1657 ὥστε
706 1615 825 1657 ταυτὶ
861 1616 935 1665 μὲν
966 1616 1022 1657 τὰ
1055 1616 1409 1668 προγεγραμμένα
1443 1615 1526 1659 κτὲ.

399 1687 482 1730 Pro
508 1685 610 1728 ὥστε
628 1688 859 1743 requiritur
875 1684 967 1729 εἶτα
984 1686 1121 1730 aliave
1137 1688 1374 1730 coniunctio
1399 1688 1445 1729 in
1462 1685 1636 1730 eandem
1653 1687 1918 1729 sententiam.

335 1758 483 1802 Novus
510 1759 625 1801 enim
655 1758 883 1801 hominum
914 1772 1030 1801 error
1060 1760 1380 1815 perstringitur,
1408 1758 1673 1815 praecedenti
1698 1760 1918 1814 cognatus.

394 1902 528 1946 40815Ἰ
570 1902 699 1946 Recta
739 1903 849 1947 linea
893 1905 1166 1956 brevissima;
1210 1904 1305 1947 ideo
1349 1906 1371 1954 ἦ
1416 1910 1488 1954 τῆς
1521 1903 1673 1951 Πυθίας
1705 1902 1918 1949 διάλεκτος

334 1988 418 2016 non
450 1974 702 2031 ambagibus
734 1989 811 2018 usa
843 1974 914 2018 sed
948 1976 1080 2018 εὐθεῖα
1114 1975 1208 2028 πρὸς
1243 1976 1313 2024 τὴν
1346 1976 1542 2024 ἀληθειαν
1572 1971 1672 2018 οὖσα
1700 1987 1916 2030 nunquam

335 2044 432 2087 falsi
463 2049 526 2087 est
556 2047 761 2088 convicta.
1525 2046 1529 2050 ’

397 2114 536 2158 Immo
568 2116 698 2158 ἰοῦσα.

397 2250 531 2295 4090
564 2251 771 2303 „Strenue
803 2251 1003 2308 quidem''
1036 2251 1151 2294 Theo
1184 2253 1245 2294 ait
1277 2265 1404 2303 „cum
1436 2250 1551 2294 fideli
1580 2251 1773 2294 adiutore
1798 2250 1918 2305 (Plu—

335 2323 495 2376 tarcho)
529 2336 700 2379 operam
732 2322 829 2366 dedi
861 2328 910 2365 ut
942 2322 1108 2366 oraculo
1139 2324 1346 2379 pristinus
1376 2322 1621 2366 redderetur
1650 2320 1875 2378 splendor'’

396 2395 493 2437 ἀλλ’
536 2395 606 2436 οὐκ
648 2393 756 2436 ἔστιν
788 2393 924 2441 ἄλλως
958 2393 1018 2436 ὅτι
1050 2393 1302 2443 τηλικαύτην
1335 2394 1403 2436 καὶ
1437 2393 1640 2442 τοσαύτην
1671 2391 1914 2443 μεταβολὴν

333 2465 372 2506 ἐν
417 2463 541 2518 ὀλίγῳ
585 2465 716 2517 χρόνῳ
759 2464 948 2515 γενέσθαι
990 2465 1039 2506 δι’
1084 2464 1327 2517 ἀνθρωπίνης
1373 2463 1614 2514 ἐπιμελείας
1658 2465 1749 2506 sine
1779 2463 1914 2520 ipsius

336 2535 402 2577 dei
435 2549 572 2591 opera.

394 2606 530 2648 Locus
561 2619 682 2662 saepe
717 2609 904 2649 tent-atus
936 2605 1074 2648 deleto
1109 2602 1169 2647 ὅτι
1201 2606 1514 2662 pereanabitur;
1549 2605 1652 2648 bene
1675 2606 1916 2661 iunguntur

334 2676 470 2724 ἄλλως
500 2677 547 2719 δι’
576 2677 817 2729 ἀνθρωπίνης
847 2677 1111 2728 ἐπιμελείαςε
1141 2678 1201 2719 sic
1225 2681 1396 2729 temere,
1415 2675 1504 2720 solo
1520 2677 1743 2719 hominum
1759 2674 1912 2719 labore.
