<?xml version="1.0" encoding="UTF-8"?>
<!DOCTYPE html PUBLIC "-//W3C//DTD XHTML 1.0 Transitional//EN"
    "http://www.w3.org/TR/xhtml1/DTD/xhtml1-transitional.dtd">
<html xmlns="http://www.w3.org/1999/xhtml" xml:lang="en" lang="en">
 <head>
  <title>
</title>
<meta http-equiv="Content-Type" content="text/html;charset=utf-8" />
  <meta name='ocr-system' content='tesseract 3.04.00' />
  <meta name='ocr-capabilities' content='ocr_page ocr_carea ocr_par ocr_line ocrx_word'/>
</head>
<body>
  <div class='ocr_page' id='page_1' title='image "./deplutarchoscrip00hartuoft_0254.png"; bbox 0 0 2002 3372; ppageno 0'>
   <div class='ocr_carea' id='block_1_1' title="bbox 1082 214 1171 257">
    <p class='ocr_par' dir='ltr' id='par_1_1' title="bbox 1082 214 1171 257">
     <span class='ocr_line' id='line_1_1' title="bbox 1082 214 1171 257; baseline 0.011 -1"><span class='ocrx_word' id='word_1_1' title='bbox 1082 214 1171 257; x_wconf 80' lang='lat'><strong>238</strong></span> 
     </span>
    </p>
   </div>
   <div class='ocr_carea' id='block_1_2' title="bbox 329 333 1916 814">
    <p class='ocr_par' dir='ltr' id='par_1_2' title="bbox 336 333 1914 461">
     <span class='ocr_line' id='line_1_2' title="bbox 398 333 1914 390; baseline 0.004 -13"><span class='ocrx_word' id='word_1_2' title='bbox 398 334 531 377; x_wconf 79' lang='lat' dir='ltr'>483ss</span> <span class='ocrx_word' id='word_1_3' title='bbox 571 334 763 384; x_wconf 81' lang='grc' dir='ltr'><em>γίγνεται</em></span> <span class='ocrx_word' id='word_1_4' title='bbox 807 333 846 374; x_wconf 83' lang='grc' dir='ltr'><strong>δὲ</strong></span> <span class='ocrx_word' id='word_1_5' title='bbox 881 333 1103 385; x_wconf 75' lang='grc' dir='ltr'><em>κατήγορος</em></span> <span class='ocrx_word' id='word_1_6' title='bbox 1138 335 1321 388; x_wconf 66' lang='grc' dir='ltr'><em>ἀδελφοῦ</em></span> <span class='ocrx_word' id='word_1_7' title='bbox 1357 337 1629 388; x_wconf 72' lang='grc' dir='ltr'><strong>σφοδρότατος</strong></span> <span class='ocrx_word' id='word_1_8' title='bbox 1663 339 1756 390; x_wconf 78' lang='grc' dir='ltr'><em>πρὸς</em></span> <span class='ocrx_word' id='word_1_9' title='bbox 1790 340 1914 384; x_wconf 80' lang='grc' dir='ltr'><em>αὐτὸν</em></span> 
     </span>
     <span class='ocr_line' id='line_1_3' title="bbox 336 404 1913 461; baseline 0.004 -14"><span class='ocrx_word' id='word_1_10' title='bbox 336 406 355 447; x_wconf 84' lang='grc' dir='ltr'>ὅ</span> <span class='ocrx_word' id='word_1_11' title='bbox 398 404 696 458; x_wconf 77' lang='grc' dir='ltr'><em>προθυμότατος</em></span> <span class='ocrx_word' id='word_1_12' title='bbox 731 404 826 455; x_wconf 83' lang='grc' dir='ltr'><em>ὑπὲρ</em></span> <span class='ocrx_word' id='word_1_13' title='bbox 861 406 985 446; x_wconf 80' lang='grc' dir='ltr'><em>αὐτοῦ</em></span> <span class='ocrx_word' id='word_1_14' title='bbox 1020 406 1232 458; x_wconf 73' lang='grc' dir='ltr'><em>συνήγορος</em></span> <span class='ocrx_word' id='word_1_15' title='bbox 1268 409 1361 459; x_wconf 89' lang='grc' dir='ltr'><em>πρὸς</em></span> <span class='ocrx_word' id='word_1_16' title='bbox 1395 407 1488 455; x_wconf 85' lang='grc' dir='ltr'><em>τοὺς</em></span> <span class='ocrx_word' id='word_1_17' title='bbox 1521 414 1653 459; x_wconf 88' lang='grc' dir='ltr'><em>γονεῖς</em></span> <span class='ocrx_word' id='word_1_18' title='bbox 1683 409 1913 461; x_wconf 70' lang='grc' dir='ltr'><em>γενόμενος.</em></span> 
     </span>
    </p>

    <p class='ocr_par' dir='ltr' id='par_1_3' title="bbox 329 474 1916 814">
     <span class='ocr_line' id='line_1_4' title="bbox 395 474 1913 535; baseline 0.005 -17"><span class='ocrx_word' id='word_1_19' title='bbox 395 476 531 528; x_wconf 81' lang='lat' dir='ltr'><strong>Quam</strong></span> <span class='ocrx_word' id='word_1_20' title='bbox 562 474 765 531; x_wconf 81' lang='lat' dir='ltr'><strong>languida</strong></span> <span class='ocrx_word' id='word_1_21' title='bbox 797 475 898 518; x_wconf 80' lang='lat' dir='ltr'><strong>haec</strong></span> <span class='ocrx_word' id='word_1_22' title='bbox 930 479 972 518; x_wconf 80' lang='lat' dir='ltr'><strong>et</strong></span> <span class='ocrx_word' id='word_1_23' title='bbox 1005 479 1172 519; x_wconf 80' lang='lat' dir='ltr'><strong>tantum</strong></span> <span class='ocrx_word' id='word_1_24' title='bbox 1200 491 1282 520; x_wconf 87' lang='lat' dir='ltr'><strong>non</strong></span> <span class='ocrx_word' id='word_1_25' title='bbox 1315 479 1491 520; x_wconf 80' lang='lat' dir='ltr'><strong>vitiosa:</strong></span> <span class='ocrx_word' id='word_1_26' title='bbox 1525 493 1608 535; x_wconf 91' lang='lat' dir='ltr'><strong>quo</strong></span> <span class='ocrx_word' id='word_1_27' title='bbox 1641 482 1756 524; x_wconf 89' lang='lat' dir='ltr'><strong>enim</strong></span> <span class='ocrx_word' id='word_1_28' title='bbox 1787 481 1913 525; x_wconf 89' lang='lat' dir='ltr'><strong>modo</strong></span> 
     </span>
     <span class='ocr_line' id='line_1_5' title="bbox 333 545 1914 605; baseline 0.004 -16"><span class='ocrx_word' id='word_1_29' title='bbox 333 547 448 589; x_wconf 83' lang='lat' dir='ltr'><strong>istud</strong></span> <span class='ocrx_word' id='word_1_30' title='bbox 481 547 573 597; x_wconf 81' lang='grc' dir='ltr'><em>πρὸς</em></span> <span class='ocrx_word' id='word_1_31' title='bbox 608 545 732 588; x_wconf 80' lang='grc' dir='ltr'><em>αὐτόν</em></span> <span class='ocrx_word' id='word_1_32' title='bbox 764 560 861 588; x_wconf 87' lang='lat' dir='ltr'><strong>cum</strong></span> <span class='ocrx_word' id='word_1_33' title='bbox 895 548 1044 589; x_wconf 88' lang='lat' dir='ltr'><strong>ceteris</strong></span> <span class='ocrx_word' id='word_1_34' title='bbox 1074 546 1333 604; x_wconf 83' lang='lat' dir='ltr'><strong>iungamus?</strong></span> <span class='ocrx_word' id='word_1_35' title='bbox 1365 548 1444 592; x_wconf 82' lang='lat' dir='ltr'><strong>Sed</strong></span> <span class='ocrx_word' id='word_1_36' title='bbox 1472 563 1602 605; x_wconf 83' lang='lat' dir='ltr'><strong>quam</strong></span> <span class='ocrx_word' id='word_1_37' title='bbox 1625 550 1734 594; x_wconf 85' lang='lat' dir='ltr'><strong>fiunt</strong></span> <span class='ocrx_word' id='word_1_38' title='bbox 1758 551 1914 596; x_wconf 80' lang='lat' dir='ltr'><strong>diserta</strong></span> 
     </span>
     <span class='ocr_line' id='line_1_6' title="bbox 333 616 1916 680; baseline 0.005 -21"><span class='ocrx_word' id='word_1_39' title='bbox 333 619 369 659; x_wconf 82' lang='lat' dir='ltr'><strong>si</strong></span> <span class='ocrx_word' id='word_1_40' title='bbox 401 619 626 667; x_wconf 79' lang='grc' dir='ltr'><em>κατήγορος</em></span> <span class='ocrx_word' id='word_1_41' title='bbox 658 616 842 668; x_wconf 71' lang='grc' dir='ltr'><em>ἀδελφοῦ</em></span> <span class='ocrx_word' id='word_1_42' title='bbox 869 616 1055 660; x_wconf 90' lang='lat' dir='ltr'><strong>deletur:</strong></span> <span class='ocrx_word' id='word_1_43' title='bbox 1085 632 1168 674; x_wconf 90' lang='lat' dir='ltr'><strong>quo</strong></span> <span class='ocrx_word' id='word_1_44' title='bbox 1195 620 1290 675; x_wconf 91' lang='lat' dir='ltr'><strong>quis</strong></span> <span class='ocrx_word' id='word_1_45' title='bbox 1315 622 1455 677; x_wconf 82' lang='lat' dir='ltr'><strong>magis</strong></span> <span class='ocrx_word' id='word_1_46' title='bbox 1481 634 1524 663; x_wconf 89' lang='lat' dir='ltr'><strong>se</strong></span> <span class='ocrx_word' id='word_1_47' title='bbox 1551 625 1774 666; x_wconf 87' lang='lat' dir='ltr'><strong>strenuum</strong></span> <span class='ocrx_word' id='word_1_48' title='bbox 1799 637 1916 680; x_wconf 76' lang='lat' dir='ltr'><strong>prae-</strong></span> 
     </span>
     <span class='ocr_line' id='line_1_7' title="bbox 332 687 1910 747; baseline 0.004 -17"><span class='ocrx_word' id='word_1_49' title='bbox 332 688 426 730; x_wconf 90' lang='lat' dir='ltr'><strong>buit</strong></span> <span class='ocrx_word' id='word_1_50' title='bbox 457 689 499 729; x_wconf 88' lang='lat' dir='ltr'><strong>in</strong></span> <span class='ocrx_word' id='word_1_51' title='bbox 530 687 659 729; x_wconf 86' lang='lat' dir='ltr'><strong>fratre</strong></span> <span class='ocrx_word' id='word_1_52' title='bbox 690 687 802 744; x_wconf 87' lang='lat' dir='ltr'><strong>apud</strong></span> <span class='ocrx_word' id='word_1_53' title='bbox 832 692 1024 743; x_wconf 87' lang='lat' dir='ltr'><strong>parentes</strong></span> <span class='ocrx_word' id='word_1_54' title='bbox 1055 688 1323 741; x_wconf 87' lang='lat' dir='ltr'><strong>defendendo,</strong></span> <span class='ocrx_word' id='word_1_55' title='bbox 1358 704 1406 733; x_wconf 91' lang='lat' dir='ltr'><strong>eo</strong></span> <span class='ocrx_word' id='word_1_56' title='bbox 1433 695 1572 747; x_wconf 84' lang='lat' dir='ltr'><strong>potest</strong></span> <span class='ocrx_word' id='word_1_57' title='bbox 1599 706 1686 736; x_wconf 85' lang='lat' dir='ltr'><strong>esse</strong></span> <span class='ocrx_word' id='word_1_58' title='bbox 1713 692 1910 736; x_wconf 80' lang='lat' dir='ltr'><strong>adversus</strong></span> 
     </span>
     <span class='ocr_line' id='line_1_8' title="bbox 329 758 1013 814; baseline 0.001 -13"><span class='ocrx_word' id='word_1_59' title='bbox 329 760 472 814; x_wconf 88' lang='lat' dir='ltr'><strong>ipsum</strong></span> <span class='ocrx_word' id='word_1_60' title='bbox 503 758 677 800; x_wconf 85' lang='lat' dir='ltr'><strong>fratrem</strong></span> <span class='ocrx_word' id='word_1_61' title='bbox 712 758 1013 802; x_wconf 75' lang='lat' dir='ltr'><strong>vehementior·</strong></span> 
     </span>
    </p>
   </div>
   <div class='ocr_carea' id='block_1_3' title="bbox 324 902 1906 1456">
    <p class='ocr_par' dir='ltr' id='par_1_4' title="bbox 328 902 1906 1103">
     <span class='ocr_line' id='line_1_9' title="bbox 391 902 1905 960; baseline 0.004 -14"><span class='ocrx_word' id='word_1_62' title='bbox 391 902 523 947; x_wconf 75' lang='lat'>4830</span> <span class='ocrx_word' id='word_1_63' title='bbox 556 903 658 946; x_wconf 90' lang='lat' dir='ltr'><strong>Post</strong></span> <span class='ocrx_word' id='word_1_64' title='bbox 684 905 815 960; x_wconf 87' lang='lat' dir='ltr'><strong>patris</strong></span> <span class='ocrx_word' id='word_1_65' title='bbox 843 908 1024 947; x_wconf 89' lang='lat' dir='ltr'><strong>mortem</strong></span> <span class='ocrx_word' id='word_1_66' title='bbox 1051 909 1093 947; x_wconf 88' lang='lat' dir='ltr'><strong>et</strong></span> <span class='ocrx_word' id='word_1_67' title='bbox 1119 903 1214 947; x_wconf 86' lang='lat' dir='ltr'><strong>aliis</strong></span> <span class='ocrx_word' id='word_1_68' title='bbox 1241 906 1365 948; x_wconf 88' lang='lat' dir='ltr'><strong>rebus</strong></span> <span class='ocrx_word' id='word_1_69' title='bbox 1392 906 1704 951; x_wconf 81' lang='lat' dir='ltr'><strong>benevolentiae</strong></span> <span class='ocrx_word' id='word_1_70' title='bbox 1729 912 1905 952; x_wconf 73' lang='lat' dir='ltr'><strong>mutuae</strong></span> 
     </span>
     <span class='ocr_line' id='line_1_10' title="bbox 329 974 1906 1032; baseline 0.003 -15"><span class='ocrx_word' id='word_1_71' title='bbox 329 974 580 1018; x_wconf 84' lang='lat' dir='ltr'><strong>documenta</strong></span> <span class='ocrx_word' id='word_1_72' title='bbox 622 974 719 1017; x_wconf 83' lang='lat' dir='ltr'><strong>dare</strong></span> <span class='ocrx_word' id='word_1_73' title='bbox 761 977 928 1030; x_wconf 78' lang='lat' dir='ltr'><strong>oportet</strong></span> <span class='ocrx_word' id='word_1_74' title='bbox 962 975 1112 1018; x_wconf 84' lang='lat' dir='ltr'><strong>fratres</strong></span> <span class='ocrx_word' id='word_1_75' title='bbox 1143 979 1186 1018; x_wconf 86' lang='lat' dir='ltr'><strong>et</strong></span> <span class='ocrx_word' id='word_1_76' title='bbox 1218 975 1418 1027; x_wconf 73' lang='grc' dir='ltr'><em>διαβολὰς</em></span> <span class='ocrx_word' id='word_1_77' title='bbox 1453 978 1673 1030; x_wconf 80' lang='grc' dir='ltr'><em>ἑταίρων</em></span> <span class='ocrx_word' id='word_1_78' title='bbox 1705 979 1906 1032; x_wconf 80' lang='grc' dir='ltr'><em>ἑτέροις</em></span> 
     </span>
     <span class='ocr_line' id='line_1_11' title="bbox 328 1033 1155 1103; baseline 0.001 -17"><span class='ocrx_word' id='word_1_79' title='bbox 328 1045 473 1092; x_wconf 78' lang='grc' dir='ltr'><em>αὐτοὺς</em></span> <span class='ocrx_word' id='word_1_80' title='bbox 507 1044 804 1103; x_wconf 84' lang='grc' dir='ltr'><em>προσνεμόντων</em></span> <span class='ocrx_word' id='word_1_81' title='bbox 839 1033 1155 1094; x_wconf 69' lang='grc' dir='ltr'><em>ἀπωθουμένους.</em></span> 
     </span>
    </p>

    <p class='ocr_par' dir='ltr' id='par_1_5' title="bbox 324 1115 1905 1456">
     <span class='ocr_line' id='line_1_12' title="bbox 387 1115 1904 1178; baseline 0.004 -20"><span class='ocrx_word' id='word_1_82' title='bbox 387 1116 456 1159; x_wconf 88' lang='lat' dir='ltr'><strong>Sic</strong></span> <span class='ocrx_word' id='word_1_83' title='bbox 488 1116 523 1159; x_wconf 94' lang='lat' dir='ltr'>B</span> <span class='ocrx_word' id='word_1_84' title='bbox 556 1130 655 1158; x_wconf 92' lang='lat' dir='ltr'><strong>cum</strong></span> <span class='ocrx_word' id='word_1_85' title='bbox 686 1115 737 1158; x_wconf 84' lang='lat' dir='ltr'><strong>R.</strong></span> <span class='ocrx_word' id='word_1_86' title='bbox 770 1115 820 1158; x_wconf 93' lang='lat' dir='ltr'><strong>In</strong></span> <span class='ocrx_word' id='word_1_87' title='bbox 851 1116 1065 1159; x_wconf 81' lang='lat' dir='ltr'>codicibus</span> <span class='ocrx_word' id='word_1_88' title='bbox 1098 1121 1163 1160; x_wconf 85' lang='lat' dir='ltr'><strong>est</strong></span> <span class='ocrx_word' id='word_1_89' title='bbox 1195 1116 1312 1170; x_wconf 79' lang='grc' dir='ltr'><em>ἑτέρῳ</em></span> <span class='ocrx_word' id='word_1_90' title='bbox 1347 1119 1509 1170; x_wconf 80' lang='grc' dir='ltr'><em>αὐτούς,</em></span> <span class='ocrx_word' id='word_1_91' title='bbox 1541 1123 1638 1163; x_wconf 82' lang='lat' dir='ltr'><strong>ante</strong></span> <span class='ocrx_word' id='word_1_92' title='bbox 1670 1119 1736 1164; x_wconf 91' lang='lat' dir='ltr'><strong>W.</strong></span> <span class='ocrx_word' id='word_1_93' title='bbox 1769 1119 1904 1178; x_wconf 76' lang='lat' dir='ltr'><strong>vulgo</strong></span> 
     </span>
     <span class='ocr_line' id='line_1_13' title="bbox 326 1185 1905 1246; baseline 0.003 -17"><span class='ocrx_word' id='word_1_94' title='bbox 326 1185 528 1229; x_wconf 78' lang='lat' dir='ltr'>edebatur</span> <span class='ocrx_word' id='word_1_95' title='bbox 575 1186 711 1238; x_wconf 82' lang='grc' dir='ltr'><em>ἑτέρως</em></span> <span class='ocrx_word' id='word_1_96' title='bbox 762 1187 914 1234; x_wconf 76' lang='grc' dir='ltr'><em>αὐτοῖς.</em></span> <span class='ocrx_word' id='word_1_97' title='bbox 962 1187 1116 1230; x_wconf 86' lang='lat' dir='ltr'><strong>Parata</strong></span> <span class='ocrx_word' id='word_1_98' title='bbox 1157 1187 1418 1241; x_wconf 81' lang='lat' dir='ltr'><strong>emendati03</strong></span> <span class='ocrx_word' id='word_1_99' title='bbox 1459 1188 1629 1246; x_wconf 81' lang='lat' dir='ltr'><strong>legatur</strong></span> <span class='ocrx_word' id='word_1_100' title='bbox 1659 1193 1735 1233; x_wconf 82' lang='lat' dir='ltr'><strong>aut</strong></span> <span class='ocrx_word' id='word_1_101' title='bbox 1766 1191 1905 1244; x_wconf 75' lang='grc' dir='ltr'><em>ἐτέρων</em></span> 
     </span>
     <span class='ocr_line' id='line_1_14' title="bbox 327 1256 1903 1312; baseline 0.004 -14"><span class='ocrx_word' id='word_1_102' title='bbox 327 1257 467 1308; x_wconf 81' lang='grc' dir='ltr'><em>ἑτέροις</em></span> <span class='ocrx_word' id='word_1_103' title='bbox 497 1261 571 1299; x_wconf 81' lang='lat' dir='ltr'><strong>aut</strong></span> <span class='ocrx_word' id='word_1_104' title='bbox 598 1257 761 1310; x_wconf 81' lang='grc' dir='ltr'><em>ἑταίρων</em></span> <span class='ocrx_word' id='word_1_105' title='bbox 789 1256 926 1308; x_wconf 80' lang='grc' dir='ltr'><em>ἐτέρων</em></span> <span class='ocrx_word' id='word_1_106' title='bbox 954 1257 1112 1309; x_wconf 80' lang='grc' dir='ltr'><em>ἑτέροις.</em></span> <span class='ocrx_word' id='word_1_107' title='bbox 1139 1257 1335 1301; x_wconf 80' lang='lat' dir='ltr'><strong>Insidiosi</strong></span> <span class='ocrx_word' id='word_1_108' title='bbox 1359 1258 1427 1301; x_wconf 84' lang='lat' dir='ltr'><strong>illi</strong></span> <span class='ocrx_word' id='word_1_109' title='bbox 1453 1261 1642 1312; x_wconf 75' lang='lat' dir='ltr'><strong>comites,</strong></span> <span class='ocrx_word' id='word_1_110' title='bbox 1659 1266 1708 1304; x_wconf 80' lang='lat' dir='ltr'><strong>ut</strong></span> <span class='ocrx_word' id='word_1_111' title='bbox 1723 1261 1903 1305; x_wconf 72' lang='lat' dir='ltr'><strong>fratrum</strong></span> 
     </span>
     <span class='ocr_line' id='line_1_15' title="bbox 324 1327 1905 1388; baseline 0.004 -18"><span class='ocrx_word' id='word_1_112' title='bbox 324 1329 437 1370; x_wconf 84' lang='lat' dir='ltr'><strong>rixas</strong></span> <span class='ocrx_word' id='word_1_113' title='bbox 462 1331 702 1384; x_wconf 76' lang='lat' dir='ltr'><strong>provocent,</strong></span> <span class='ocrx_word' id='word_1_114' title='bbox 735 1342 780 1370; x_wconf 85' lang='lat' dir='ltr'><strong>se</strong></span> <span class='ocrx_word' id='word_1_115' title='bbox 812 1327 887 1370; x_wconf 85' lang='lat' dir='ltr'><strong>alii</strong></span> <span class='ocrx_word' id='word_1_116' title='bbox 914 1328 1014 1370; x_wconf 91' lang='lat' dir='ltr'><strong>huic</strong></span> <span class='ocrx_word' id='word_1_117' title='bbox 1041 1328 1115 1371; x_wconf 86' lang='lat' dir='ltr'><strong>alii</strong></span> <span class='ocrx_word' id='word_1_118' title='bbox 1139 1328 1206 1371; x_wconf 93' lang='lat' dir='ltr'><strong>illi</strong></span> <span class='ocrx_word' id='word_1_119' title='bbox 1234 1329 1487 1386; x_wconf 83' lang='lat' dir='ltr'><strong>adiungunt.</strong></span> <span class='ocrx_word' id='word_1_120' title='bbox 1517 1330 1599 1374; x_wconf 82' lang='lat' dir='ltr'><strong>Sed</strong></span> <span class='ocrx_word' id='word_1_121' title='bbox 1625 1332 1770 1388; x_wconf 84' lang='lat' dir='ltr'><strong>ipsum</strong></span> <span class='ocrx_word' id='word_1_122' title='bbox 1787 1347 1905 1377; x_wconf 82' lang='lat' dir='ltr'><strong>voca-</strong></span> 
     </span>
     <span class='ocr_line' id='line_1_16' title="bbox 324 1398 1814 1456; baseline 0.004 -15"><span class='ocrx_word' id='word_1_123' title='bbox 324 1398 477 1442; x_wconf 92' lang='lat' dir='ltr'><strong>bulum</strong></span> <span class='ocrx_word' id='word_1_124' title='bbox 508 1399 663 1442; x_wconf 76' lang='lat' dir='ltr'><strong>comites</strong></span> <span class='ocrx_word' id='word_1_125' title='bbox 694 1399 907 1453; x_wconf 77' lang='grc' dir='ltr'><em>(ἑταίρους)</em></span> <span class='ocrx_word' id='word_1_126' title='bbox 938 1399 1181 1456; x_wconf 83' lang='lat' dir='ltr'><strong>significans</strong></span> <span class='ocrx_word' id='word_1_127' title='bbox 1211 1401 1281 1443; x_wconf 91' lang='grc'><strong>1110</strong></span> <span class='ocrx_word' id='word_1_128' title='bbox 1311 1415 1397 1444; x_wconf 92' lang='lat' dir='ltr'><strong>non</strong></span> <span class='ocrx_word' id='word_1_129' title='bbox 1428 1406 1491 1444; x_wconf 90' lang='lat' dir='ltr'><strong>est</strong></span> <span class='ocrx_word' id='word_1_130' title='bbox 1521 1404 1814 1448; x_wconf 77' lang='lat' dir='ltr'><strong>necessarium.</strong></span> 
     </span>
    </p>
   </div>
   <div class='ocr_carea' id='block_1_4' title="bbox 319 1534 1901 2086">
    <p class='ocr_par' dir='ltr' id='par_1_6' title="bbox 322 1534 1899 1733">
     <span class='ocr_line' id='line_1_17' title="bbox 385 1534 1899 1592; baseline 0.003 -15"><span class='ocrx_word' id='word_1_131' title='bbox 385 1534 519 1577; x_wconf 81' lang='lat' dir='ltr'>483E</span> <span class='ocrx_word' id='word_1_132' title='bbox 562 1535 594 1577; x_wconf 83' lang='grc' dir='ltr'><em>οἱ</em></span> <span class='ocrx_word' id='word_1_133' title='bbox 637 1535 678 1577; x_wconf 78' lang='grc' dir='ltr'><strong>δὲ</strong></span> <span class='ocrx_word' id='word_1_134' title='bbox 720 1536 788 1577; x_wconf 78' lang='grc' dir='ltr'><strong>καὶ</strong></span> <span class='ocrx_word' id='word_1_135' title='bbox 833 1536 976 1582; x_wconf 79' lang='grc' dir='ltr'><strong><em>τίτθαις</em></strong></span> <span class='ocrx_word' id='word_1_136' title='bbox 1017 1536 1284 1583; x_wconf 69' lang='grc' dir='ltr'><em>ἀποσπῶντες</em></span> <span class='ocrx_word' id='word_1_137' title='bbox 1323 1538 1517 1586; x_wconf 71' lang='grc' dir='ltr'><em>ἀλλήλων</em></span> <span class='ocrx_word' id='word_1_138' title='bbox 1555 1537 1621 1580; x_wconf 76' lang='grc' dir='ltr'><strong>καὶ</strong></span> <span class='ocrx_word' id='word_1_139' title='bbox 1656 1538 1899 1592; x_wconf 76' lang='grc' dir='ltr'><em>συντρόφους</em></span> 
     </span>
     <span class='ocr_line' id='line_1_18' title="bbox 324 1605 1518 1658; baseline 0.003 -11"><span class='ocrx_word' id='word_1_140' title='bbox 324 1606 391 1647; x_wconf 76' lang='grc' dir='ltr'><strong>καὶ</strong></span> <span class='ocrx_word' id='word_1_141' title='bbox 427 1606 602 1655; x_wconf 77' lang='grc' dir='ltr'><em>συνήθεις</em></span> <span class='ocrx_word' id='word_1_142' title='bbox 638 1605 791 1652; x_wconf 83' lang='grc' dir='ltr'><em>παῖδας</em></span> <span class='ocrx_word' id='word_1_143' title='bbox 826 1606 1177 1657; x_wconf 71' lang='grc' dir='ltr'><em>ὑπερβαλλόμενοι</em></span> <span class='ocrx_word' id='word_1_144' title='bbox 1210 1613 1290 1654; x_wconf 84' lang='grc' dir='ltr'><em>τοῖς</em></span> <span class='ocrx_word' id='word_1_145' title='bbox 1327 1607 1518 1658; x_wconf 83' lang='grc' dir='ltr'><em>διωγμοῖς</em></span> 
     </span>
     <span class='ocr_line' id='line_1_19' title="bbox 322 1677 1495 1733; baseline 0.002 -14"><span class='ocrx_word' id='word_1_146' title='bbox 322 1691 412 1719; x_wconf 87' lang='grc'><strong>10111</strong></span> <span class='ocrx_word' id='word_1_147' title='bbox 445 1677 624 1719; x_wconf 85' lang='lat' dir='ltr'><strong>maximi</strong></span> <span class='ocrx_word' id='word_1_148' title='bbox 656 1678 794 1733; x_wconf 89' lang='lat' dir='ltr'><strong>pretii,</strong></span> <span class='ocrx_word' id='word_1_149' title='bbox 829 1677 1008 1719; x_wconf 85' lang='lat' dir='ltr'><strong>fratrum</strong></span> <span class='ocrx_word' id='word_1_150' title='bbox 1042 1691 1242 1728; x_wconf 89' lang='lat' dir='ltr'><strong>amorem,</strong></span> <span class='ocrx_word' id='word_1_151' title='bbox 1275 1680 1495 1721; x_wconf 87' lang='lat' dir='ltr'><strong>amittunt.</strong></span> 
     </span>
    </p>

    <p class='ocr_par' dir='ltr' id='par_1_7' title="bbox 319 1747 1901 2086">
     <span class='ocr_line' id='line_1_20' title="bbox 383 1747 1900 1805; baseline 0.003 -16"><span class='ocrx_word' id='word_1_152' title='bbox 383 1748 541 1804; x_wconf 84' lang='lat' dir='ltr'><strong>Agitur</strong></span> <span class='ocrx_word' id='word_1_153' title='bbox 583 1748 652 1790; x_wconf 89' lang='lat' dir='ltr'><strong>hic</strong></span> <span class='ocrx_word' id='word_1_154' title='bbox 695 1747 744 1790; x_wconf 90' lang='lat' dir='ltr'><strong>de</strong></span> <span class='ocrx_word' id='word_1_155' title='bbox 776 1747 991 1799; x_wconf 82' lang='lat' dir='ltr'><strong>fratribus,</strong></span> <span class='ocrx_word' id='word_1_156' title='bbox 1024 1752 1119 1804; x_wconf 87' lang='lat' dir='ltr'><strong>post</strong></span> <span class='ocrx_word' id='word_1_157' title='bbox 1149 1753 1332 1791; x_wconf 88' lang='lat' dir='ltr'><strong>mortem</strong></span> <span class='ocrx_word' id='word_1_158' title='bbox 1364 1751 1497 1805; x_wconf 81' lang='lat' dir='ltr'><strong>patris</strong></span> <span class='ocrx_word' id='word_1_159' title='bbox 1528 1749 1636 1792; x_wconf 81' lang='lat' dir='ltr'><strong>bona</strong></span> <span class='ocrx_word' id='word_1_160' title='bbox 1667 1751 1757 1792; x_wconf 87' lang='lat' dir='ltr'><strong>eius</strong></span> <span class='ocrx_word' id='word_1_161' title='bbox 1787 1751 1900 1794; x_wconf 86' lang='lat' dir='ltr'><strong>inter</strong></span> 
     </span>
     <span class='ocr_line' id='line_1_21' title="bbox 322 1817 1899 1877; baseline 0.003 -17"><span class='ocrx_word' id='word_1_162' title='bbox 322 1832 365 1860; x_wconf 87' lang='lat' dir='ltr'><strong>se</strong></span> <span class='ocrx_word' id='word_1_163' title='bbox 396 1818 695 1863; x_wconf 83' lang='lat' dir='ltr'><strong>dividentibus.</strong></span> <span class='ocrx_word' id='word_1_164' title='bbox 729 1817 945 1862; x_wconf 83' lang='lat' dir='ltr'><strong>Ultimum</strong></span> <span class='ocrx_word' id='word_1_165' title='bbox 972 1819 1227 1862; x_wconf 83' lang='lat' dir='ltr'><strong>vocabulum</strong></span> <span class='ocrx_word' id='word_1_166' title='bbox 1253 1819 1366 1862; x_wconf 81' lang='lat' dir='ltr'><strong>haud</strong></span> <span class='ocrx_word' id='word_1_167' title='bbox 1393 1819 1519 1864; x_wconf 90' lang='lat' dir='ltr'><strong>dubie</strong></span> <span class='ocrx_word' id='word_1_168' title='bbox 1545 1825 1792 1877; x_wconf 85' lang='lat' dir='ltr'><strong>corruptum</strong></span> <span class='ocrx_word' id='word_1_169' title='bbox 1818 1826 1899 1872; x_wconf 86' lang='lat' dir='ltr'><strong>est,</strong></span> 
     </span>
     <span class='ocr_line' id='line_1_22' title="bbox 320 1888 1896 1950; baseline 0.003 -19"><span class='ocrx_word' id='word_1_170' title='bbox 320 1903 395 1944; x_wconf 85' lang='lat' dir='ltr'><strong>pro</strong></span> <span class='ocrx_word' id='word_1_171' title='bbox 442 1903 524 1945; x_wconf 90' lang='lat' dir='ltr'><strong>quo</strong></span> <span class='ocrx_word' id='word_1_172' title='bbox 572 1889 684 1945; x_wconf 90' lang='lat' dir='ltr'><strong>quod</strong></span> <span class='ocrx_word' id='word_1_173' title='bbox 730 1888 844 1932; x_wconf 86' lang='lat' dir='ltr'><strong>dedit</strong></span> <span class='ocrx_word' id='word_1_174' title='bbox 890 1889 1115 1946; x_wconf 80' lang='lat' dir='ltr'><strong>Emporius</strong></span> <span class='ocrx_word' id='word_1_175' title='bbox 1163 1890 1445 1942; x_wconf 72' lang='grc' dir='ltr'><em>διαλογισμοῖς</em></span> <span class='ocrx_word' id='word_1_176' title='bbox 1493 1904 1645 1948; x_wconf 82' lang='lat' dir='ltr'><strong>parum</strong></span> <span class='ocrx_word' id='word_1_177' title='bbox 1685 1891 1896 1950; x_wconf 83' lang='lat' dir='ltr'><strong>intelligo,</strong></span> 
     </span>
     <span class='ocr_line' id='line_1_23' title="bbox 319 1955 1901 2018; baseline 0.003 -17"><span class='ocrx_word' id='word_1_178' title='bbox 319 1973 453 2015; x_wconf 91' lang='lat' dir='ltr'><strong>neque</strong></span> <span class='ocrx_word' id='word_1_179' title='bbox 486 1959 660 2002; x_wconf 79' lang='lat' dir='ltr'><strong>editoris</strong></span> <span class='ocrx_word' id='word_1_180' title='bbox 691 1959 879 2010; x_wconf 83' lang='grc' dir='ltr'><em>διωσμοῖς</em></span> <span class='ocrx_word' id='word_1_181' title='bbox 910 1960 1052 2016; x_wconf 90' lang='lat' dir='ltr'><strong>probo.</strong></span> <span class='ocrx_word' id='word_1_182' title='bbox 1085 1959 1334 2017; x_wconf 81' lang='lat' dir='ltr'><strong>Requiritur</strong></span> <span class='ocrx_word' id='word_1_183' title='bbox 1360 1960 1616 2005; x_wconf 84' lang='lat' dir='ltr'><strong>vocabulum</strong></span> <span class='ocrx_word' id='word_1_184' title='bbox 1644 1955 1755 2018; x_wconf 86' lang='lat' dir='ltr'><strong>quod</strong></span> <span class='ocrx_word' id='word_1_185' title='bbox 1784 1961 1901 2014; x_wconf 82' lang='lat' dir='ltr'><strong>„lici-</strong></span> 
     </span>
     <span class='ocr_line' id='line_1_24' title="bbox 319 2028 836 2086; baseline 0.004 -15"><span class='ocrx_word' id='word_1_186' title='bbox 319 2028 580 2073; x_wconf 84' lang='lat' dir='ltr'><strong>tationibus”</strong></span> <span class='ocrx_word' id='word_1_187' title='bbox 613 2029 836 2086; x_wconf 83' lang='lat' dir='ltr'><strong>significet.</strong></span> 
     </span>
    </p>
   </div>
   <div class='ocr_carea' id='block_1_5' title="bbox 318 2174 1894 2368">
    <p class='ocr_par' dir='ltr' id='par_1_8' title="bbox 318 2174 1894 2368">
     <span class='ocr_line' id='line_1_25' title="bbox 377 2174 1894 2231; baseline 0.003 -15"><span class='ocrx_word' id='word_1_188' title='bbox 377 2175 434 2216; x_wconf 88' lang='lat' dir='ltr'><strong>ib.</strong></span> <span class='ocrx_word' id='word_1_189' title='bbox 479 2175 599 2221; x_wconf 72' lang='grc' dir='ltr'><em>ἐνίους</em></span> <span class='ocrx_word' id='word_1_190' title='bbox 642 2174 681 2216; x_wconf 79' lang='grc' dir='ltr'><strong>δὲ</strong></span> <span class='ocrx_word' id='word_1_191' title='bbox 725 2174 793 2216; x_wconf 76' lang='grc' dir='ltr'><strong>καὶ</strong></span> <span class='ocrx_word' id='word_1_192' title='bbox 838 2175 1009 2226; x_wconf 68' lang='grc' dir='ltr'><em>ἀκερδῶς</em></span> <span class='ocrx_word' id='word_1_193' title='bbox 1053 2176 1304 2227; x_wconf 85' lang='grc' dir='ltr'><em>φιλονεικίας</em></span> <span class='ocrx_word' id='word_1_194' title='bbox 1347 2174 1464 2218; x_wconf 77' lang='grc' dir='ltr'><em>ἕνεκα</em></span> <span class='ocrx_word' id='word_1_195' title='bbox 1497 2177 1776 2231; x_wconf 75' lang='grc' dir='ltr'><em>χρησαμένους</em></span> <span class='ocrx_word' id='word_1_196' title='bbox 1811 2183 1894 2225; x_wconf 89' lang='grc' dir='ltr'><em>τοῖς</em></span> 
     </span>
     <span class='ocr_line' id='line_1_26' title="bbox 318 2243 1425 2299; baseline 0.003 -13"><span class='ocrx_word' id='word_1_197' title='bbox 318 2243 516 2298; x_wconf 74' lang='grc' dir='ltr'><em>πατρῴοις</em></span> <span class='ocrx_word' id='word_1_198' title='bbox 548 2245 656 2287; x_wconf 82' lang='grc' dir='ltr'><em>οὐδὲν</em></span> <span class='ocrx_word' id='word_1_199' title='bbox 689 2245 976 2296; x_wconf 84' lang='grc' dir='ltr'><em>ἐπιεικέστερον</em></span> <span class='ocrx_word' id='word_1_200' title='bbox 1009 2245 1031 2294; x_wconf 77' lang='grc' dir='ltr'>ἢ</span> <span class='ocrx_word' id='word_1_201' title='bbox 1064 2246 1262 2299; x_wconf 73' lang='grc' dir='ltr'><em>λαφύροις</em></span> <span class='ocrx_word' id='word_1_202' title='bbox 1293 2245 1425 2297; x_wconf 78' lang='grc' dir='ltr'><em>ἴσμεν.</em></span> 
     </span>
     <span class='ocr_line' id='line_1_27' title="bbox 378 2315 1034 2368; baseline 0.002 -10"><span class='ocrx_word' id='word_1_203' title='bbox 378 2315 464 2359; x_wconf 89' lang='lat' dir='ltr'><strong>Isto</strong></span> <span class='ocrx_word' id='word_1_204' title='bbox 496 2317 669 2368; x_wconf 72' lang='grc' dir='ltr'><em>ἀκερδῶς</em></span> <span class='ocrx_word' id='word_1_205' title='bbox 701 2330 839 2359; x_wconf 85' lang='lat' dir='ltr'><strong>carere</strong></span> <span class='ocrx_word' id='word_1_206' title='bbox 870 2316 1034 2360; x_wconf 82' lang='lat' dir='ltr'><strong>malim.</strong></span> 
     </span>
    </p>
   </div>
   <div class='ocr_carea' id='block_1_6' title="bbox 318 2449 1894 2793">
    <p class='ocr_par' dir='ltr' id='par_1_9' title="bbox 318 2449 1892 2647">
     <span class='ocr_line' id='line_1_28' title="bbox 379 2449 1890 2507; baseline 0.004 -14"><span class='ocrx_word' id='word_1_207' title='bbox 379 2450 512 2494; x_wconf 80' lang='lat' dir='ltr'>484ss</span> <span class='ocrx_word' id='word_1_208' title='bbox 555 2451 573 2493; x_wconf 78' lang='grc' dir='ltr'>ὅ</span> <span class='ocrx_word' id='word_1_209' title='bbox 601 2452 675 2501; x_wconf 81' lang='grc' dir='ltr'><em>μὲν</em></span> <span class='ocrx_word' id='word_1_210' title='bbox 704 2449 767 2494; x_wconf 82' lang='grc' dir='ltr'><em>οὖν</em></span> <span class='ocrx_word' id='word_1_211' title='bbox 796 2451 931 2494; x_wconf 80' lang='grc' dir='ltr'><em>Σόλων</em></span> <span class='ocrx_word' id='word_1_212' title='bbox 957 2453 1278 2503; x_wconf 66' lang='grc' dir='ltr'><em>ἀποφηνάμενος</em></span> <span class='ocrx_word' id='word_1_213' title='bbox 1308 2452 1395 2505; x_wconf 78' lang='grc' dir='ltr'><em>περὶ</em></span> <span class='ocrx_word' id='word_1_214' title='bbox 1427 2455 1651 2506; x_wconf 81' lang='grc' dir='ltr'><em>πολιτείας,</em></span> <span class='ocrx_word' id='word_1_215' title='bbox 1677 2457 1728 2502; x_wconf 78' lang='grc' dir='ltr'><em>ὡς</em></span> <span class='ocrx_word' id='word_1_216' title='bbox 1757 2455 1890 2507; x_wconf 78' lang='grc' dir='ltr'><em>ἰσότης</em></span> 
     </span>
     <span class='ocr_line' id='line_1_29' title="bbox 318 2521 1892 2580; baseline 0.003 -17"><span class='ocrx_word' id='word_1_217' title='bbox 318 2521 464 2564; x_wconf 67' lang='grc' dir='ltr'><em>στάσιν</em></span> <span class='ocrx_word' id='word_1_218' title='bbox 495 2523 536 2565; x_wconf 81' lang='grc' dir='ltr'><em>οὐ</em></span> <span class='ocrx_word' id='word_1_219' title='bbox 571 2527 688 2573; x_wconf 88' lang='grc' dir='ltr'><em>ποιεῖ,</em></span> <span class='ocrx_word' id='word_1_220' title='bbox 721 2524 814 2564; x_wconf 81' lang='grc' dir='ltr'><em>λίαν</em></span> <span class='ocrx_word' id='word_1_221' title='bbox 842 2522 970 2574; x_wconf 75' lang='grc' dir='ltr'><em>ἔδοξεν</em></span> <span class='ocrx_word' id='word_1_222' title='bbox 998 2522 1180 2575; x_wconf 80' lang='grc' dir='ltr'><em>ὀχλικός,</em></span> <span class='ocrx_word' id='word_1_223' title='bbox 1214 2524 1476 2575; x_wconf 70' lang='grc' dir='ltr'><em>ἀριθμητικὴν</em></span> <span class='ocrx_word' id='word_1_224' title='bbox 1502 2525 1570 2566; x_wconf 78' lang='grc' dir='ltr'><strong>καὶ</strong></span> <span class='ocrx_word' id='word_1_225' title='bbox 1598 2525 1892 2580; x_wconf 67' lang='grc' dir='ltr'><em>δημοκρατικὴν</em></span> 
     </span>
     <span class='ocr_line' id='line_1_30' title="bbox 318 2591 1533 2647; baseline 0.002 -14"><span class='ocrx_word' id='word_1_226' title='bbox 318 2591 549 2643; x_wconf 71' lang='grc' dir='ltr'><em>ἐπεισάγων</em></span> <span class='ocrx_word' id='word_1_227' title='bbox 582 2593 810 2643; x_wconf 78' lang='grc' dir='ltr'><em>οένοιλογιάν</em></span> <span class='ocrx_word' id='word_1_228' title='bbox 843 2593 932 2634; x_wconf 69' lang='grc' dir='ltr'><em>ἀντὶ</em></span> <span class='ocrx_word' id='word_1_229' title='bbox 968 2599 1038 2642; x_wconf 77' lang='grc' dir='ltr'><em>τῆς</em></span> <span class='ocrx_word' id='word_1_230' title='bbox 1074 2599 1203 2641; x_wconf 78' lang='grc' dir='ltr'><em>καλῆς</em></span> <span class='ocrx_word' id='word_1_231' title='bbox 1242 2600 1533 2647; x_wconf 71' lang='grc' dir='ltr'><em>γεωμετρικῆς.</em></span> 
     </span>
    </p>

    <p class='ocr_par' dir='ltr' id='par_1_10' title="bbox 318 2661 1894 2793">
     <span class='ocr_line' id='line_1_31' title="bbox 377 2661 1894 2720; baseline 0.005 -16"><span class='ocrx_word' id='word_1_232' title='bbox 377 2661 595 2705; x_wconf 84' lang='lat' dir='ltr'><strong>Sincerum</strong></span> <span class='ocrx_word' id='word_1_233' title='bbox 627 2665 818 2706; x_wconf 76' lang='lat' dir='ltr'><strong>restituit</strong></span> <span class='ocrx_word' id='word_1_234' title='bbox 850 2678 1086 2707; x_wconf 90' lang='lat' dir='ltr'><strong>sermonem</strong></span> <span class='ocrx_word' id='word_1_235' title='bbox 1111 2663 1464 2720; x_wconf 78' lang='lat' dir='ltr'><strong>wyttenbachius</strong></span> <span class='ocrx_word' id='word_1_236' title='bbox 1490 2665 1664 2719; x_wconf 78' lang='grc' dir='ltr'><em>ὀχλικῶς</em></span> <span class='ocrx_word' id='word_1_237' title='bbox 1692 2671 1734 2710; x_wconf 87' lang='grc'><strong>01</strong></span> <span class='ocrx_word' id='word_1_238' title='bbox 1762 2668 1894 2710; x_wconf 80' lang='grc' dir='ltr'><em>ἐπεισ-</em></span> 
     </span>
     <span class='ocr_line' id='line_1_32' title="bbox 318 2732 1892 2793; baseline 0.005 -19"><span class='ocrx_word' id='word_1_239' title='bbox 318 2732 436 2783; x_wconf 75' lang='grc' dir='ltr'><em>άγειν</em></span> <span class='ocrx_word' id='word_1_240' title='bbox 453 2733 644 2790; x_wconf 84' lang='lat' dir='ltr'><strong>legendo,</strong></span> <span class='ocrx_word' id='word_1_241' title='bbox 670 2748 796 2790; x_wconf 85' lang='lat' dir='ltr'><strong>quam</strong></span> <span class='ocrx_word' id='word_1_242' title='bbox 814 2734 1150 2777; x_wconf 85' lang='lat' dir='ltr'><strong>emendationem</strong></span> <span class='ocrx_word' id='word_1_243' title='bbox 1167 2734 1302 2778; x_wconf 85' lang='lat' dir='ltr'><strong>editor</strong></span> <span class='ocrx_word' id='word_1_244' title='bbox 1317 2749 1370 2778; x_wconf 88' lang='lat' dir='ltr'><strong>ne</strong></span> <span class='ocrx_word' id='word_1_245' title='bbox 1386 2741 1689 2780; x_wconf 84' lang='lat' dir='ltr'><strong>commemorat</strong></span> <span class='ocrx_word' id='word_1_246' title='bbox 1705 2737 1892 2793; x_wconf 86' lang='lat' dir='ltr'><strong>quidem.</strong></span> 
     </span>
    </p>
   </div>
   <div class='ocr_carea' id='block_1_7' title="bbox 316 2879 1890 3007">
    <p class='ocr_par' dir='ltr' id='par_1_11' title="bbox 316 2879 1890 3007">
     <span class='ocr_line' id='line_1_33' title="bbox 375 2879 1890 2933; baseline 0.005 -13"><span class='ocrx_word' id='word_1_247' title='bbox 375 2880 431 2920; x_wconf 89' lang='lat' dir='ltr'><strong>ib.</strong></span> <span class='ocrx_word' id='word_1_248' title='bbox 476 2879 558 2931; x_wconf 81' lang='lat' dir='ltr'><strong>Qui</strong></span> <span class='ocrx_word' id='word_1_249' title='bbox 591 2894 688 2923; x_wconf 87' lang='lat' dir='ltr'><strong>vero</strong></span> <span class='ocrx_word' id='word_1_250' title='bbox 715 2885 789 2922; x_wconf 80' lang='lat' dir='ltr'><strong>aut</strong></span> <span class='ocrx_word' id='word_1_251' title='bbox 818 2880 986 2923; x_wconf 88' lang='lat' dir='ltr'><strong>Platoni</strong></span> <span class='ocrx_word' id='word_1_252' title='bbox 1014 2881 1237 2924; x_wconf 86' lang='lat' dir='ltr'><strong>obsecutus</strong></span> <span class='ocrx_word' id='word_1_253' title='bbox 1267 2881 1468 2931; x_wconf 88' lang='lat' dir='ltr'><strong>„meum”</strong></span> <span class='ocrx_word' id='word_1_254' title='bbox 1495 2886 1536 2926; x_wconf 90' lang='lat' dir='ltr'><strong>et</strong></span> <span class='ocrx_word' id='word_1_255' title='bbox 1564 2884 1746 2933; x_wconf 86' lang='lat' dir='ltr'><strong>„tuum”</strong></span> <span class='ocrx_word' id='word_1_256' title='bbox 1774 2883 1890 2928; x_wconf 85' lang='lat' dir='ltr'><strong>tollit</strong></span> 
     </span>
     <span class='ocr_line' id='line_1_34' title="bbox 316 2949 1890 3007; baseline 0.004 -17"><span class='ocrx_word' id='word_1_257' title='bbox 316 2963 336 2990; x_wconf 91' lang='grc'><strong>0</strong></span> <span class='ocrx_word' id='word_1_258' title='bbox 379 2949 595 3004; x_wconf 87' lang='lat' dir='ltr'><strong>republica</strong></span> <span class='ocrx_word' id='word_1_259' title='bbox 636 2954 709 2992; x_wconf 83' lang='lat' dir='ltr'><strong>aut</strong></span> <span class='ocrx_word' id='word_1_260' title='bbox 741 2955 851 2993; x_wconf 88' lang='lat' dir='ltr'><strong>certe</strong></span> <span class='ocrx_word' id='word_1_261' title='bbox 884 2955 1028 2992; x_wconf 88' lang='lat' dir='ltr'><strong>monet</strong></span> <span class='ocrx_word' id='word_1_262' title='bbox 1061 2955 1108 2993; x_wconf 91' lang='lat' dir='ltr'><strong>ut</strong></span> <span class='ocrx_word' id='word_1_263' title='bbox 1143 2951 1330 3007; x_wconf 83' lang='lat' dir='ltr'><strong>„aequo”</strong></span> <span class='ocrx_word' id='word_1_264' title='bbox 1364 2952 1555 2996; x_wconf 91' lang='lat' dir='ltr'><strong>homines</strong></span> <span class='ocrx_word' id='word_1_265' title='bbox 1587 2955 1671 2996; x_wconf 91' lang='lat' dir='ltr'><strong>sint</strong></span> <span class='ocrx_word' id='word_1_266' title='bbox 1703 2957 1890 2998; x_wconf 88' lang='lat' dir='ltr'><strong>contenti</strong></span> 
     </span>
    </p>
   </div>
  </div>
 </body>
</html>
