2002 3372
1082 216 1166 259 134

331 341 514 396 quadam
556 341 618 383 rei
660 353 800 382 sacrae
840 342 960 394 parte
1003 338 1194 381 adhiberi
1236 337 1394 381 solitas.
1437 336 1779 381 Consentaneum
1795 342 1912 394 'ergo

334 416 398 454 est
430 412 480 454 de
512 411 714 453 Romanis
746 414 969 465 tamquam
1001 409 1052 452 de
1082 409 1329 452 hominibus
1360 409 1429 451 hic
1460 409 1532 464 agi
1562 408 1636 464 qui
1662 408 1914 465 ascriptore

334 482 591 537 lecturisque
622 481 749 537 longe
781 481 866 522 sint
897 481 1073 522 remoti:

397 551 535 595 266Α
578 551 644 593 δια
688 551 730 592 τί
761 551 876 602 παρα
909 550 1106 601 γαμβροῦ
1140 549 1207 591 καὶ
1241 550 1357 602 παρὰ
1390 550 1574 600 πενθεροῦ
1607 547 1758 599 λαβεῖν
1791 547 1924 591 hul-

339 637 442 667 νοις
476 621 703 663 κεκώλυται
735 620 876 673 δῶρον;

400 690 533 735 2’761ῑὶ
577 690 600 733 δ’
628 691 817 742 λέγουσιν
851 689 977 733 ἔνιοι
1015 690 1298 740 Ῥωμαίων.

400 763 547 818 Neque
579 763 739 804 mirum
771 762 958 817 insignia
989 761 1086 804 dare
1118 762 1371 817 scriptorem
1403 760 1655 804 documenta
1688 791 1697 803 .
1717 792 1727 803 .
1747 792 1759 804 .
1788 773 1917 817 quam

340 834 397 875 sit
440 833 730 875 Romanorum
770 832 955 874 sermonis
994 833 1236 888 imperitus.
1274 830 1405 887 Saepe
1446 832 1492 873 in
1531 832 1586 873 iis
1622 843 1730 887 quae
1765 829 1818 874 de
1847 829 1924 874 illo

341 904 470 946 tradit
511 902 689 946 ridicule
730 906 901 954 erravit,
944 904 1083 945 nescio
1125 906 1267 945 tamen
1306 916 1359 944 an
1389 903 1436 944 in
1467 900 1586 944 nullo
1616 900 1727 944 libro
1757 902 1924 958 saepius

341 975 613 1030 apertiusque
646 987 773 1030 quam
804 975 848 1016 in
880 973 994 1015 hisce
1027 972 1215 1015 Romanis
1241 972 1568 1028 quaestionibus.
1602 970 1765 1015 Notum
1790 975 1855 1015 661
1880 975 1924 1015 61

341 1045 611 1087 decantatum
653 1044 764 1086 illud
807 1044 918 1094 ,,σι’νε
962 1043 1138 1095 παπ-μί’
1182 1041 1257 1085 οἷον
1289 1041 1385 1085 ἄνευ
1417 1041 1586 1094 πατρός,
1617 1055 1754 1098 neque
1783 1041 1924 1086 11111116

341 1118 529 1171 praestat
571 1114 682 1170 quod
721 1114 884 1171 legitur
916 1114 1077 1157 280A:
1122 1114 1167 1157 τὸ
1211 1114 1251 1156 δὲ
1293 1113 1501 1163 δεσμεύειν
1548 1112 1811 1164 „damnine”
1857 1113 1924 1156 λέ-

342 1201 482 1236 γουσιν
530 1187 563 1227 οἱ
601 1185 745 1227 πολλοὶ
779 1186 1001 1236 Ῥωμαίων,
1044 1185 1078 1227 οἱ
1110 1185 1151 1226 δὲ
1185 1185 1471 1237 καθαρεύοντες
1504 1185 1543 1226 ἔν
1574 1185 1629 1237 τῷ
1659 1183 1925 1235 διαλέγεσθαι
2000 1182 2002 1184 ’

345 1256 567 1307 ,,λιγᾶρε”.
626 1255 763 1308 Quam
812 1255 1001 1299 suariter
1048 1256 1239 1298 risissent
1279 1253 1426 1298 Cicero
1467 1253 1679 1310 Varroque
1720 1255 1758 1296 si
1797 1267 1925 1310 quem

343 1326 604 1370 audivissent
637 1326 857 1369 docentem
893 1326 1133 1383 elegantius
1164 1326 1293 1381 liqare
1325 1340 1452 1381 quam
1483 1325 1656 1378 alciqare
1685 1322 1791 1368 (11611
1822 1323 1926 1368 Gra-

343 1399 439 1440 vior
471 1401 611 1439 tamen
646 1411 763 1440 error
790 1397 901 1453 quod
927 1397 1032 1450 (269
1047 1397 1101 1450 D)
1131 1397 1338 1449 „unzo‘cps”
1366 1397 1412 1439 τὸ
1439 1395 1728 1438 λανθάνειν
1754 1394 1923 1439 dicitur.

345 1466 437 1510 Hoc
481 1481 582 1510 vero
629 1469 937 1523 gravissimum
984 1468 1095 1524 quod
1142 1468 1263 1510 nobis
1309 1482 1348 1523 p.
1396 1466 1481 1509 281
1511 1466 1647 1509 DEF
1686 1466 1924 1519 exhibetur,

344 1538 538 1594 quodque
580 1542 722 1581 tamen
753 1553 977 1594 nusquam,
1012 1540 1086 1581 ubi
1119 1539 1169 1581 (16
1200 1538 1422 1580 Plutarchi
1452 1537 1606 1580 studiis
1636 1536 1802 1580 Latinis
1832 1550 1928 1594 age-

341 1612 471 1659 retur,
519 1622 588 1650 me
634 1608 775 1665 legere
821 1611 1012 1651 memini.
1062 1608 1219 1651 Totum
1262 1622 1556 1665 percurramus
1598 1607 1757 1651 locum.
1801 1608 1923 1652 Hanc

343 1680 633 1735 quaestionem
665 1681 885 1735 proponit.

404 1749 470 1791 διὰ
502 1750 544 1791 τί
569 1752 715 1802 μικρᾶς
745 1751 892 1802 Τύχης
921 1749 1019 1802 ἱερὸν
1047 1749 1234 1802 ἱδρύσατο
1266 1749 1420 1803 Σέρειος
1450 1750 1648 1797 Τούὶλιος
1675 1749 1694 1792 ὅ
1719 1749 1921 1802 βασιλεὺς

343 1835 388 1863 νιν
422 1820 642 1871 ,,βρέβεμ”
676 1823 871 1873 καλοῦσι;

401 1891 471 1941 Α1,
504 1905 527 1932 6
561 1891 679 1941 116116,
714 1892 840 1941 μικροὶ
874 1890 998 1943 Τύχη
1033 1891 1182 1934 Latine
1215 1906 1298 1934 non
1331 1891 1460 1934 brevis
1488 1891 1560 1934 sed
1579 1906 1712 1946 parva
1737 1891 1924 1935 Fortuna

342 1961 562 2003 diceretur.
605 1961 718 2004 Hinc
759 1961 857 2004 illae
899 1962 1095 2005 lacrimae
1138 1976 1245 2018 quae
1287 1964 1373 2005 iam
1417 1966 1668 2019 sequuntur.
1707 1961 1776 2005 Sic
1805 1964 1922 2006 enim

340 2033 425 2075 fere
472 2032 661 2088 disputat
706 2032 982 2089 philosophus
1027 2037 1077 2076 ut
1124 2033 1269 2076 doceat
1316 2033 1515 2077 Servium
1562 2033 1777 2085 Tullium,
1822 2047 1921 2076 cum

339 2102 618 2146 intellexisset
649 2106 693 2145 in
724 2104 898 2145 omnibus
930 2105 1055 2147 rebus
1087 2117 1289 2160 magnam
1322 2118 1410 2147 6666
1442 2104 1654 2147 Fortunae
1682 2105 1786 2155 vim,
1814 2102 1925 2146 mul-

341 2179 405 2216 tas
451 2176 710 2231 excogitasse
763 2174 991 2225 Fortunas,
1046 2188 1149 2230 quas
1200 2176 1351 2227 variis,
1411 2177 1550 2231 iisque
1602 2187 1921 2230 nonnumquam

341 2246 443 2287 satis
483 2247 647 2296 iocosis,
690 2247 859 2288 ornavit
898 2246 1156 2288 nominibus.
1201 2245 1312 2287 Tum
1345 2247 1404 2288 616
1435 2245 1767 2302 (116111116116116111
1798 2243 1918 2288 illam

341 2315 522 2357 claudit:

402 2383 472 2438 ὅρα
514 2386 560 2434 δὴ
602 2387 660 2436 μὴ
702 2387 952 2436 καταμαθὼν
994 2387 1039 2429 τὸ
1082 2386 1197 2437 παρὰ
1239 2385 1376 2439 μικρὸν
1416 2385 1480 2428 oie}
1513 2391 1587 2435 τῆς
1617 2385 1768 2439 Τύχης
1798 2386 1915 2437 μέγα

339 2458 557 2507 δυνάμενον
599 2458 667 2499 καὶ
710 2456 770 2499 ὅτι
812 2459 866 2508 τῷ
910 2456 1099 2507 γενέσθαι
1141 2473 1178 2498 τι
1212 2458 1349 2508 μικρὸν
1383 2456 1404 2505 ἢ
1438 2457 1495 2507 μὴ
1528 2452 1715 2508 γενέσθαι
1746 2472 1787 2500 τι
1817 2456 1917 2499 πολ-

337 2529 457 2575 λάκις
502 2527 673 2578 ὑπῆρξεν
715 2527 826 2573 ἐνίοις
869 2533 1013 2579 τυχεῖν
1059 2526 1080 2575 ἢ
1123 2527 1362 2578 διαμαρτεῖν
1404 2532 1480 2569 τῶν
1515 2527 1736 2579 μεγίστων,
1769 2529 1918 2579 μικρᾶς

337 2599 484 2652 Τύχης
525 2600 623 2651 ἱερὸν
670 2598 873 2649 ἱδρύσατο,
914 2597 1129 2650 προσέχειν
1164 2597 1360 2639 διδάσκων
1392 2602 1475 2644 τοῖς
1507 2597 1730 2650 πράγμασι
1759 2597 1827 2639 καὶ
1860 2598 1918 2648 μὴ

336 2674 609 2720 καταφρονεῖν
640 2669 707 2710 διὰ
741 2669 967 2720 μικρότητα
998 2673 1074 2710 τῶν
1110 2668 1458 2720 ἐντυγχανόντων.

395 2739 514 2782 Unde
557 2740 746 2795 primum
788 2743 984 2795 apertum
1019 2740 1176 2781 vitium
1207 2742 1270 2781 est
1301 2738 1564 2781 tollendum:
1606 2737 1698 2780 dele
1729 2737 1914 2782 alterum

333 2809 449 2851 istud
476 2826 514 2851 τι
542 2814 591 2851 ut
620 2810 843 2852 verborum
871 2810 926 2862 τῷ
953 2809 1140 2860 γενέσθαι
1170 2840 1179 2851 .
1200 2840 1210 2851 .
1231 2841 1240 2851 .
1269 2810 1345 2851 τῶν
1372 2807 1581 2859 μεγίστων
1610 2808 1714 2850 11666
1740 2809 1798 2850 611
1823 2821 1916 2851 6611-

334 2881 483 2922 tentia:
529 2878 707 2930 „multis
743 2880 896 2922 accidit
935 2883 985 2921 ut
1015 2880 1225 2921 maximas
1257 2893 1322 2921 res
1354 2882 1428 2921 aut
1459 2879 1697 2921 obtinerent
1727 2881 1803 2921 aut
1832 2893 1916 2922 non

332 2950 569 2993 obtinerent
599 2953 725 3006 prout
755 2964 882 3006 parva
915 2949 1057 3006 aliqua
1088 2954 1162 2992 aut
1194 2949 1414 2993 accidisset
1439 2952 1513 2991 aut
1539 2963 1623 2991 non
1650 2947 1911 2992 accidisset.''
