2002 3372
1076 231 1163 275 258

386 355 516 398 Nulla
548 358 610 396 est
641 355 685 395 in
719 352 923 396 vocabulo
956 353 1147 405 εὐτροπία
1182 353 1427 396 calliditatis
1460 357 1503 396 et
1534 356 1745 398 versutiae
1775 356 1908 406 notio,

296 440 298 442 ·
326 427 466 469 virtus
499 439 546 468 ea
578 428 641 467 est
672 425 816 480 potius
848 437 977 480 quam
1009 425 1181 467 vitium.
1214 425 1352 468 Probe
1384 425 1462 467 1100
1488 426 1618 468 sensit
1643 424 1842 469 Reiskius
1868 429 1911 468 et

327 497 572 548 εὐστροφίαν
604 495 837 551 proposuit.
871 495 1104 538 Provocare
1135 495 1203 538 1110
1233 499 1398 552 poterat
1430 499 1473 538 et
1503 496 1555 538 ad
1587 495 1694 539 alios
1719 501 1910 540 auctores

327 571 369 609 et
411 567 462 608 ad
505 566 856 621 Aristophanem:
892 567 936 607 in
968 570 1156 609 mentem
1188 567 1301 609 enim
1331 568 1449 610 venit
1482 566 1674 610 Carionis
1703 568 1748 610 in
1780 566 1910 610 Pluto

325 638 503 680 iocantis
536 637 611 679 ubi
645 636 878 690 Στροφαίου
910 651 1064 679 nomen
1097 637 1229 680 audit.

389 781 522 824 500ss
556 781 753 838 Corporis
781 782 949 825 morbos
975 785 1018 824 et
1044 782 1151 825 aliae
1167 797 1244 826 res
1271 783 1460 826 indicant
1486 787 1529 826 et
1555 782 1662 826 πόνοι
1679 788 1908 836 προπετεῖς.

386 853 469 905 Qui
510 852 578 895 illi
610 854 695 895 sint
726 854 830 895 scire
862 852 1010 896 velim.
1037 852 1291 911 'Interpretis
1323 854 1393 896 hic
1426 854 1552 897 verba
1583 857 1707 897 sunt:
1744 855 1911 906 „subibis

326 923 529 965 doloribus
565 923 849 965 indicantur''.
893 923 949 965 Et
987 924 1198 967 eiusmodi
1230 923 1390 980 aliquid
1421 924 1488 967 1110
1519 926 1752 980 requiritur
1782 924 1853 968 sed
1886 939 1909 967 e

326 994 466 1037 verbis
498 992 671 1037 Graecis
702 996 792 1050 peti
822 1008 905 1037 non
937 997 1087 1050 potest.
1121 995 1287 1037 Vitium
1320 995 1490 1038 subesse
1520 998 1638 1051 puto.

385 1139 442 1181 ib.
486 1138 569 1182 Sed
599 1140 731 1182 animi
765 1141 873 1183 vitia
903 1139 1157 1196 plerumque
1190 1139 1325 1184 latent
1351 1144 1394 1183 et
1420 1141 1486 1183 διὰ
1513 1144 1624 1183 τοῦτ’
1651 1142 1738 1183 ἐστι
1767 1140 1909 1192 κακίω,

327 1209 718 1263 προσαφαιρούμενα
751 1211 823 1258 την
856 1211 922 1252 ἐπ’
953 1211 1093 1258 αὐτοῖς
1126 1215 1194 1253 τοῦ
1229 1211 1466 1265 πάσχοντος
1496 1211 1690 1261 αἴσθησιν.

385 1281 479 1324 Νο11
522 1282 829 1337 praepositione
872 1281 969 1333 πρός
1011 1282 1130 1337 (quid
1173 1283 1286 1325 enim
1323 1287 1537 1336 praeterea
1579 1283 1688 1326 vitia
1729 1281 1805 1325 illa
1840 1282 1910 1324 hic

328 1351 514 1406 adimere
557 1350 798 1405 dicuntur?)
840 1352 911 1394 sed
954 1352 1028 1404 πρό
1065 1367 1170 1408 opus
1202 1367 1304 1404 esse,
1336 1367 1473 1405 nemo,
1509 1355 1556 1395 ut
1588 1354 1748 1409 opinor,
1781 1351 1911 1395 semel

327 1423 517 1464 monitus
549 1423 735 1479 negabit.
770 1421 852 1465 Sed
883 1422 992 1465 mihi
1024 1426 1237 1478 praeterea
1268 1427 1514 1480 suspectum
1543 1423 1653 1466 illud
1680 1424 1744 1466 ἐπ’
1770 1423 1910 1470 αὐτοῖς

327 1497 404 1544 est,
438 1492 548 1548 quod
580 1493 631 1535 ab
662 1494 865 1536 oscitante
898 1493 968 1537 vel
999 1494 1223 1537 festinante
1254 1493 1428 1537 librario
1460 1495 1669 1551 scriptum
1698 1497 1804 1551 puto
1835 1508 1911 1550 pro

328 1564 392 1604 ἐπ’
425 1563 659 1616 αὐτοφώρῳ.
1478 1571 1480 1573 ’

389 1699 547 1742 Statim
591 1701 804 1756 sequitur:
848 1704 924 1742 τῶν
956 1700 1031 1750 μὲν
1063 1700 1146 1752 γὰρ
1180 1700 1267 1753 περὶ
1302 1699 1348 1742 τὸ
1381 1704 1501 1751 σῶμα
1533 1699 1771 1751 νοσημάτων
1804 1700 1911 1754 ἔρρω-

328 1769 447 1820 μένος
479 1771 497 1812 ὁ
530 1771 731 1821 λογισμὸς
765 1771 1018 1813 αἰσθάνεται.

387 1839 496 1883 Sana
542 1841 714 1896 quidem
767 1842 888 1893 haec,
945 1841 1016 1884 sed
1063 1855 1198 1897 neque
1246 1840 1462 1898 eleganter
1508 1856 1644 1898 neque
1686 1843 1910 1898 perspicue

328 1913 560 1953 enuntiata.
605 1911 716 1963 Quid
747 1913 862 1953 enim
895 1912 975 1954 sibi
1006 1911 1116 1954 illud
1148 1912 1359 1965 ἐρρωμένος
1390 1912 1497 1957 velit
1528 1926 1705 1969 sequens
1736 1912 1909 1956 demum

327 1986 411 2028 τοῖς
444 1981 485 2024 δὲ
518 1987 592 2031 τῆς
619 1985 764 2035 ψυχῆς
790 1983 1049 2025 συννοσῶν
1078 1982 1200 2031 αὐτὸς
1230 1985 1300 2026 οὐκ
1327 1981 1416 2037 ἔχει
1444 1983 1569 2037 κρίσιν
1597 1984 1636 2025 ἐν
1663 1980 1720 2031 οἷς
1749 1983 1908 2036 πάσχει

327 2051 462 2095 docet.

390 2186 522 2229 500F
566 2187 675 2239 ἀρχὴ
708 2187 791 2239 γὰρ
826 2188 1088 2239 ἀπαλλαγῆς
1121 2187 1234 2231 νόσου
1266 2188 1340 2240 μὲν
1374 2188 1559 2237 αἴσθησις
1593 2220 1602 2232 .
1622 2221 1632 2232 .
1653 2221 1662 2232 .

388 2256 545 2300 Hiatus
578 2257 742 2300 vitandi
773 2272 897 2301 causa
929 2272 1011 2301 non
1043 2273 1118 2302 suo
1149 2259 1242 2302 loco
1273 2261 1414 2315 posita
1446 2263 1510 2302 est
1534 2259 1765 2315 particula:
1794 2274 1912 2316 opor-

329 2327 444 2370 tebat
466 2330 583 2386 enim
611 2329 693 2371 sic:
721 2329 831 2381 οέρχη
859 2329 934 2379 μὲν
961 2329 1058 2382 γάρ.
1087 2330 1197 2373 Nam
1226 2344 1326 2373 mox
1353 2331 1602 2386 opponitur:
1632 2334 1650 2372 ὃ
1676 2330 1712 2373 δ’
1733 2330 1910 2384 ἀπιστίᾳ

329 2401 398 2441 τοῦ
432 2404 559 2442 νοσεῖν
591 2401 660 2442 οὐκ
693 2399 803 2447 εἰδὼς
837 2397 888 2442 ὧν
921 2399 1065 2453 δεῖται,
1100 2399 1175 2442 κᾶν
1208 2407 1314 2454 παρῇ
1348 2401 1392 2443 τὸ
1428 2402 1654 2453 θεραπεῦον,
1685 2401 1880 2454 α’ρνεῖται.

391 2544 526 2587 501Α
579 2545 898 2589 Enumerantur
939 2547 984 2588 hi
1025 2547 1210 2602 corporis
1252 2546 1389 2589 morbi
1430 2547 1504 2602 qui
1545 2560 1623 2588 non
1662 2546 1908 2588 ambiuntur:

329 2615 536 2667 λήθαργοι,
571 2615 881 2667 κεφαλαλγίαι,
917 2616 1150 2668 ἐπιληψίαι,
1184 2616 1454 2667 ἀποπληξίαι.

388 2684 445 2726 Et
471 2699 552 2728 vox
578 2687 671 2742 ipsa
696 2689 740 2728 et
766 2700 869 2729 usus
896 2686 1016 2729 docet
1043 2701 1177 2729 unum
1204 2700 1255 2729 ex
1281 2687 1347 2729 his
1376 2685 1675 2729 absurdissime
1701 2687 1770 2729 1110
1794 2688 1909 2742 poni.

328 2754 438 2797 Nam
481 2757 576 2811 quis
619 2755 693 2798 ille
734 2759 798 2799 est
839 2757 953 2798 dolor
983 2758 1057 2811 qui
1088 2771 1165 2798 non
1196 2755 1408 2799 sentitur?
1437 2756 1494 2799 Et
1526 2755 1662 2799 dolere
1694 2770 1738 2799 se
1769 2770 1908 2807 nemo,

327 2828 376 2866 ut
409 2826 567 2880 opinor,
602 2827 730 2868 sent-it
760 2828 901 2882 magis
933 2839 1061 2882 quam
1094 2828 1168 2882 qui
1199 2828 1335 2882 capite
1366 2826 1540 2869 laborat.
1584 2826 1735 2869 Exime
1766 2829 1908 2869 totum

328 2894 609 2937 vocabulum:
643 2895 859 2938 sufficiunt
890 2898 1003 2939 enim
1038 2898 1118 2939 tria
1149 2896 1357 2952 exempla.
