2002 3372
1095 272 1183 316 362

408 396 579 445 ἄσκησιν
611 395 678 437 καὶ
705 393 883 445 μελέτην
915 393 1162 445 ἐγκρατείας
1190 393 1290 448 ᾗπερ
1315 393 1374 438 ἔτι
1404 398 1471 437 νῦν
1497 395 1752 447 ἐφείλκυσθό
1768 395 1925 445 πάντες

350 468 466 518 ὑμεῖς
507 467 805 523 (Pythagorei)
846 480 944 506 οταν
973 465 1273 520 γυμναζόμενοι
1306 467 1374 508 καὶ
1408 468 1644 516 κινήσαντες
1677 466 1829 522 ὤσπιρ
1825 467 1922 522 ζῷα

348 539 426 585 τὰς
457 536 600 590 ὀρέξεις

410 611 630 664 „opiparas
660 608 813 663 apponi
843 606 989 663 epulas
1019 608 1215 659 iubeatis,
1248 608 1397 651 deinde
1427 608 1524 651 illas
1553 611 1695 652 servin
1703 609 1925 668 relinqua.—
1956 660 1964 673 ᾖ

348 682 416 729 tie,
457 680 541 735 ipsi
582 678 836 734 quotidianis
879 679 1063 720 utamini
1104 678 1252 722 cibis”.
1294 678 1379 722 Hic
1410 693 1489 736 ego
1521 679 1927 734 γυμνηζθμτοωκοιί

349 754 565 805 tamquam
607 748 809 805 pulchrae
849 750 1052 805 imaginis
1094 751 1291 806 ineptum
1332 750 1775 806 interpretamenssum-
1793 750 1924 795 deleO.

348 821 507 876 Utique
539 819 754 874 praeteriti
797 821 999 875 temporis
1030 820 1254 876 participio
1285 820 1637 875 (γυμνασάμενοι)
1661 835 1779 878 qun
1795 823 1924 868 *suren

347 891 396 933 In
433 889 777 946 praecedentibus
817 893 929 932 recte
959 889 1071 934 vidit
1102 890 1239 933 editor
1271 890 1513 944 ἐφείλκυσθε
1545 892 1646 935 ferri·
1672 893 1769 936 11011-
1791 906 1927 950 pesse,

348 961 417 1004 sed
446 961 558 1016 quod
585 962 758 1003 coniicit
785 958 911 1012 ἧσπερ
939 992 949 1002 .
971 993 979 1003 .
1001 993 1039 1003 ..
1070 960 1296 1013 ἐφικνεῒσθε
1323 976 1475 1018 parum
1502 962 1929 1020 placati-Qunam

347 1032 527 1076 verbum
554 1046 636 1087 quo
664 1046 747 1074 non
773 1032 935 1087 effeetus
961 1030 1115 1088 aliquis
1143 1032 1406 1089 significetur
1423 1032 1495 1076 sed
1512 1033 1810 1078 tantummodo
1825 1034 1928 1077 actio

347 1105 452 1159 ipsa,
485 1102 608 1159 quale
639 1107 702 1145 est
733 1103 900 1155 χρῆσθε.
1731 1118 1733 1120 ·

409 1248 494 1291 585
510 1248 542 1293 G
565 1249 745 1293 Locum
778 1249 891 1291 hunc
916 1248 966 1291 de
993 1249 1102 1291 lucri
1127 1249 1373 1305 cupiditate,
1406 1263 1513 1306 quae
1545 1251 1626 1293 nisi
1655 1251 1703 1292 in
1731 1249 1928 1308 legitimo

347 1319 466 1363 lucro
492 1323 732 1363 coerceatur
757 1319 808 1362 ad
836 1324 1006 1375 turpem
1029 1323 1240 1363 excrescat
1256 1321 1496 1372 avaritiam,
1515 1322 1686 1378 egregie
1701 1320 1928 1378 Emporias

349 1395 390 1434 et
420 1389 647 1434 Holwerda
677 1394 841 1433 nostras
874 1394 1164 1446 persanarunt.

410 1526 877 1583 585E„R011nquisne
902 1525 1052 1570 nobis’'
1078 1526 1290 1582 hospitem
1317 1526 1519 1570 Simmias
1545 1530 1669 1585 rogat
1695 1526 1928 1628 „Lysidem

349 1596 598 1644 vestrum‘?'’
633 1598 856 1653 additque:

410 1668 593 1719 εὐμενέσι
626 1668 695 1711 καὶ
727 1668 862 1719 Φίλοις
895 1684 992 1710 οταν
1026 1668 1111 1709 ἐκει
1139 1668 1352 1718 γενώμεθοι
1385 1669 1573 1716 συνοίκοις
1606 1625 1868 1723 χρησόμενον.

409 1740 472 1784 Ν6
503 1741 598 1796 quis
629 1741 672 1782 in
705 1740 771 1782 his
802 1739 971 1782 haereat
1002 1739 1323 1795 (aliquantisper
1353 1739 1471 1783 haesi
1496 1741 1618 1796 ipse),
1644 1739 1930 1784 moneo·illud

349 1809 448 1854 ὅταν
478 1811 564 1853 ἐκεῖ
592 1811 802 1862 γενώμεθα
834 1809 1142 1866 lepidissimam
1173 1824 1261 1853 esse
1288 1810 1512 1863 εὐφημίαν.
1545 1810 1640 1856 Hoc
1665 1811 1781 1854 enim
1807 1809 1926 1854 vult:

352 1896 480 1933 „cum
509 1883 668 1924 erimus
700 1881 903 1924 mortui''.

409 2027 540 2070 5851?
585 2027 854 2078 „Transferre
886 2040 986 2069 eum
1019 2025 1294 2070 volebamus'’
1328 2026 1551 2083 respondet
1582 2027 1733 2083 hospes

409 2096 514 2145 ὅπως
549 2099 666 2141 ἐκεῖ
694 2097 924 2151 μεταλάχῃ
955 2102 1033 2139 τῶν
1064 2094 1342 2150 νομιζομένων.

410 2168 595 2212 Venuste
625 2167 719 2211 οἴκοι
752 2169 932 2211 correxit
964 2167 1207 2210 Holwerda.

408 2306 466 2349 ib.
519 2306 715 2356 „Accessi
756 2318 857 2360 ergo
887 2303 939 2346 ad
971 2303 1141 2360 Lysidis
1173 2302 1416 2359 sepulcrum
1448 2307 1491 2345 et
1520 2302 1797 2346 libationibus
1829 2317 1928 2346 eum

350 2377 523 2420 evocavi
556 2374 812 2419 κατελθεῖν”.
1592 2428 1593 2431 ¹
1754 2386 1756 2389 ·
1859 2412 1861 2414 .

408 2447 522 2490 Scire
554 2446 686 2489 velim
719 2445 929 2502 quomodo
960 2445 1167 2487 ultimum
1200 2443 1454 2486 vocabulum
1485 2444 1664 2499 accipiat
1690 2443 1828 2488 editor
1853 2445 1928 2499 qui

349 2517 645 2560 tantummodo
684 2519 730 2559 in
772 2516 883 2560 calce
924 2517 1103 2573 paginae
1146 2518 1452 2559 commemoret
1482 2513 1757 2559 Herwerdeni
1787 2527 1927 2559 emen-

350 2589 562 2631 dationem
595 2587 773 2630 κοὲτωθεν
808 2588 948 2630 ἐλθεῖν.

412 2724 548 2766 586Α
590 2724 673 2776 Qui
702 2724 814 2766 intel·
846 2737 889 2766 se
920 2723 1077 2779 opponi
1106 2722 1256 2773 εὐρεῖαι
1283 2703 1327 2764 et
1350 2720 1493 2773 o'alyaa
1519 2720 1698 2774 ἀτραποί
1725 2718 1927 2776 possunt?

350 2793 620 2836 Alterutrum
653 2793 913 2836 adiectivum
945 2796 1193 2848 corruptum
1225 2791 1409 2835 videtur.

410 2939 466 2981 ib.
509 2939 701 2982 Medicus
729 2938 939 2992 περιέλυσε
966 2941 1035 2981 τοῦ
1065 2937 1243 2989 Σιμμίου
1270 2936 1338 2978 τὸν
1366 2935 1578 2987 ἐπίδεσμον,
1603 2935 1655 2983 (ὃς
1671 2933 1924 2988 θεραπεύσων

350 3024 395 3051 το
429 3024 562 3060 σωμα.
