2002 3372
861 221 949 266 20¹7

169 347 227 390 Et
257 347 318 390 sic
349 348 518 404 pergit:

168 418 238 460 καὶ
271 417 436 470 πότερον
467 417 595 470 οἰκείῳ
628 415 740 470 λόγῳ
775 416 1030 466 κεκόσμηται
1065 416 1109 458 τὸ
1142 415 1386 467 δεδεγμένον
1413 416 1546 468 μόριον
1574 420 1702 468 αὐτὴν

106 493 182 538 τῆς
213 493 362 542 ψυχῆς
394 491 415 538 ἢ
450 487 714 542 μετέσχηκεν
745 488 976 540 ἀλλοτρίου,
1011 488 1079 530 καὶ
1114 489 1146 530 εἱ
1181 487 1421 540 μετέσχηκε
1455 489 1620 541 πότερον
1652 491 1704 538 ὥς

106 562 448 614 τοὶ-μεμιγμένα
486 562 581 612 πρὸς
614 561 660 603 τὸ
693 560 859 612 βέλτιον
895 559 917 609 ἢ
950 563 1114 610 μᾶλλον
1147 561 1199 607 ὥς
1234 560 1460 615 ἐπιστασίᾳ
1491 562 1566 603 τινὶ
1601 564 1706 615 χρώ-

107 644 228 684 μενον
260 634 331 676 καὶ
365 635 478 686 α’ρχῇ
511 633 710 686 μετέχειν
743 631 916 682 λέγεται
949 637 1024 681 τῆς
1062 634 1133 674 τοῦ
1167 631 1367 686 ἄρχοντος
1400 632 1625 684 δυνάμεως.

167 703 228 748 Ut
259 709 404 748 tamen
435 703 590 761 aliquis
622 703 721 746 hinc
754 703 908 747 evadat
941 717 1100 756 sensus,
1134 709 1232 747 ante
1265 705 1493 759 ἐπιστασίᾳ
1520 706 1703 749 inseren-

108 776 213 820 dum
244 776 292 819 τό
322 780 409 820 est:
444 781 621 828 „utrum
653 789 702 818 ea
733 789 830 832 pars
862 776 1033 826 mentis,
1067 789 1175 832 quae
1207 789 1300 818 eam
1332 778 1504 833 recepit,
1532 778 1703 834 propria

102 847 166 893 'sit
195 847 387 906 praedita
417 849 594 899 ratione,
627 861 680 890 an
713 848 924 903 particeps
956 849 1013 889 sit
1044 846 1218 898 alienae,
1253 852 1295 890 et
1323 849 1359 890 si
1386 850 1598 905 particeps
1625 854 1703 900 est,

107 923 256 963 utrum
287 920 351 962 ita
381 921 439 962 sit
470 920 682 976 particeps
712 922 763 960 ut
795 932 843 961 ea
870 933 966 975 pars
994 932 1102 975 quae
1130 932 1229 961 cum
1257 918 1435 962 meliore
1462 925 1527 963 est
1554 922 1705 972 mixta,

108 1005 161 1035 an
203 991 348 1049 magis
388 992 451 1034 ita
491 995 542 1033 ut
582 990 627 1033 id
670 989 782 1046 quod
825 989 969 1047 aliquo
1001 991 1242 1047 principatu
1277 992 1534 1048 et¹imperio
1567 993 1707 1035 utitur

106 1063 318 1120 particeps
351 1076 441 1106 esse
474 1061 631 1105 dicitur
662 1063 755 1105 eius
788 1065 1003 1118 potentiae
1037 1063 1111 1119 qui
1142 1061 1301 1119 regit.''

168 1209 304 1253 441ss
350 1207 621 1268 Chrysippus
666 1210 772 1252 item
821 1214 872 1252 ut
913 1210 1075 1253 Menon
1116 1209 1192 1253 ille
1235 1209 1482 1254 Platonicus
1527 1226 1705 1256 examen

105 1283 322 1326 Virtutum
351 1283 559 1325 excitavit
587 1281 701 1324 κατὰ
728 1282 773 1323 τὸ
803 1283 914 1324 ποιὸν
943 1283 1090 1335 ἀρετὴν
1112 1282 1218 1325 ἰδίαν
1237 1285 1504 1326 συνίστασθαι
1522 1283 1702 1337 νομίζων.

168 1353 273 1407 Quis
314 1354 383 1396 his
424 1352 522 1396 addi
563 1353 747 1402 ποιότητι
790 1351 926 1396 serat?
957 1353 1077 1406 Quod
1110 1359 1255 1398 tamen
1286 1355 1442 1398 inutile
1473 1356 1703 1399 verborum

110 1426 223 1468 κατὰ
249 1426 295 1469 τὸ
322 1427 432 1468 ποιόν
459 1426 892 1481 interpretamentum
917 1439 1029 1469 nunc
1054 1430 1152 1484 post
1177 1426 1282 1469 ἰδίαν
1311 1429 1355 1469 in
1381 1431 1504 1470 textu
1527 1426 1703 1485 legitur.

169 1572 306 1618 4410
348 1571 618 1633 Chrysippus
651 1588 754 1632 ergo
781 1574 855 1617 ille
883 1576 1045 1618 πολλῶν
1074 1575 1143 1617 καὶ
1172 1574 1336 1618 ἀτόπων
1366 1575 1573 1626 ὀνομάτων
1599 1575 1708 1618 οὐδὲν

106 1644 297 1696 δεομένην
330 1645 576 1696 ἐμπέπληκε
608 1646 879 1699 φιλοσοφίαν.

165 1716 222 1760 Et
252 1718 462 1761 sententia
494 1720 537 1760 et
570 1719 765 1775 syntaxis
797 1717 989 1774 postulat
1022 1722 1071 1761 ut
1102 1719 1174 1767 τὴν
1207 1718 1462 1769 Φιλοσοφίαν
1493 1717 1705 1776 legamus,

163 1864 222 1907 ib.
266 1862 424 1908 Omnes
449 1862 517 1907 illi
543 1863 787 1922 philosophi
815 1866 1026 1908 virtutem
1052 1879 1143 1908 esse
1171 1864 1319 1909 dicunt
1335 1867 1475 1922 ipsam
1492 1868 1702 1910 rationem

103 1935 188 1979 sibi
233 1938 581 1988 consentientem,
631 1936 700 1978 καὶ
750 1935 975 1990 νομίζουσιν
1019 1938 1088 1979 οὐκ
1132 1933 1232 1979 εἶναι
1277 1937 1323 1979 τὸ
1367 1938 1590 1987 παθητικὸν
1634 1939 1703 1981 καὶ

105 2004 259 2058 ἄλογον
299 2007 476 2062 διαφορᾷ
520 2024 595 2050 τινι
638 2008 708 2051 καὶ
742 2008 868 2062 φύσει
902 2013 1045 2062 ψυχῆς
1081 2011 1152 2050 τοῦ
1185 2012 1353 2059 λογικοῦ
1389 2010 1703 2063 διακεκριμένον.

170 2078 327 2122 Abesse
367 2079 468 2122 hinc
510 2079 662 2122 debere
696 2083 841 2132 ψυχῆς
873 2082 1030 2123 senties
1063 2082 1100 2122 si
1132 2081 1357 2136 sequentia
1385 2079 1566 2138 legeris:
1603 2081 1704 2133 „sed

107 2148 283 2192 eandem
333 2151 488 2193 mentis
535 2153 716 2204 (ψυχῆς)
763 2155 943 2207 partem,
992 2165 1122 2207 quam
1170 2152 1381 2194 rationem
1426 2157 1592 2203 vocant,
1635 2150 1704 2195 vel

106 2221 317 2264 virtutem
348 2220 416 2265 vel
450 2222 608 2264 vitium
640 2221 775 2265 fieri'’.

167 2357 305 2401 442A
342 2357 504 2401 Mentis
530 2358 743 2402 humanae
769 2358 900 2402 altera
929 2374 1026 2416 pars
1054 2363 1118 2402 est
1149 2361 1191 2402 τὸ
1220 2359 1347 2410 νοερόν
1366 2360 1478 2417 quod
1495 2362 1705 2418 imperare

106 2428 232 2472 debet
279 2426 408 2480 ἕτερον
457 2430 497 2472 δὲ
545 2432 590 2473 τὸ
639 2431 862 2479 παθητικὸν
904 2433 974 2473 καὶ
1018 2430 1171 2482 ἄλογον
1217 2431 1285 2474 καὶ
1333 2433 1600 2480 πολυπλανὲς
1634 2433 1703 2475 καὶ

108 2498 292 2542 ἄτακτον
327 2499 372 2549 ἐξ
403 2501 654 2550 ἐπιστασίας
688 2502 834 2544 ἑαυτοῦ
871 2502 1072 2551 δεόμενον.

169 2569 240 2614 Sic
281 2570 374 2624 W.;
416 2570 606 2616 Graecus
648 2573 785 2616 editor
818 2606 827 2616 .
848 2606 857 2615 .
879 2607 888 2616 .
922 2574 991 2616 καὶ
1027 2572 1209 2616 ἄτακτον
1244 2573 1289 2624 ἐξ
1322 2574 1468 2616 ἑαυτοῦ
1505 2575 1704 2626 δεόμενον,

105 2641 218 2699 quod
260 2655 437 2698 prorsus
481 2658 606 2687 sensu
648 2648 784 2696 caret;
829 2644 1084 2701 Madvigius
1128 2645 1378 2692 ἐπιστασίας
1423 2650 1518 2703 post
1557 2646 1704 2689 ἑαυτοῦ

105 2727 264 2770 ponens
306 2717 456 2770 tupem
498 2714 601 2758 facit
643 2715 825 2758 hiatum.
869 2715 904 2758 E
946 2717 1182 2773 scripturae
1225 2717 1473 2759 diversitate
1507 2717 1626 2760 vides
1661 2716 1705 2767 ἐξ

105 2788 148 2828 et
180 2785 328 2827 ἑαυτοῦ
362 2799 384 2828 e
418 2788 614 2843 margine
645 2787 865 2844 irrepsisse
895 2788 939 2830 in
972 2789 1166 2841 textum;
1210 2788 1308 2831 inde
1341 2802 1527 2840 remove,
1561 2790 1706 2832 omnia

105 2859 231 2899 erunt
262 2855 528 2913 planissima.

163 2993 222 3036 ib.
256 2993 301 3037 τὸ
333 2994 410 3043 μὲν
443 2994 505 3036 ἀεὶ
540 2995 703 3045 σώματι
736 2994 987 3046 βουλόμενον
1019 3001 1195 3038 συνεῖναι
1226 2996 1295 3038 καὶ
1322 3000 1444 3047 σῶμα
1468 2996 1704 3050 θεραπεύειν
