2002 3372
1130 200 1185 244 16
1974 196 2002 277 3

375 331 519 384 ipsum
549 327 752 369 habemus
784 323 1076 373 Plutarchum,
1108 324 1181 379 qui
1208 326 1345 365 cetera
1372 324 1514 365 omnia
1539 322 1725 380 negligit
1750 325 1794 366 et
1817 321 1945 365 nihili
1996 323 2002 375 ξ

372 400 485 450 facit,
518 398 596 440 hoc
627 410 762 438 unum
795 395 959 450 quaerit
991 408 1073 450 quo
1103 393 1229 436 modo
1261 408 1341 445 res,
1373 393 1423 436 de
1454 407 1538 450 qua
1565 395 1722 450 agitur,
1748 393 1802 438 ad
1825 407 1948 436 mores
1978 390 2002 434 ²2

371 470 595 512 hominum
641 466 897 509 emendandos
944 464 1134 506 adhiberi
1180 466 1328 520 possit.
1377 464 1447 507 Sic
1488 467 1615 507 natus
1656 467 1721 508 est
1758 462 1946 515 libellus,

373 554 499 596 quem
526 554 607 581 non
633 537 772 580 solum
800 535 947 577 doctus
973 534 1128 591 aliquis
1153 534 1401 591 philologus
1417 534 1764 592 indignabundus
1779 535 1950 578 abiiciat

373 625 395 653 e
434 610 641 659 manibus
684 607 755 650 sed
798 607 926 648 etiam
967 607 1004 648 is
1046 606 1120 661 qui
1161 605 1431 648 decantatum
1473 604 1583 648 illud
1627 610 1792 657 „artem
1832 606 1949 656 artis,

372 682 591 724 scientiam
634 679 831 720 scientiae
864 690 988 719 causa
1018 690 1106 718 esse
1138 675 1382 719 colendam''
1415 679 1636 732 tamquam
1667 689 1858 720 summae
1888 689 1950 718 sa-

371 753 554 807 pientiae
581 750 796 792 decretum
824 749 869 789 in
896 761 966 790 ore
993 747 1143 789 habere
1170 746 1291 789 solet.
1323 747 1434 790 Nam
1460 746 1562 790 licet
1584 751 1725 791 noster
1739 749 1946 791 acuminis

372 823 524 864 habeat
566 822 666 862 satis
710 822 758 861 ut
794 817 967 860 artificis
999 832 1088 861 esse
1120 819 1347 873 perspiciat
1377 818 1469 859 bene
1499 818 1652 862 imitari
1682 833 1765 862 non
1793 817 1948 861 imitari

372 894 520 943 bonum,
564 893 709 947 sponte
740 887 849 931 illud
874 890 1059 930 missum
1092 888 1194 930 facit
1225 893 1275 929 ut
1304 902 1326 931 e
1359 889 1510 944 quovis
1541 893 1687 945 poetae
1717 888 1810 932 loco
1840 887 1948 932 utile
2000 912 2002 918 π

371 962 543 1019 aliquod
573 961 715 1004 trahat
747 963 1032 1017 praeceptum.
1067 957 1147 1002 Oui
1180 960 1308 1010 enim,
1340 963 1391 1001 ut
1422 959 1502 1002 hoc
1532 974 1668 1003 unum
1695 959 1878 1012 afferam,
1903 961 1949 1002 in

372 1037 560 1076 mentem
592 1033 735 1075 venire
767 1032 914 1088 possit,
946 1033 1096 1073 notum
1122 1029 1252 1072 illum
1277 1031 1322 1071 in
1349 1032 1477 1073 tertio
1503 1029 1648 1074 Iliadis
1674 1030 1783 1074 libro
1807 1030 1950 1074 locum

371 1105 421 1146 de
462 1103 628 1146 Paridis
671 1106 714 1145 et
756 1101 942 1144 Helenae
975 1100 1187 1156 colloquio
1221 1100 1474 1143 documento
1505 1115 1594 1144 esse
1623 1103 1839 1145 neminem
1868 1103 1951 1144 nisi

370 1177 580 1232 ignavum
622 1187 798 1215 uxorem
843 1185 965 1214 suam
1006 1171 1194 1213 interdiu
1235 1169 1494 1227 amplexari?
1535 1170 1617 1215 Cui
1650 1173 1734 1215 nisi
1765 1173 1840 1228 qui
1869 1172 1949 1214 hoc

372 1260 537 1302 semper
579 1248 621 1287 et
653 1245 808 1300 ubique
840 1244 922 1285 sibi
953 1243 1081 1284 habet
1113 1244 1377 1298 propositum
1410 1246 1461 1284 ut
1491 1242 1688 1286 meliores
1719 1242 1867 1286 reddat
1895 1242 1953 1286 le·

372 1321 520 1373 gentes
563 1312 895 1370 audientesque?
938 1313 1202 1368 Quamquam
1237 1327 1289 1355 ne
1321 1314 1550 1355 severiores
1582 1313 1754 1369 quidem
1785 1317 1828 1356 et
1858 1313 1952 1356 doc-

374 1389 502 1430 tiores
527 1388 637 1428 inter
662 1389 824 1428 veteres
851 1383 1095 1440 philosophi
1124 1397 1289 1439 semper
1315 1384 1365 1426 ab
1392 1384 1470 1426 hoc
1496 1383 1670 1428 consilio
1685 1384 1952 1427 abhorruisse

374 1458 586 1501 videntur.
629 1456 711 1507 Sic,
754 1455 799 1497 id
830 1455 942 1510 quod
973 1458 1015 1496 et
1046 1454 1148 1496 alibi
1181 1454 1293 1510 apud
1325 1453 1605 1497 Plutarchum
1635 1453 1836 1512 legimus,
1867 1470 1950 1498 non

374 1529 551 1572 avaritia
592 1527 663 1569 sed
700 1525 926 1582 prudentia
957 1525 1148 1575 ductum,
1181 1525 1545 1581 Agamemnonem
1576 1524 1758 1569 militiae
1789 1525 1950 1570 dedisse

373 1600 639 1642 vacationem
671 1598 835 1640 homini
867 1597 1104 1653 pecunioso,
1139 1609 1162 1637 a
1193 1610 1274 1651 quo
1307 1609 1466 1651 equum
1497 1595 1747 1639 bellatorem
1776 1598 1952 1653 accepis·

374 1673 451 1721 set,
486 1669 617 1724 pluris
650 1670 764 1710 enim
797 1669 842 1709 in
873 1666 1031 1723 proelio
1065 1680 1152 1708 esse
1184 1680 1342 1722 equum
1377 1671 1598 1709 strenuum
1625 1681 1753 1723 quam
1779 1667 1952 1710 mollem

374 1744 414 1782 et
457 1738 685 1782 deIicatum
725 1740 882 1788 virum,
924 1737 993 1779 hic
1034 1737 1247 1778 Aristotele
1289 1740 1458 1779 auctore
1493 1737 1676 1780 refertur
1705 1737 1782 1791 (32
1811 1737 1878 1792 F),
1910 1742 1953 1781 et

372 1812 546 1854 fortasse
587 1812 716 1852 etiam
752 1809 859 1851 illud
893 1808 1003 1865 quod
1036 1809 1234 1850 continuo
1267 1809 1458 1863 sequitur
1490 1808 1539 1850 de
1572 1807 1738 1852 Achille
1767 1823 1849 1852 non
1878 1810 1950 1864 ¹ob-

374 1885 634 1938 temperante
675 1882 803 1923 matri
846 1880 913 1932 ἐφ“
957 1880 1097 1928 ἡδονὰς
1141 1878 1449 1931 παρακαλούσῃ.
1491 1878 1574 1922 Sed
1605 1879 1868 1931 Aristoteles,
1900 1884 1950 1923 ut

374 1954 534 2009 opinor,
561 1965 654 1994 raro
680 1950 975 1993 tantummodo
1004 1949 1212 1992 eiusmodi
1240 1951 1446 1992 rationem
1473 1954 1536 1992 est
1552 1954 1734 2002 secutus,
1751 1955 1953 1995 atnoster

376 2024 615 2075 „mentium
658 2021 875 2064 medicus’'
919 2024 1059 2064 totum
1104 2020 1342 2063 Homerum
1383 2035 1458 2063 suo
1498 2022 1704 2064 inservire
1734 2023 1950 2078 proposito

374 2096 502 2150 cogit.
551 2093 606 2135 Et
646 2094 809 2148 respuit
850 2092 1022 2148 quidem
1054 2090 1213 2134 Stoicas
1243 2090 1339 2133 illas
1371 2090 1610 2148 allegorias,
1643 2105 1749 2148 quae
1779 2094 1948 2149 proprie

373 2166 433 2207 sic
475 2164 687 2213 dicuntur,
731 2163 885 2218 quibus
927 2161 1099 2213 „fabula
1136 2161 1187 2204 ad
1218 2161 1439 2219 physicam
1472 2163 1948 2220 rationem-redigitur''

375 2234 562 2291 (Wytt.),
606 2233 678 2276 sed
711 2247 813 2289 quas
844 2234 934 2289 ipse
967 2232 1137 2274 adhibet
1167 2234 1534 2288 interpretationes
1565 2247 1647 2276 non
1674 2235 1821 2277 ,minus
1853 2238 1952 2290 sunt

364 2305 595 2365 'violentae
630 2304 740 2356 Quid
767 2304 876 2359 quod
904 2307 962 2360 (p.
992 2301 1093 2346 330
1110 2307 1212 2358 seq.)
1240 2302 1381 2359 palam
1403 2307 1548 2346 monet
1566 2308 1683 2347 utne
1698 2303 1954 2361 interpolare

366 2363 547 2437 'quidem
588 2379 755 2417 textum
799 2388 1033 2425 vereamur,
1077 2373 1306 2416 dummodo
1337 2373 1453 2416 locus
1485 2373 1640 2430 aliquis
1668 2375 1732 2419 ita
1763 2377 1953 2419 moribus

375 2460 523 2489 nocere
567 2446 741 2488 desinat.
781 2444 837 2486 Et
876 2447 920 2487 in
952 2445 1031 2487 hoc
1065 2444 1234 2500 quidem
1267 2449 1487 2500 praecepto
1519 2440 1795 2502 gravissimos
1824 2447 1951 2489 habet

375 2521 577 2568 auctores,
611 2516 801 2559 Stoicum
829 2515 1025 2565 alterum,
1053 2514 1235 2557 alterum
1269 2513 1495 2572 Cynicum,
1525 2515 1596 2558 sed
1621 2517 1789 2559 etiamsi
1812 2516 1952 2560 nullos

375 2588 603 2638 habuisset,
647 2589 736 2629 vita
777 2588 984 2642 magistra
1019 2586 1132 2628 idem
1165 2600 1263 2628 eum
1297 2586 1521 2632 docuisset.
1554 2586 1663 2638 Quid
1693 2589 1822 2638 enim,
1854 2587 1950 2631 Plu-

375 2659 518 2700 tarcho
549 2658 702 2708 iudice,
737 2671 835 2713 prae
869 2659 1027 2699 virtute
1059 2657 1251 2699 doctrina
1282 2659 1408 2713 atque
1441 2658 1533 2713 ipsa
1563 2656 1747 2700 veritas?
1818 2677 1823 2681 ·
1933 2709 1935 2711 .

433 2729 548 2778 Esto,
590 2742 699 2770 unus
742 2728 810 2770 hic
850 2726 1021 2769 libellus
1064 2728 1207 2768 minus
1250 2729 1469 2783 sexaginta
1509 2729 1946 2783 paginarum-totum

374 2799 492 2840 nobis
523 2798 802 2840 Plutarchum
836 2799 955 2853 ponit
986 2802 1082 2840 ante
1115 2796 1268 2840 oculos.
1300 2797 1391 2840 Hoc
1416 2811 1498 2840 non
1525 2802 1614 2840 tam
1641 2797 1761 2841 facile
1786 2802 1948 2843 statuas

374 2872 521 2910 utrum
553 2869 754 2910 audituris
785 2882 837 2910 an
870 2868 1031 2909 lecturis
1063 2869 1119 2910 sit
1145 2869 1429 2923 composituss
1450 2867 1530 2910 Sed
1555 2866 1665 2910 illud
1690 2871 1945 2925 putaverim.

374 2939 642 2995 Quamquam
684 2940 795 2981 enim
839 2938 1035 2994 pleraque
1077 2937 1298 2980 Plutarchi
1341 2932 1496 2994 scripta
1537 2940 1705 2995 utrique
1748 2941 1824 2984 rei*
1851 2945 1949 2998 apta
