2002 3372
1059 203 1146 246 204

372 327 457 369 Ubi
503 328 755 383 pertinacior
800 326 956 382 aliquis
1002 326 1249 369 contendere
1298 328 1428 381 possit
1474 327 1586 368 inter
1631 339 1675 368 se
1721 327 1890 370 misceri

311 403 459 452 tempus
491 403 532 439 et
564 412 731 438 carmen.
765 395 846 438 Sed
879 396 1157 439 verisimilius
1190 402 1253 439 est
1279 397 1358 440 hoc
1384 396 1568 439 voluisse
1595 395 1888 440 Aristotelem:

314 468 384 518 „id
416 467 542 522 quod,
586 468 680 522 quia
711 467 868 520 lonqum
900 471 1050 521 tempus
1080 467 1304 518 intercedit,
1336 466 1517 509 diluitur
1547 466 1766 522 leniusque
1796 466 1889 510 fit”.

312 538 393 580 Hic
435 551 536 580 vero
578 536 694 579 istud
737 537 987 588 κεραννύουσι
1021 537 1214 580 absolute
1245 539 1432 593 positum
1463 536 1634 579 ridiculi
1665 540 1791 593 atque
1821 537 1890 580 ab-

310 608 427 650 surdi
467 606 629 662 aliquid
671 607 857 661 praebet.
901 607 1010 660 Quid
1052 605 1195 650 enim?
1233 607 1339 650 Boni
1371 621 1460 650 esse
1492 608 1704 650 mentium
1735 606 1890 650 medici

310 678 466 720 dixeris
492 677 543 719 ab
571 677 847 729 adolescente,
877 693 1002 734 quem
1029 678 1264 721 curandum
1291 679 1507 734 receperit,
1531 691 1748 720 removere
1771 677 1890 734 quid-

311 748 410 804 quid
458 748 794 790 vehementiores
841 748 985 791 afferat
1025 742 1216 799 affectus,
1258 763 1404 791 sensus
1447 748 1662 800 stimulet,
1710 747 1889 804 denique

310 819 528 875 perturbet
568 824 758 860 mentem
800 833 1019 876 moresque
1060 816 1318 875 corrumpat.
1362 818 1470 871 Quid
1513 833 1612 861 vero
1654 817 1730 861 ille
1759 832 1886 875 quem

309 890 429 932 nobis
469 889 642 931 exhibet
684 894 931 945 personatus
973 887 1255 932 Plutarchus?
1299 888 1590 944 Discipulum‚
1635 893 1685 932 ut
1725 890 1886 946 opinor,

309 974 452 1002 secum
495 959 613 1001 ducit
653 961 705 1002 ad
748 962 932 1002 mimum
975 960 1161 1016 aliquem
1204 959 1273 1002 vel
1315 959 1367 1001 ad
1413 959 1688 1016 tragoediam,
1730 960 1776 1002 in
1807 972 1890 1016 qua

307 1029 500 1072 Phaedra
528 1029 596 1072 vel
622 1028 781 1073 Canace
808 1032 967 1086 primas
994 1033 1085 1088 agit
1112 1034 1264 1087 partes,
1298 1035 1341 1072 et
1372 1029 1539 1072 sublato
1570 1028 1716 1073 aulaeo
1747 1029 1890 1072 diatri-

307 1102 386 1143 ben
427 1101 552 1142 habet
593 1100 760 1156 plenam
794 1103 1001 1144 castitatis
1026 1133 1155 1144 .....
1182 1104 1307 1156 atque
1331 1098 1482 1142 taedii!
1517 1099 1710 1151 Lubrica,
1734 1098 1888 1150 hercle,

307 1171 513 1214 educandi
544 1170 674 1214 ratio!
708 1172 882 1214 Accedit
913 1172 1037 1228 quod,
1070 1176 1119 1214 ut
1150 1173 1355 1228 imaginis
1387 1174 1550 1213 constet
1577 1172 1698 1222 ratio,
1730 1184 1781 1214 ea
1805 1169 1890 1213 dia-

306 1243 416 1284 tribe
443 1242 631 1284 habenda
658 1245 738 1285 erit
764 1244 856 1284 dum
871 1243 1027 1300 fabula
1049 1243 1196 1297 ayitur.
1231 1242 1321 1294 Quo
1347 1241 1456 1284 nihil
1483 1243 1624 1298 aptius
1649 1243 1704 1284 ad
1718 1241 1888 1284 animum

300 1313 635 1367 parturbandum,
664 1327 761 1355 nam
789 1314 841 1356 ad
867 1315 1075 1356 insaniam
1102 1315 1161 1355 sic
1182 1314 1312 1355 miser
1330 1311 1668 1355 adolescentulus
1685 1312 1887 1368 adigitur.

370 1382 450 1424 Sed
492 1383 689 1426 disertius
731 1384 810 1427 hoc
852 1384 1099 1439 exemplum
1141 1382 1306 1426 flosculi
1350 1385 1492 1439 inepte
1525 1397 1576 1425 ex
1606 1385 1698 1439 ipso
1729 1380 1886 1425 sublati

311 1453 556 1495 Plutarcho.
600 1453 646 1495 In
679 1453 788 1497 libro
822 1456 869 1497 de
901 1455 1114 1497 cohibenda
1146 1454 1211 1496 ira
1243 1454 1551 1496 iucundissima
1583 1453 1770 1510 quadam¹
1796 1467 1888 1496 nar-

309 1525 469 1566 ratione
503 1524 675 1566 docetur
706 1539 833 1581 quam
866 1527 922 1568 sit
953 1528 1177 1582 egregium
1203 1539 1371 1581 parcere
1395 1526 1569 1567 inimico
1597 1525 1670 1581 qui
1695 1525 1739 1566 in
1768 1529 1887 1566 tuam

307 1596 547 1650 pervenerit
578 1599 844 1651 potestatem.
878 1596 1012 1639 Totus
1043 1596 1115 1639 ille
1144 1596 1275 1647 locus,
1308 1597 1381 1651 qui
1412 1600 1454 1638 et
1485 1594 1566 1638 alio
1597 1596 1767 1638 nomine
1798 1608 1889 1651 per-

306 1667 453 1721 magni
484 1670 546 1707 est
578 1669 797 1716 momenti,
830 1669 889 1709 sic
921 1667 1106 1709 decurrit
1138 1665 1294 1719 (457D
1321 1669 1453 1722 sqq.):

367 1736 543 1792 Semper
582 1736 679 1793 lego
720 1737 958 1794 colligoque
991 1736 1184 1793 exempla
1215 1737 1509 1787 continentiae,
1542 1749 1648 1792 quae
1678 1749 1759 1778 non
1791 1735 1888 1792 phi·

303 1806 469 1862 losophi
512 1806 714 1860 dederint,
749 1823 853 1864 quos
885 1810 959 1864 qui
988 1810 1071 1864 ipsi
1101 1812 1243 1850 mente
1274 1812 1417 1850 carent
1446 1805 1544 1849 felle
1576 1821 1714 1850 carere
1741 1800 1882 1857 aiunt,

304 1877 375 1920 sed
417 1892 537 1934 reges
578 1882 705 1934 atque
748 1881 941 1936 tyranni;
986 1878 1106 1923 velut
1146 1878 1257 1920 illud
1300 1881 1364 1920 est
1406 1878 1613 1934 Antigoni
1654 1879 1741 1934 qui,
1784 1882 1884 1920 c'um

304 1963 433 2004 prope
479 1949 797 1992 tabernaculum
846 1949 1005 1992 milites
1052 1949 1225 2006 quidam
1272 1950 1311 1992 ei
1352 1947 1673 1999 maledicerent,
1721 1951 1886 1991 exserto

306 2018 468 2070 baculo,
515 2020 647 2069 „heus
691 2035 779 2072 vos,
823 2020 994 2078 longius
1036 2021 1226 2062 absistite
1258 2021 1294 2061 si
1328 2018 1575 2062 maledicere
1607 2017 1768 2062 vultis”
1802 2018 1886 2062 cla-

309 2090 473 2141 mabat;
502 2095 628 2146 atque
653 2090 763 2133 illud
790 2092 1035 2134 Arcadionis
1061 2095 1103 2133 et
1129 2089 1341 2146 Philippi:
1371 2089 1577 2132 Arcadion
1601 2088 1676 2131 ille
1691 2089 1884 2132 Achaeus

308 2175 473 2216 semper
513 2163 714 2204 conviciis
744 2163 788 2204 in
821 2162 1070 2218 Philippum
1103 2162 1314 2212 utebatur,
1348 2161 1451 2216 quin
1483 2161 1611 2202 etiam
1643 2161 1757 2202 cives
1787 2173 1885 2202 suos

307 2231 503 2274 monebat
533 2235 583 2273 ut
614 2232 812 2288 fugerent

488 2302 615 2345 donec
646 2317 694 2345 eo
725 2308 918 2353 ventum,
951 2317 1034 2346 non
1064 2306 1213 2345 notum
1245 2315 1398 2344 nomen
1431 2301 1504 2343 ubi
1534 2300 1662 2343 istud.

306 2373 388 2425 Qui
432 2387 530 2415 cum
582 2373 689 2416 forte
729 2376 773 2416 in
816 2374 1114 2417 Macedoniam
1147 2375 1345 2423 venisset,
1379 2373 1525 2415 amicis
1556 2385 1702 2428 regem
1735 2370 1881 2414 adhor-

303 2444 492 2486 tantibus
534 2458 586 2486 ne
626 2444 816 2487 inultum
859 2445 972 2487 abire
1013 2446 1168 2486 sineret
1207 2443 1446 2486 mordacem
1477 2444 1610 2485 istum
1641 2442 1879 2493 inimicum,

304 2528 377 2556 rex
421 2527 518 2556 eum
562 2516 695 2557 amice
737 2514 955 2566 salutavit,
1000 2514 1106 2557 dona
1149 2516 1188 2556 ei
1231 2513 1345 2557 dedit
1387 2511 1627 2569 hospitalia,
1658 2511 1806 2555 deinde
1835 2513 1880 2554 in

306 2582 525 2627 Graeciam
569 2586 689 2627 misit
733 2587 805 2641 qui
838 2586 992 2642 quibus
1024 2600 1134 2627 nunc
1166 2585 1215 2627 de
1247 2599 1347 2641 rege
1377 2585 1519 2628 verbis
1551 2587 1743 2626 uteretur
1770 2583 1883 2625 inter

308 2653 488 2698 Graecos
521 2656 729 2698 Arcadion
759 2658 1020 2712 inquirerent
1030 2671 1040 2707 ς
1074 2670 1256 2711 cumque
1288 2657 1374 2698 iam
1407 2656 1459 2697 ab
1491 2669 1538 2697 eo
1567 2656 1613 2697 in
1643 2653 1808 2696 coelum
1838 2667 1881 2696 se

307 2725 401 2767 tolli
442 2728 707 2782 cognovisset
749 2727 856 2778 „en”
901 2727 1049 2770 aulicis
1080 2728 1140 2768 ait
1173 2730 1358 2782 „quanto
1391 2739 1469 2781 ego
1500 2726 1580 2767 sim
1614 2723 1766 2767 melior
1797 2738 1882 2766 me-

310 2796 428 2838 dicus
458 2810 585 2852 quam
617 2797 734 2840 vos’'.
769 2797 961 2854 Cumque
996 2797 1220 2853 Olympiae
1252 2796 1403 2838 multis
1434 2799 1542 2839 esset
1572 2795 1712 2838 laesus
1742 2796 1881 2838 convi-

309 2868 396 2917 ciis,
438 2872 658 2923 essentque
689 2869 761 2923 qui
791 2867 1043 2923 plorandum
1075 2867 1294 2911 Graeculis
1323 2868 1416 2909 istis
1449 2866 1633 2909 dicerent
1664 2867 1738 2922 qui
1767 2865 1878 2908 mul-

309 2938 363 2978 tis
391 2937 440 2978 ab
468 2951 515 2979 eo
541 2937 677 2980 affecti
703 2939 912 2982 beneficiis
931 2954 1040 2982 nunc
1058 2953 1157 2982 eum
1174 2938 1409 2981 maledictis
1426 2937 1658 2980 lacerarent
1676 2936 1876 2992 „quales”
