2002 3372
68 370 75 403 ἓ

875 208 961 252 169

121 334 198 379 τοῦ
219 334 322 385 ’μετ’
353 333 480 376 αὐτοῦ
512 331 783 385 ἀξιώματος),
817 331 889 375 sed
923 331 1039 382 deus,
1072 332 1146 387 qui
1176 328 1265 372 illis
1297 327 1438 371 multo
1465 332 1530 370 est
1555 328 1714 384 sapien·

77 408 80 416 ’
118 405 220 458 tior,
262 405 395 448 etism
435 403 707 448 sententiolas
739 402 877 460 qualis
909 407 973 446 est
1004 402 1130 445 haec:
1164 401 1182 443 ὁ
1215 399 1325 443 δεῖνά
1358 416 1403 442 σε
1437 400 1562 452 ἐρωτᾷ
1598 399 1630 440 εἰ
1663 413 1714 440 νι-

120 477 238 526 κήσει
283 481 479 534 tamquam
515 475 664 531 plenae
696 475 983 531 perfectasque
1013 475 1082 528 (ὥς
1114 472 1375 525 πράγματα)
1406 469 1614 529 intelligit
1645 469 1715 513 ad-

121 548 358 606 mittitque.-

185 681 326 728 386D
359 681 639 736 „Praeterea”
671 683 732 726 ait
764 681 879 725 idem
912 683 974 734 „el
1007 683 1217 739 precantis
1248 685 1325 734 est,
1357 683 1401 724 in
1428 678 1507 724 εἴθε
1534 678 1717 724 secunda

121 752 289 814 syllaba
319 754 550 799 abundat''.
592 754 678 798 Hic
711 757 823 797 recte
856 754 890 796 B
923 753 1039 797 addit
1071 753 1203 806 ὥσπερ
1237 754 1304 796 καὶ
1338 753 1384 795 τὸ
1418 754 1499 805 θήν,
1532 754 1717 796 citantur

121 813 237 871 enim
279 839 429 871 versus
469 827 514 869 in
548 827 703 883 quibus
734 824 812 868 illa
841 824 1005 883 legitur
1039 825 1271 882 particula:
1307 825 1344 867 ἐν
1380 824 1419 867 δὲ
1451 825 1507 877 τῷ
1543 822 1635 876 „si”
1670 823 1715 865 τὸ

119 897 303 943 εὕκτικὸν
330 897 402 941 nal
430 898 708 951 ἀποχρώντως
735 897 954 947 δηλοῦσθαι
984 899 1156 954 (putant
1182 897 1378 940 homines
1403 896 1559 952 quibus
1575 894 1718 951 aliqua

121 977 222 1014 cum
263 969 434 1014 oraculo
477 971 618 1024 ratio).
660 969 866 1012 Deleatur
898 970 982 1021 καί,
1017 970 1218 1026 quoniam
1253 968 1355 1012 haec
1387 972 1450 1011 est
1482 969 1715 1011 sententia:

119 1041 172 1086 sd
187 1055 332 1100 preces
348 1040 648 1099 significandas
665 1039 850 1098 simplex
868 1041 902 1083 εἷ
920 1040 1091 1092 sufficit,
1108 1054 1192 1083 non
1209 1054 1316 1096 opus
1333 1043 1396 1083 est
1411 1038 1606 1096 longiore
1624 1037 1715 1081 εἴθε.

181 1188 317 1234 386E
358 1188 498 1247 Rogat
531 1190 812 1233 Ammonium
840 1188 984 1232 Theon
1017 1189 1051 1232 εἶ
1085 1189 1326 1242 διαλεκτικῇ
1359 1187 1586 1241 παρρησίας
1619 1186 1718 1238 μέτ-

123 1276 234 1305 εστιν
266 1258 368 1305 οὕτω
401 1260 716 1315 περιυβρισμένῃ
747 1263 963 1311 ἀκηκουῖα.

183 1331 255 1376 Sic
285 1333 496 1376 traditum
527 1335 616 1386 est3
648 1332 776 1375 verba
807 1332 924 1375 haud
951 1331 1079 1375 dubie
1105 1335 1303 1388 corrupta
1327 1332 1371 1374 in
1398 1331 1513 1374 hunc
1540 1330 1721 1374 modum

125 1417 272 1449 sanare
298 1407 435 1449 tentat
464 1403 520 1447 B:
548 1401 648 1447 οὕτω
677 1403 1018 1458 περιυβρισμένης
1045 1405 1176 1452 αὐτῆς
1200 1403 1413 1458 ἀκηκουίᾳ.
1447 1402 1569 1456 Quod
1586 1403 1723 1445 nimia

125 1473 384 1531 ¹verbositate
429 1474 687 1534 languidum
733 1475 922 1520 videtur.
972 1474 1089 1519 Duas
1136 1475 1334 1532 equidem
1379 1474 1483 1518 olim
1523 1474 1725 1518 lectiones

125 1547 317 1591 extitisse
348 1549 554 1606 suspicor,
587 1548 658 1592 vel
684 1562 816 1591 unam
846 1547 1074 1591 lectionem
1107 1551 1150 1591 et
1181 1549 1273 1591 eius
1299 1548 1719 1603 interpretationem:

125 1616 227 1663 οὕτω
260 1622 397 1667 κακῶς
428 1619 629 1675 ἀκηκουίᾳ
660 1623 702 1663 et
735 1619 835 1663 οὕτω
871 1619 1202 1674 περιυβρισμένῃ,
1237 1633 1391 1676 easque
1423 1620 1482 1662 sic
1515 1617 1720 1662 coaluisse

121 1691 169 1734 in
200 1704 339 1735 unum
369 1693 420 1734 ut
451 1690 614 1748 aliquid
646 1691 871 1735 excideret.

182 1836 322 1883 387D
363 1836 510 1883 Theon
546 1853 662 1897 ergo,
695 1843 867 1883 strenue
898 1853 975 1896 pro
1008 1853 1085 1882 sua
1117 1838 1338 1883 dialectica
1369 1853 1580 1897 pugnans,
1615 1839 1722 1883 hanc

120 1922 272 1955 revera
301 1924 391 1955 esse
423 1912 485 1954 ait
518 1911 731 1968 tripodem
762 1909 892 1954 illum
925 1925 1055 1968 quem
1087 1912 1259 1954 iuvenis
1292 1913 1423 1955 etiam
1457 1916 1499 1954 et
1531 1910 1720 1954 incultus

120 1981 302 2026 sustulit
332 1981 541 2026 Hercules
574 1987 824 2034 καταγελῶν
858 1986 927 2026 τοῦ
962 1982 1054 2034 „sl”
1088 1983 1133 2026 τὸ
1167 1984 1319 2034 πρῶτον
1352 1983 1397 2025 ’τὸ
1431 1983 1625 2035 δεύτερον.

183 2052 372 2112 Egregie
412 2053 516 2098 haec
557 2056 617 2098 sic
659 2054 832 2112 supplet
874 2054 1127 2112 Emporius:
1172 2059 1421 2107 καταγελῶν
1463 2058 1533 2097 τοῦ
1578 2055 1639 2107 ,,εἰ
1673 2054 1717 2096 τὸ

124 2126 278 2179 πρῶτον
309 2125 398 2168 κα)
431 2126 476 2169 τὸ
509 2126 734 2180 ὃεύτερον”.
766 2126 955 2184 Egregie
988 2128 1103 2169 enim
1135 2127 1195 2169 sic
1223 2130 1313 2170 tota
1342 2126 1563 2170 dialectica
1590 2128 1719 2184 signi-

121 2195 285 2241 ficatur.
317 2196 366 2240 In
399 2201 568 2242 textum
601 2198 866 2255 recipiendae
898 2202 1031 2249 erant,
1064 2201 1114 2240 ut
1145 2199 1306 2255 opinor,
1339 2198 1551 2256 palmares
1579 2212 1718 2241 emen-

123 2267 314 2313 dationes
355 2267 494 2327 quelis
537 2269 640 2313 haec
683 2274 760 2322 est,
805 2274 847 2313 et
888 2269 1033 2327 quales
1076 2270 1161 2313 fere
1201 2284 1347 2313 omnes
1380 2275 1481 2314 sunt
1511 2270 1716 2327 Emperii,

122 2338 243 2384 illius
283 2340 449 2384 Reiskii
491 2341 691 2386 redivivi.
734 2341 797 2384 Ex
842 2341 990 2385 eodem
1032 2355 1187 2399 genere
1221 2346 1263 2385 et
1294 2342 1397 2385 haec
1429 2346 1493 2385 est
1526 2341 1717 2385 eiusdem

121 2413 282 2456 critici:

184 2482 320 2527 388ss
354 2483 428 2536 „Si
458 2499 690 2528 numerum
722 2486 897 2541 parem'’
931 2484 1079 2528 Theon
1110 2486 1171 2528 ait
1207 2487 1278 2537 „in
1311 2485 1416 2528 duas
1441 2489 1583 2542 partes
1609 2486 1717 2529 divi-

121 2553 278 2607 dimus,
312 2555 506 2599 medium
532 2556 581 2599 fit
608 2570 818 2608 vacuum;
848 2558 884 2599 si
910 2558 1135 2613 imparem,
1162 2561 1295 2600 restat
1321 2556 1484 2614 aliquid
1510 2557 1716 2600 ibidem'’.

121 2625 287 2670 Ultima
334 2625 494 2671 Graece
535 2630 602 2689 ‘sic
648 2629 900 2672 traduntur:
945 2630 1126 2681 περίεστι
1170 2635 1245 2677 τῆς
1289 2630 1495 2677 νεμήσεως
1537 2628 1715 2680 γόνιμον.

120 2697 376 2742 Rectissime
416 2698 542 2756 Emp.
586 2713 662 2755 pro
705 2699 860 2742 ultimo
894 2699 1102 2743 vocabulo
1135 2701 1269 2750 μόριον
1301 2701 1505 2742 restituit.
1538 2699 1597 2742 Ut
1629 2714 1717 2742 sex-

119 2771 277 2813 centies
316 2771 363 2813 in
404 2770 627 2813 Plutarchi
670 2775 805 2823 textu,
838 2772 897 2814 sic
929 2771 998 2814 hic
1031 2785 1197 2828 quoque
1230 2772 1423 2814 vicinum
1456 2771 1715 2814 vocabulum

119 2841 304 2894 (yovtuov
338 2839 389 2895 C)
421 2842 580 2885 vitium
612 2843 814 2898 perperit.

179 2910 445 2955 Praecedunt
475 2917 622 2956 autem
655 2913 705 2956 de
738 2914 830 2969 pari
861 2927 1040 2957 numero
1072 2914 1198 2956 haec:

179 2982 436 3033 διιστάμενος
465 2985 677 3026 ὑπολείπει
706 3001 798 3026 τινα
822 2984 1007 3032 δεκτικὴν
1027 2986 1158 3037 ἀρχὴν
1176 2981 1252 3027 οἷον
1271 2985 1308 3026 ἕν
1328 2985 1453 3038 ἑαυτῇ
1473 2985 1539 3027 καὶ
1560 2985 1713 3039 χώραν.
