2002 3372
1087 205 1171 246 154

398 325 483 368 327
498 326 534 367 D
566 327 677 368 Puer
693 328 919 369 etiamtum
937 326 1174 370 Alexander
1191 343 1234 371 se
1251 329 1391 371 orbem
1411 332 1618 371 terrarum
1637 328 1915 371 subacturum

338 398 524 451 speravit

397 472 477 513 τοῖς
527 469 787 519 τρισμυρίοις,
836 466 999 520 οἴεσθαι,
1049 466 1183 521 πεζοῖς
1233 468 1302 511 καί
1350 469 1695 521 τετρακισχιλίοις
1745 469 1915 512 ἱππεῦσι

338 539 579 584 πιστεύσας.

398 607 489 650 Vox
520 607 669 650 οἴεσθαι
697 608 849 651 editori
878 609 1053 653 delenda
1081 610 1260 653 videtur.
1289 610 1410 654 Unde
1437 624 1539 666 ergo
1566 609 1714 653 intulit
1739 609 1916 668 pedem?

338 678 499 720 Reiskii
542 681 624 724 πῶς
659 680 784 721 οἴεσθε
816 682 945 723 nimis
977 686 1040 724 est
1071 683 1283 724 comicum
1314 696 1389 738 pro
1421 682 1550 724 huius
1578 680 1660 724 loci
1691 683 1915 739 gravitate.

338 748 501 804 Ecquid
532 747 673 799 οἶμαιῖ
704 751 890 808 Egregie
923 757 1177 807 contemptum
1210 767 1257 796 ea
1288 767 1372 795 vox
1403 751 1626 809 significat.

401 904 534 947 328E
568 906 829 959 Ἀλέξανδρος
860 908 893 950 δ’
922 909 1016 960 ὑπὲρ
1045 909 1325 959 ἑβδομήκοντα
1352 908 1491 955 πόλεις
1521 907 1747 961 βαρβάροις
1773 907 1919 951 ἔθνεσιν

341 975 542 1025 ἐγκτίσας
589 977 657 1018 καὶ
707 979 993 1031 κατασπείρας
1040 980 1112 1027 την
1160 980 1305 1022 Ἀσίαν
1352 981 1603 1028 Ἑλληνικοῖς
1651 978 1804 1030 τέλεσι,
1847 985 1919 1028 τῆς

340 1046 537 1098 ἀνημέρου
569 1047 637 1089 καὶ
671 1049 870 1100 θηριώδους
905 1049 1102 1100 ε’κροὶτησε
1136 1050 1307 1098 διαίτης.

401 1117 483 1159 Pro
526 1119 741 1162 vocabulis
784 1134 910 1162 sensu
952 1123 1080 1163 cassis
1122 1123 1374 1169 Ἑλληνικοῖς
1409 1120 1544 1163 τέλεσι
1577 1119 1712 1164 editor
1741 1121 1920 1163 coniecit

340 1189 602 1236 Ἑλληνικαῖς
637 1190 794 1242 πόλεσι,
828 1206 934 1248 quae
963 1193 1256 1249 ingratissima
1282 1197 1346 1235 est
1372 1193 1581 1248 repetitio.
1614 1191 1762 1235 Nonne
1788 1193 1920 1240 ἥθεσιε

343 1257 542 1309 „Graecis
582 1275 657 1316 per
694 1262 839 1305 Asiam
872 1265 1026 1318 sparsis
1058 1264 1247 1306 moribus
1278 1263 1417 1306 ferum
1449 1264 1611 1306 victum
1644 1260 1920 1320 superavit''?

406 1425 537 1470 3330
579 1426 675 1484 Ipsa
705 1428 868 1471 indoles
900 1429 952 1471 ad
984 1430 1192 1472 virtutem
1225 1429 1342 1472 ducit
1373 1429 1578 1481 homines,

404 1498 437 1539 οἱ
481 1496 520 1539 δὲ
563 1498 782 1551 φιλόσοφοι
825 1501 902 1541 τῶν
946 1502 1106 1542 πολλῶν
1149 1500 1379 1552 διαφέρουσι
1425 1501 1480 1554 τῷ
1521 1500 1598 1546 τὰς
1631 1499 1776 1551 κρίσεις
1809 1499 1920 1553 ἔχειν

344 1568 562 1619 ἐρρωμένας
598 1570 712 1622 παρὰ
744 1569 799 1612 τοὶ
833 1569 941 1612 δεινοὶ
977 1572 1042 1613 καὶ
1079 1571 1339 1622 πεπηγυίας·
1370 1572 1456 1613 ἐπεὶ
1486 1572 1528 1613 οὗ
1556 1571 1666 1620 μετὰ
1697 1575 1773 1614 τῶν
1800 1569 1922 1614 τοιού·

341 1655 416 1680 των
450 1640 688 1690 προλήψεων
724 1637 808 1691 ,,εἷς
842 1641 968 1687 οἱωνὸς
1001 1640 1160 1692 ἄριστος
1194 1642 1308 1685 κτὲ.”

400 1709 482 1752 Pro
530 1711 615 1752 ἐπεὶ
666 1713 708 1753 οὐ
757 1711 874 1754 aliud
929 1712 1030 1768 quid
1083 1714 1334 1768 requiritur,
1392 1726 1491 1755 nam
1541 1713 1634 1756 veri
1679 1711 1921 1770 philosophi

340 1784 451 1823 certe
503 1781 829 1836 proficiscuntur
875 1797 898 1825 a
945 1785 1167 1826 sententiis
1210 1783 1347 1839 qualis
1391 1783 1492 1826 haec
1534 1782 1732 1826 Hectoris
1773 1788 1837 1826 est
1878 1786 1922 1825 et

340 1850 470 1893 altera
515 1866 622 1908 quae
665 1853 965 1910 subiungitur:
1020 1855 1145 1905 πέρας
1189 1854 1264 1904 μέν
1307 1855 1414 1896 ἔστιν
1446 1852 1603 1896 ἅπασιν
1645 1854 1857 1906 ἀνθρώποις
1902 1853 1919 1896 ὃ

341 1921 526 1969 θάνατος,

405 2079 474 2123 Or.
507 2080 548 2122 II
581 2080 711 2123 33313}
754 2081 869 2124 Bono
900 2081 972 2124 sed
1003 2095 1135 2138 egeno
1166 2085 1312 2138 poetae
1345 2081 1517 2138 quidam
1547 2081 1680 2124 dixit:

404 2153 503 2193 ἀλλ’
537 2153 569 2193 εἶ
604 2155 698 2193 κατ’
731 2152 997 2205 Ἀλέξανδρον
1031 2152 1181 2204 ἐγένου,
1215 2153 1328 2195 κατὰ
1362 2153 1505 2205 στίχον
1538 2150 1587 2193 ἄν
1620 2167 1678 2194 σοι
1712 2150 1867 2204 Κύπρον
1898 2150 1920 2199 ἢ

347 2223 524 2271 Φοινίκην
557 2222 711 2265 ἔδωκεν.

404 2292 599 2335 Nimium
641 2294 720 2336 hoc
765 2298 854 2336 tam
891 2293 1126 2337 Alexandro
1168 2308 1296 2350 quam
1336 2293 1545 2337 laudatori
1578 2295 1683 2345 eius,
1715 2292 1786 2336 sed
1819 2292 1920 2349 quid

343 2366 398 2406 sit
429 2365 739 2407 rescribendum
775 2366 925 2408 nescio.

406 2519 538 2564 334G
580 2522 813 2577 Postquam
853 2523 1042 2564 narravit
1073 2521 1124 2564 de
1156 2535 1256 2578 rege
1288 2523 1361 2577 qui
1393 2522 1491 2577 equi
1520 2521 1738 2564 hinnitum
1767 2520 1921 2576 optimi

345 2592 530 2634 tibicinis
561 2593 791 2648 praeferret
823 2594 918 2643 arti,
951 2594 1010 2634 sic
1044 2592 1273 2635 exclamat:

407 2665 467 2708 τίς
510 2662 558 2704 ἂν
603 2661 666 2705 οὖν
708 2665 820 2716 παρὰ
865 2663 1052 2710 τοιούτοις
1097 2663 1342 2712 βασιλεῦσιν
1379 2661 1546 2711 αὔξησις
1581 2661 1603 2711 ἢ
1636 2662 1735 2711 τιμὴ
1768 2660 1919 2714 τέχνης

349 2732 501 2783 γένοιτο
545 2734 612 2775 καὶ
656 2732 822 2782 Μούσης
866 2734 1079 2786 τοιαύτης;
1124 2734 1220 2775 ἀλλ’
1263 2733 1350 2776 οὐδὲ
1393 2733 1506 2786 παρὰ
1547 2738 1628 2779 τοῖς
1671 2732 1922 2784 ἀντιτέχνοις

350 2804 546 2846 ἐθέλουσιν
579 2802 679 2846 εἶναι
709 2806 794 2847 κτὲ.

408 2874 571 2917 Ultima
612 2890 711 2918 sana
754 2890 842 2918 esse
883 2878 975 2918 iure
1017 2874 1233 2918 contendit
1275 2875 1421 2918 editor.
1465 2873 1548 2916 Sed
1589 2888 1673 2916 non
1713 2871 1924 2916 intellexit

347 2946 552 3001 interpres
586 2948 658 3002 qui
691 2948 749 2988 sic
780 2948 934 2989 vertit:
970 2948 1101 3002 „quin
1132 2947 1260 2988 etiam
1292 2960 1374 2988 non
1406 2945 1546 2987 ferunt
1584 2945 1620 2986 si
1653 2945 1747 2999 quis
1778 2942 1922 2999 aliqua
