2002 3372
865 308 952 351 385

111 433 232 478 bium
279 431 343 477 IX
388 433 555 477 orditur
602 429 828 476 Problema
879 431 959 475 15:
1008 436 1133 483 „tum
1181 427 1379 489 placenta
1424 426 1706 474 afferebantur

109 504 302 563 praemia
328 509 562 562 puerorum
588 505 664 561 qui
691 502 852 560 optime
878 503 1125 546 saltassent:
1151 503 1315 546 iudices
1339 507 1460 546 erant
1486 503 1705 546 Meniscus

110 577 359 634 paedotriba
402 580 463 620 et·
493 577 622 620 frater
664 589 787 619 meus
828 574 1075 632 Lamprias:
1117 577 1155 618 is
1195 576 1312 618 enim
1353 570 1467 632 puer*
1501 573 1705 618 excellere

109 647 274 698 solebat
297 647 528 706 pyri-biche
553 651 598 691 et
622 645 947 705 gesticulatione
972 660 1118 690 omnes
1139 645 1246 690 alios
1263 647 1489 704 superabat
1505 641 1705 703 pueros”.

110 717 337 763 Habemus
368 733 483 777 -ergo
512 718 653 763 hasce
697 716 962 762 locutiones:
987 728 990 730 ’
1011 720 1067 761 τὰ
1109 719 1200 769 μεθ’
1243 719 1354 769 ἡμῶν
1394 720 1705 771 φιλοσοφοῦντα

110 790 307 844 μειράκια
338 794 384 834 et
415 788 474 833 τὶ
505 789 653 833 παιδία
688 790 745 832 τὰ
775 787 870 841 ἅμα
898 790 1059 844 Φιλίνῳ.
1092 789 1268 833 Accedit
1294 791 1423 833 tertia
1447 793 1507 847 (p.
1535 788 1622 833 138
1634 787 1705 843 O):

111 863 153 906 ἓν
181 861 416 917 φιλοσοφία
447 860 820 915 παρατρεφόμενοι.
854 861 984 904 Estne
1011 866 1126 904 certa
1152 860 1360 918 quaedam
1386 862 1490 904 haec
1515 859 1708 904 alumno-

108 946 213 985 rum·
238 931 416 989 species?
448 932 515 976 Ita
545 947 590 976 ee
622 947 688 976 res
720 935 757 976 si
787 933 930 986 habet,
957 934 1195 990 comparari
1219 937 1398 989 possunt
1423 946 1522 976 cum
1549 936 1708 976 nostro-

107 1004 238 1049 sum-⁵
249 1004 578 1063 gymnasiorum
621 1004 887 1056 auditoribus,
930 1006 992 1047 ita
1031 1009 1094 1056 ut,
1126 1003 1231 1047 dum
1262 1004 1336 1047 alii
1365 1006 1505 1062 ipsam
1537 1003 1708 1047 discunt

109 1075 442 1134 philosophiam,
481 1076 782 1120 tantummodo
815 1076 1034 1119 audientes
1066 1075 1294 1119 assideant.
1338 1076 1479 1132 Atque
1511 1076 1614 1119 haec
1643 1077 1708 1118 in—

111 1146 368 1206 terpretatio
391 1149 439 1192 in
469 1145 599 1191 illum
630 1147 775 1191 locum
809 1149 974 1205 optime
1006 1142 1247 1204 quadraret.
1282 1147 1359 1191 Fet
1389 1149 1504 1191 enim
1538 1162 1560 1190 e
1585 1162 1707 1203 prae-

109 1219 236 1275 ceptis
261 1218 551 1275 eoniuqabibus,
578 1216 725 1277 ibique
752 1219 946 1263 Polliano
973 1219 1203 1262 traduntur
1230 1219 1438 1277 quaedam
1467 1233 1574 1276 quae
1602 1219 1706 1262 olim

108 1291 198 1335 isin
229 1290 398 1335 audivit
430 1290 472 1334 lv
503 1293 739 1345 φιλοσοφίᾳ
770 1290 1153 1344 παρατρεφόμενος,
1187 1294 1232 1334 at
1260 1304 1373 1334 nunc
1405 1292 1444 1334 ei
1475 1293 1564 1334 iam
1589 1292 1709 1334 venit

107 1362 342 1406 actae-,ue
383 1367 631 1417 φιλοσοφεῖν
662 1367 723 1421 (p.
758 1362 844 1406 145
857 1362 924 1417 Β).
957 1362 1039 1406 Sed
1072 1360 1182 1406 nihil
1212 1362 1353 1406 obstat
1384 1364 1616 1420 quominus
1647 1363 1708 1405 sic

110 1432 427 1485 inaluniuomm
473 1447 621 1478 omnes
665 1434 734 1478 illi
783 1433 1132 1492 philosophorum
1179 1432 1477 1492 significentur
1517 1434 1706 1478 alumni:

112 1504 286 1563 magua·-
303 1507 419 1550 euim
450 1503 716 1550 educat-ionis
747 1520 842 1563 pars
867 1508 911 1549 in
939 1520 988 1549 ea
1015 1510 1220 1550 versatur
1236 1520 1281 1550 re
1306 1504 1419 1563 quod
1445 1507 1500 1549 iis
1527 1507 1709 1548 adsidere

113 1575 364 1622 menidam
404 1575 590 1622 seniores
621 1579 816 1636 graviter
846 1572 959 1621 inter
990 1592 1033 1621 se
1064 1578 1115 1621 de
1146 1579 1298 1635 quovis
1330 1578 1551 1636 disputant
1580 1591 1708 1635 argu-

110 1650 272 1693 mento.
317 1649 411 1694 Hoc
453 1663 556 1694 vero
587 1652 877 1694 certissimum
908 1653 973 1693 est
1004 1663 1221 1694 summam
1254 1650 1385 1693 fuisse
1415 1649 1590 1694 illorum
1623 1658 1710 1693 ma-

110 1720 347 1778 gistrorum
378 1721 492 1779 apud
525 1735 674 1766 omnes
706 1720 936 1779 discipulos
961 1715 1274 1765 auctoritatem.
1309 1721 1423 1765 Luce
1449 1721 1604 1765 clarius
1629 1721 1709 1764 hoc

111 1796 287 1849 apparet
313 1806 336 1836 e
363 1791 464 1836 libri
490 1792 552 1836 III
581 1792 842 1851 problemate
869 1793 906 1836 1.
939 1793 1004 1836 Ibi
1021 1797 1086 1837 sat
1102 1795 1227 1850 gravi
1245 1795 1435 1837 oratione
1453 1794 1708 1837 Ammonius

110 1864 363 1908 coronarum
389 1867 658 1922 vituperavit
685 1879 827 1917 usum,
856 1867 979 1908 cuius
1006 1879 1106 1908 cum
1132 1865 1368 1922 disputatio
1384 1864 1435 1908 ad
1453 1865 1582 1909 finem
1599 1869 1710 1908 esset

110 1934 330 1992 perducta,
341 1935 630 1979 adolescentuli
642 1937 825 1991 qraviter
831 1937 1006 1992 permoti
1020 1937 1120 1979 clam
1139 1951 1304 1980 coronas
1318 1952 1413 1979 suae
1428 1937 1707 1992 deposuerunt.

160 2006 269 2051 :Hac
294 2007 383 2058 fuit
413 2010 669 2052 auctoritate
699 2010 768 2052 vir
797 2008 874 2051 ille
906 2021 1034 2065 quem
1060 2009 1151 2065 ipse
1178 2007 1437 2053 Plutarchus
1459 2012 1580 2052 tanta
1602 2007 1709 2051 solet

110 2076 249 2123 colere
273 2081 545 2123 -etvvenerari
575 2081 749 2137 pietate.
792 2079 874 2123 Sed
907 2079 1040 2123 simul
1074 2079 1306 2124 Plutarcho
1337 2094 1506 2138 quoque
1537 2093 1708 2138 persua-

111 2150 357 2194 ήιιειίὶιηιτιι.Ἰ
378 2151 511 2195 fuisse
557 2150 848 2210 intelligimus
894 2151 1002 2195 hanc
1049 2151 1309 2195 intercedere
1356 2157 1549 2209 oportere
1596 2154 1709 2195 inter

110 2223 372 2280 magistrum
413 2222 760 2280 discipulumque
800 2224 1036 2275 rationem,
1082 2222 1294 2281 illumque
1337 2223 1514 2267 demum
1557 2237 1709 2267 verum

111 2307 202 2338 esee
226 2307 459 2351 puerorum
486 2294 820 2339 erudiendorum
847 2294 1068 2347 artificem,
1097 2309 1225 2353 quem
1254 2295 1457 2352 discipuli
1485 2299 1709 2339 vereantur

111 2370 465 2423 venerenturque.
497 2365 647 2424 Neque
674 2367 752 2411 hoc
781 2366 1092 2424 negligendum
1120 2368 1344 2410 Ammonii
1372 2381 1444 2410 ore
1470 2367 1538 2410 hic
1565 2368 1708 2425 ipsum

110 2436 231 2494 loqui
273 2435 555 2481 Plutarchum
598 2452 697 2482 cum
740 2452 891 2482 coenae
924 2437 1068 2482 lautae
1100 2443 1143 2482 et
1174 2440 1372 2496 opiparae
1403 2441 1608 2496 suscipiat
1641 2453 1709 2496 pa-

111 2509 368 2552 trocinium:
404 2523 520 2559 „non
551 2509 755 2566 quidem''
789 2512 849 2553 ait
884 2511 1138 2562 „necessarii
1170 2516 1270 2554 sunt
1302 2511 1384 2554 cibi
1410 2512 1709 2567 exquisitiores

111 2579 184 2623 sed
210 2580 309 2636 'ipsa
338 2580 492 2624 natura
522 2595 594 2625 eos
626 2580 744 2624 dedit
775 2579 1021 2625 necessariis
1052 2578 1276 2626 comites''.
1466 2579 1468 2581 ’

114 2684 118 2690 .
174 2649 395 2696 Postremo
427 2655 470 2695 et
501 2652 580 2696 hoc
612 2653 923 2697 observandum
956 2667 1039 2696 non
1071 2655 1355 2711 praeceptoris
1381 2654 1506 2697 modo
1534 2666 1708 2696 munere

111 2721 238 2779 fungi
285 2723 565 2766 Ammonium
612 2722 684 2766 sed
733 2725 866 2768 etiam
909 2724 1032 2767 illius
1079 2727 1364 2782 magistratus
1415 2739 1544 2782 quem
1595 2738 1708 2767 nunc

115 2793 386 2846 „scholarum
441 2795 754 2851 inspectorem’'
810 2794 1024 2853 appellare
1077 2795 1276 2839 solemus.
1335 2796 1541 2853 Legimus
1593 2797 1707 2839 enim

112 2871 157 2922 p.
191 2863 354 2908 736D:
397 2866 631 2917 Ἀμμώνιος
674 2866 863 2916 Ἀθήνησι
908 2869 1152 2920 στρατηγῶν
1183 2867 1472 2918 ἀπόδειξιν
1506 2865 1708 2917 ἔλαβεν

113 2938 308 2988 (examen
340 2936 539 2990 habebat)
570 2938 610 2979 ἐν
639 2938 693 2991 τῷ
722 2940 941 2989 Διογενείῳ
968 2943 1044 2981 τῶν
1071 2938 1314 2991 γράμματα
1348 2937 1416 2980 καὶ
1449 2939 1708 2990 γεωμετρίαν

114 3007 182 3050 καὶ
223 3010 418 3059 μουσικὴν
459 3009 744 3059 μανθανόντων
786 3009 971 3063 ἐφήβων,
1015 3010 1084 3052 καὶ
1118 3009 1214 3058 τοὺς
1245 3008 1599 3060 εὐδοκιμήσαντας
1631 3013 1708 3052 τῶν

114 3078 374 3123 διδασκάλων
417 3081 481 3124 ἐπὶ
526 3080 684 3125 δεῖπνον
724 3082 915 3126 iudaeae.
962 3082 1102 3139 Atque
1140 3081 1254 3125 huuc
1286 3082 1417 3126 fuisse
1450 3095 1612 3125 morem
1643 3085 1707 3134 ut,

1485 3164 1527 3196 2⁵
