2002 3372
878 211 963 260 165

58 343 62 368 ’ἶ
118 339 396 385 simillimum
443 343 531 392 est;
582 340 742 383 etenim
785 339 839 382 ad
882 348 1137 397 argumenta
1176 341 1289 383 inter
1331 353 1374 382 se
1416 339 1718 396 cognatissima

58 412 59 416 ’
118 414 335 470 pertinent
366 415 410 455 et
439 412 685 455 referuntur
713 411 759 454 in
791 413 844 454 iis
877 410 1089 468 colloquia
1121 411 1234 468 apud
1267 410 1480 467 templum
1509 409 1719 467 Apollinis

49 474 54 475 ⁷
119 480 317 542 Delphici
341 484 500 527 habita.
530 483 722 536 Quarum
749 484 825 539 qui
852 483 1081 526 decursum
1110 496 1365 539 cognoscere
1391 483 1512 539 cupit
1535 483 1572 524 is
1590 480 1718 524 Volk-

117 568 325 601 mannum
367 555 504 607 adeat,
538 556 714 612 egregie
744 553 888 606 illum,
921 558 971 596 ut
1002 554 1122 606 solet,
1155 558 1437 606 enarrantem,
1470 553 1543 596 sed
1574 554 1718 609 potius

114 629 260 686 ipsum
300 623 585 670 Plutarchum
622 625 743 683 legat
775 639 903 682 quem
935 626 1005 669 hic
1038 626 1162 669 αὑτὸν
1195 627 1341 668 ἑαυτοῦ
1376 624 1603 667 δεινότατον
1636 624 1718 666 sibi

48 695 50 698 ’
115 700 262 745 visum
293 712 378 743 non
410 703 568 742 temere
601 698 877 740 conficimus:
910 697 961 740 de
988 698 1116 740 rebus
1142 689 1257 740 enim
1285 699 1378 754 agit
1403 710 1508 754 quas
1535 696 1716 738 maximi

114 771 219 815 facit
259 774 303 814 et
341 772 387 814 in
419 770 576 826 quibus
607 773 674 812 est
705 770 1039 812 versatissimus.
1073 769 1215 812 Pauca
1247 773 1391 812 tamen
1426 768 1476 811 de
1507 768 1634 811 hocce
1666 766 1716 809 li-

51 863 60 866 ..
114 841 228 887 bello
249 841 508 886 Volkmanni
529 840 682 884 addere
699 841 958 884 enarrationi
974 840 1120 884 velim.
1154 840 1385 884 Dedicatus
1401 843 1465 883 est
1481 839 1715 896 Sarapioni,

113 914 223 966 viro,
266 918 317 957 ut
357 914 523 970 opinor,
563 913 782 970 Aegyptio
825 914 1009 964 natione,
1053 912 1127 955 sed
1169 911 1359 955 doctrina
1392 910 1554 955 Graeco
1587 915 1715 968 atque

40 983 42 987 ’
113 984 290 1029 fortasse
331 986 464 1028 etiam
507 985 685 1027 civitate
728 983 882 1027 donato
914 983 1132 1036 Romana;
1166 997 1350 1040 magnus
1380 982 1456 1026 ille
1489 983 1621 1026 fuisse
1653 984 1715 1024 vi-

113 1054 240 1100 detur
279 1055 626 1107 mathematicus,
668 1069 768 1098 nam
812 1069 920 1111 quae
961 1057 1006 1097 in
1049 1054 1126 1098 illo
1168 1054 1376 1111 colloquio
1408 1055 1460 1097 ab
1490 1056 1582 1111 ipso
1614 1059 1715 1096 sunt

111 1127 330 1186 disputata
355 1126 588 1171 Plutarcho
617 1141 665 1170 ea
693 1128 836 1170 omnia
862 1126 915 1169 ad
943 1128 1149 1170 maiorem
1166 1128 1380 1183 pertinent
1397 1126 1714 1183 Pythagoricae

111 1199 380 1253 ἀριθμητικῆς
420 1202 625 1250 μυστικῆς
667 1200 745 1251 (sic
777 1199 893 1241 enim
923 1197 1048 1241 illam
1081 1197 1296 1254 appellare
1326 1211 1555 1254 possumus
1587 1197 1711 1240 disci-

109 1269 292 1329 plinam)
326 1269 528 1329 gloriam.
570 1270 749 1313 Poetam
782 1284 882 1313 eum
917 1270 1048 1312 fuisse
1080 1274 1124 1313 et
1155 1269 1336 1312 Athenis
1367 1270 1581 1312 habitasse
1609 1268 1711 1311 libri

109 1344 195 1401 qui·
215 1343 412 1399 sequitur
441 1341 510 1395 (de
542 1341 727 1399 Pythiae
753 1340 955 1394 oraculis)
981 1340 1102 1384 docet
1128 1340 1248 1384 locus
1275 1355 1315 1397 p.
1346 1339 1486 1383 396D
1513 1344 1556 1383 et
1583 1339 1710 1397 paulo

109 1418 209 1472 post
249 1417 310 1472 (p.
342 1413 494 1467 402F)
536 1427 637 1457 eum
670 1413 721 1456 de
752 1412 1062 1469 philosophicis
1094 1412 1413 1469 quaestionibus
1446 1411 1593 1455 fecisse
1625 1425 1710 1454 car-

109 1487 230 1530 mina
243 1487 556 1544 cognoscimus.
584 1484 730 1527 Etiam
745 1485 791 1527 in
809 1484 1139 1538 Quaestionibus
1157 1482 1464 1528 Convivalibus
1481 1488 1540 1540 (p.
1561 1482 1708 1536 628A)

110 1557 163 1602 de
205 1559 298 1601 eius
329 1561 420 1601 arte
450 1557 641 1614 legimus
672 1556 787 1599 haud
819 1558 944 1614 parvi
975 1557 1186 1600 momenti
1217 1556 1451 1613 quaedam:
1484 1555 1559 1598 ille
1590 1557 1705 1598 enim

110 1633 175 1674 est
200 1630 275 1687 qui
298 1631 347 1673 ‘in
373 1630 618 1682 certamine,
646 1630 769 1672 cuius
796 1633 998 1686 sumptus
1023 1629 1262 1672 Antiochus
1279 1628 1382 1671 tulit
1398 1628 1706 1685 Philopappus,

27 1734 33 1746 .
106 1702 344 1760 reportavit
359 1702 599 1758 praemium
610 1714 622 1754 ς
637 1701 957 1758 Aegyptiorum
971 1714 1112 1743 mores
1125 1700 1252 1743 habet
1266 1701 1460 1757 cognitos
1471 1704 1530 1756 (p.
1545 1699 1707 1752 4ΟΟΑ),

28 1806 29 1809 ¹
105 1776 150 1816 et
180 1771 425 1817 Stoicorum
453 1773 690 1816 doctrinam
718 1774 927 1829 sequitur.
960 1772 1088 1815 Nunc
1114 1786 1138 1815 a
1163 1771 1398 1815 Plutarcho
1426 1772 1628 1815 edocetur
1655 1771 1706 1814 de

104 1843 315 1902 colloquio
355 1843 433 1888 illo
474 1845 621 1888 habito
663 1858 748 1901 quo
792 1847 987 1901 tempore
1029 1843 1143 1887 Nero
1184 1845 1230 1886 in
1274 1841 1453 1887 Graecia
1484 1847 1586 1895 erat,
1620 1845 1649 1886 i.
1668 1857 1704 1886 e.

103 1928 143 1960 a.
170 1914 230 1960 66
256 1919 316 1973 (p.
336 1915 423 1960 385
437 1915 489 1970 Β)
515 1915 629 1959 Τωη
657 1915 917 1959 Plutarchus
944 1915 1180 1959 admodum
1209 1916 1342 1959 etiam
1359 1919 1450 1958 erat
1466 1914 1706 1959 adolescens

102 1986 178 2031 sed
207 1988 296 2031 iam
327 1985 565 2045 perdoctus.
599 1987 836 2045 Postquam
867 1989 985 2030 enim
1017 1987 1157 2030 multa
1183 1988 1320 2044 perite
1346 1991 1390 2030 et
1415 1987 1704 2044 Pythagorice

102 2057 156 2103 de
194 2060 388 2102 numeris
427 2058 680 2116 disputavit,
726 2061 787 2102 sic
830 2059 1101 2111 Ammonius,
1147 2060 1356 2115 magister
1388 2060 1495 2108 eius,
1527 2061 1702 2116 incipit:

104 2129 176 2172 οὔκ
216 2128 330 2181 ἄξιον
371 2131 470 2182 πρὸς
514 2133 654 2173 ταῦτα
699 2131 795 2174 λίαν
839 2131 1018 2183 ἀκριβῶς
1062 2130 1297 2181 ἀντιλέγειν
1331 2136 1416 2178 τοῖς
1448 2131 1559 2181 νέοις,
1594 2131 1704 2173 unde

102 2199 197 2244 iure
237 2200 422 2244 efficitur
457 2215 559 2245 eum
600 2216 638 2245 a.
672 2201 729 2246 47
776 2205 927 2245 natum
971 2216 1075 2246 esse.
1108 2202 1259 2259 Neque
1289 2201 1430 2245 multo
1463 2206 1540 2245 aut
1570 2204 1706 2246 maior

22 2298 25 2299 ν
103 2275 180 2317 aut
211 2274 352 2317 minor
381 2273 514 2317 frater
544 2275 638 2317 eius
669 2273 905 2330 Lamprias,
938 2273 1051 2331 quod
1083 2277 1259 2331 apparet
1290 2288 1342 2316 ex
1373 2274 1488 2317 hisce
1519 2288 1704 2330 quorum

102 2346 244 2389 nescio
275 2357 328 2388 au
361 2345 553 2389 nondum
587 2360 688 2389 vera
718 2347 775 2388 sit
801 2349 1022 2403 perspecta
1050 2347 1274 2389 sententia.
1302 2345 1491 2388 Literam
1517 2345 1640 2389 illam
1670 2353 1702 2389 E

106 2415 270 2474 templo
313 2415 522 2474 Delphico
565 2417 735 2460 affixam
780 2419 841 2460 sic
872 2417 1095 2474 Lamprias
1127 2417 1332 2474 explicat:
1369 2419 1608 2474 „sapientes
1638 2418 1707 2460 illi

106 2490 182 2545 qui
211 2487 415 2533 dicuntur
440 2502 589 2532 revera
614 2503 698 2532 non
727 2493 892 2546 septem
920 2489 1095 2532 fuerunt
1122 2489 1195 2532 sed
1223 2491 1424 2545 quinque,
1453 2489 1525 2531 sed
1551 2504 1704 2532 nomen

105 2559 219 2604 illud
248 2559 546 2604 affectaverant
577 2562 709 2603 etiam
742 2561 826 2604 duo
852 2563 1039 2619 tyranni,
1069 2560 1301 2605 Cleobulus
1329 2564 1370 2603 et
1398 2561 1629 2603 Periander
1657 2566 1706 2604 ut

105 2632 337 2689 sapientiae
375 2631 513 2689 gloria
553 2631 890 2676 inclarescerent.
924 2632 1040 2687 Quos
1074 2634 1204 2676 ceteri
1235 2645 1332 2675 cum
1367 2631 1510 2688 palam
1544 2632 1705 2675 fraudis

105 2715 285 2760 arguere
311 2717 394 2746 non
422 2702 640 2754 auderent,
670 2704 716 2745 in
742 2702 834 2747 loco
862 2706 1089 2762 conspicuo
1115 2703 1238 2747 illam
1267 2707 1503 2760 posuerunt
1518 2702 1704 2756 literam,

107 2775 169 2818 sic
209 2773 340 2818 deum
379 2776 524 2832 ipsum
568 2776 764 2818 veritatis
805 2779 960 2820 testem
992 2777 1269 2820 advocantes:
1304 2782 1335 2818 E
1371 2776 1485 2818 enim
1519 2777 1706 2833 quinque

108 2843 368 2903 significat''.
394 2846 643 2904 Sequuntur
669 2846 796 2890 haec:
825 2847 843 2890 ὄ
861 2849 936 2898 μὲν
953 2844 1017 2891 οὖν
1034 2850 1268 2898 Ἀμμώνιος
1287 2847 1422 2899 ἡσυχῆ
1442 2847 1705 2897 διεμειδίάσε.

111 2915 200 2961 Gur
239 2915 394 2961 leniter
433 2918 626 2961 subridet
658 2918 944 2963 Ammonius?
980 2919 1239 2971 Delectatur,
1273 2923 1322 2961 ut
1354 2920 1516 2974 opinor,
1551 2919 1708 2964 adoles-

111 2987 282 3031 centulo
323 2988 462 3046 lepide
504 2989 750 3033 historiolas
792 2991 992 3048 fingente,
1034 2991 1104 3034 sed
1139 2991 1297 3033 urbane
1330 2990 1462 3033 simul
1493 2991 1708 3049 significat
