1930 3354
848 252 935 296 613

71 371 716 431 ,Uknuisprovincialibusque
746 378 790 419 et
821 376 976 432 quibus
1007 375 1118 420 non?
1150 377 1231 422 Sed
1262 380 1492 435 antequam
1523 378 1682 435 ubique

95 447 306 492 terrarum
346 446 596 499 innotescat,
637 446 866 489 recitandus
907 452 984 500 est,
1026 449 1154 505 idque
1196 451 1322 506 gregi
1362 455 1462 493 noto
1503 463 1683 506 caroque

61 543 63 546 -
94 516 344 576 'dxxipsum
373 522 584 561 oratorem
615 518 747 574 probe
776 520 958 563 noverit.
992 519 1155 577 Estque
1186 528 1326 564 orator
1355 519 1431 564 ille
1458 521 1586 564 homo
1613 522 1687 578 qui

92 587 300 637 banchus
327 589 434 645 ipsis
465 594 673 640 versatur,
706 591 782 646 qui
812 589 990 633 humani
1021 591 1082 634 nil
1113 606 1138 635 a
1163 606 1207 635 se
1234 591 1423 636 alienum
1449 597 1587 649 putat,
1614 592 1686 635 sed

59 693 61 700 ,
94 659 376 716 monasteris
402 663 468 703 est
491 659 678 702 maium
704 660 877 703 medicus
901 663 976 718 qui
1001 676 1173 718 prorsus
1200 663 1348 707 eadem
1375 665 1537 707 ratione
1563 677 1685 707 suam

94 733 262 777 uomet
306 733 441 775 utem
488 735 618 788 atque
661 730 737 776 ille
785 734 856 776 cui
897 747 1073 789 corpora
1114 735 1298 778 curanda
1341 737 1685 780 committuntur.

92 800 304 849 m
325 801 469 847 medici
499 806 564 846 est
592 809 898 860 argumentum
929 803 1040 847 illud
1074 805 1199 862 quod,
1232 807 1316 851 nisi
1347 808 1490 850 omnia
1515 821 1585 850 me
1611 806 1688 850 fal-

59 871 61 875 ’
92 870 207 925 lanta,
228 873 332 930 ipsi
356 874 570 930 -scriptori
611 875 807 917 omnium
849 879 1206 932 argumentorum
1239 878 1396 933 quibus
1426 877 1686 935 Epicureum

92 943 227 999 idn&
254 943 413 996 „lateat
445 946 535 989 vita
566 945 671 989 tua”
704 946 864 990 refutat
894 946 1189 991 firmissimum
1222 950 1364 992 visum
1397 954 1480 992 est:
1526 951 1687 1001 „immo

91 1018 378 1073 xum-,pateat
418 1030 548 1073 quam
591 1018 793 1069 maxime,
837 1020 1088 1074 praesertim
1126 1021 1162 1062 si
1194 1021 1352 1064 vitiosa
1381 1025 1469 1064 est:
1501 1021 1687 1064 mentium

91 1088 218 1134 αἰαῖ
236 1086 390 1131 medico
420 1087 561 1132 morbi
591 1089 658 1131 tui
689 1092 790 1132 sunt
820 1090 1150 1146 cognoscendi''.

91 1159 238 1204 ziassed
279 1161 475 1217 apertius
520 1161 652 1204 etiam
694 1175 738 1204 se
780 1165 1001 1219 tamquam
1043 1162 1350 1220 philosophum
1391 1163 1686 1221 theologicum

51 1214 56 1227 ¹
90 1229 581 1289 pmdimwjhilosophum
613 1233 680 1276 aio
711 1234 782 1276 cui
814 1235 947 1276 totius
977 1233 1273 1291 philosophiae
1304 1235 1422 1283 τέλος
1454 1235 1685 1293 theologia.

89 1302 388 1349 Hnioaeomnis
427 1301 654 1360 disciplina
692 1305 873 1362 physica
913 1304 1068 1356 Deum,
1100 1307 1331 1357 iustitiam,
1362 1307 1680 1363 providentiam

49 1370 54 1431 J
90 1372 298 1426 mollero
327 1373 462 1418 debet
501 1378 546 1418 et
584 1374 816 1428 illustrare,
858 1390 961 1431 ergo
998 1376 1222 1433 disciplina
1252 1378 1430 1436 physica
1462 1392 1570 1435 quae
1601 1393 1685 1422 non

88 1444 329 1491 hisham
369 1445 544 1490 adducit
581 1445 702 1491 labor
741 1453 806 1491 est
849 1448 1019 1491 inutilis
1056 1448 1319 1506 sterilisque:
1353 1454 1410 1502 et,
1442 1455 1492 1493 ut
1522 1452 1684 1507 opinor,

87 1519 204 1562 nuth
222 1545 226 1549 -
244 1517 309 1561 sic
345 1518 529 1574 scriptor
566 1519 736 1562 statuit.
779 1518 924 1562 Huius
946 1519 1126 1574 politica
1155 1535 1225 1563 ars
1254 1535 1337 1564 non
1366 1520 1538 1564 lucrum
1569 1521 1687 1564 utili-

87 1590 312 1644 tatemque
344 1592 535 1645 spectat,
580 1588 654 1632 sed
700 1591 976 1646 aequitatem,
1025 1590 1154 1634 huius
1201 1591 1469 1649 philosophia
1510 1591 1685 1636 moralis

88 1671 209 1705 cum·
227 1658 352 1716 ‘leges
382 1660 650 1717 virtutesque
681 1659 832 1704 civiles
864 1661 1136 1705 commendat
1167 1666 1262 1705 tum
1294 1677 1393 1720 prae
1424 1665 1575 1706 ceteris
1605 1679 1686 1706 mu·

89 1734 209 1789 bons,
223 1731 402 1776 {civium
443 1731 662 1775 camdem.
710 1731 796 1775 Hic
837 1734 986 1776 statim
1026 1732 1156 1776 illum
1196 1738 1372 1777 nostrum
1415 1736 1684 1792 agnoscimus

88 1800 390 1855 Bluhrchum,
419 1801 656 1854 docentem,
683 1803 892 1860 quidquid
919 1805 972 1848 ab
997 1804 1246 1848 hominibus
1271 1805 1553 1863 postulamus,
1580 1821 1686 1850 nun-

87 1873 392 1932 qnam-“nobis
430 1887 520 1918 esse
561 1874 902 1919 obliviscendum
943 1890 1044 1919 cum
1085 1878 1256 1919 eiusdem
1298 1891 1372 1921 nos
1412 1877 1533 1935 loqui
1575 1878 1684 1920 vitae

86 1944 221 1991 ‘tedia
261 1943 478 1997 „Nolite”
498 1947 560 1989 sic
589 1945 873 2004 philosophus
904 1947 974 1991 hic
1004 1947 1189 2005 collegas
1220 1961 1320 1993 suos
1352 1953 1498 1994 monet
1532 1948 1684 2001 „velut

86 2020 323 2062 mannate
353 2015 553 2074 aditoque
584 2017 677 2063 loco
706 2020 917 2076 imperare
947 2020 1193 2064 hominibus
1223 2023 1446 2078 tamquam
1478 2020 1628 2066 alienis
1659 2035 1684 2066 a

40 2145 42 2151 Ι
90 2088 212 2135 vobis
251 2087 525 2141 animalibus,
567 2089 641 2133 sed
682 2104 850 2147 semper
891 2095 1155 2136 mementote
1197 2098 1240 2136 et
1280 2092 1378 2137 illos
1426 2097 1468 2137 et
1515 2098 1683 2138 vosmet

39 2207 42 2210 ,
86 2161 336 2219 ipsof'sssc
364 2159 607 2205 homines''.
635 2161 696 2205 Et
727 2162 840 2219 quod
871 2164 985 2206 inter
1012 2164 1239 2207 hominum
1273 2164 1590 2223 bestiarumque
1620 2167 1683 2208 in-

88 2233 496 2278 tamstconviotum
527 2232 606 2277 hoo
637 2246 727 2278 esse
759 2233 880 2278 docet
911 2233 1099 2278 clemens
1127 2234 1204 2279 ille
1235 2239 1278 2280 et
1304 2235 1508 2280 amabilis
1538 2242 1683 2294 pastor

89 2301 396 2350 ahai-onmis
426 2303 541 2361 quod
571 2306 744 2349 innatus
775 2307 833 2349 sit
864 2306 1112 2350 hominibus
1144 2307 1340 2350 hominum
1372 2322 1493 2351 amor
1532 2307 1683 2351 firmis·

88 2375 674 2434 dmuseineorissimmque:
710 2377 808 2429 „hic
834 2382 886 2421 ut
911 2378 1092 2421 tenebrae
1119 2383 1365 2422 metuamus
1391 2379 1542 2424 efficit:
1572 2384 1683 2424 tene·

87 2446 188 2492 bne
207 2447 329 2490 enim
352 2449 583 2504 quominus
608 2447 773 2492 duabus
800 2449 997 2493 fruamur
1027 2451 1154 2494 rebus
1185 2451 1356 2494 obstant
1371 2452 1526 2508 quibus
1542 2465 1682 2496 carere

87 2521 340 2576 mn‘poust
365 2520 440 2576 qni
465 2520 602 2563 vitam
631 2533 730 2564 vere
755 2520 1108 2578 philosophicam,
1135 2522 1214 2565 hoc
1240 2526 1304 2565 est
1325 2524 1464 2566 vitam
1489 2536 1681 2567 serenam

32 2586 33 2589 ¹
86 2588 344 2647 boumque,
375 2589 529 2648 degere
559 2590 686 2635 velit:
720 2592 931 2635 hilaritate
961 2596 1005 2636 et
1035 2594 1072 2636 si
1102 2594 1164 2636 ita
1194 2607 1260 2637 res
1293 2594 1375 2637 fert
1401 2593 1528 2636 lautis
1553 2594 1683 2649 epulis

87 2659 392 2718 Mqu’ss
439 2663 580 2719 Atque
624 2666 714 2706 tota
753 2662 854 2706 libri
895 2665 1030 2707 oratio
1070 2667 1272 2722 totusque
1315 2664 1431 2708 color
1469 2665 1545 2709 illa
1580 2669 1682 2709 sunt

32 2775 33 2778 ,
88 2745 196 2791 quae
226 2734 416 2778 maxime
448 2733 624 2778 deceant
655 2736 891 2778 orationem
924 2749 1032 2792 quae
1062 2735 1167 2779 duas
1191 2736 1288 2780 illas
1312 2751 1380 2780 res
1405 2739 1680 2782 suavissimas

32 2852 35 2862 χ
87 2805 370 2863 pne-ceteris
399 2805 693 2849 commendet:
721 2820 804 2850 non
833 2807 950 2850 enim
974 2806 1091 2850 lectu
1116 2806 1256 2851 solum
1282 2807 1418 2852 facilis
1445 2813 1510 2852 est
1534 2810 1681 2853 incun-

87 2875 225 2933 daqne
247 2875 345 2920 sed
392 2881 436 2920 et
480 2875 579 2920 aliis
620 2878 746 2921 rebus
790 2882 833 2921 et
874 2880 1250 2935 praestantissimis
1291 2881 1680 2936 comparationibus

87 2947 364 2992 festivissime
405 2953 647 2992 exornatur.
693 2948 887 3007 Denique
928 2951 1020 2993 eius
1052 2955 1117 2995 est
1149 2950 1251 2994 haec
1283 2950 1517 3008 disputatio
1549 2966 1678 3009 quem

87 3021 207 3063 totus
247 3017 442 3076 popellus
482 3023 526 3063 et
566 3021 770 3078 suspiciat
811 3025 1033 3079 tamquam
1075 3024 1270 3067 omnium
1312 3024 1679 3080 sapientissimum
