2002 3372
884 211 969 257 167

185 337 236 383 In
276 338 432 396 quibus
473 351 558 395 quo
600 335 726 380 modo
769 336 960 379 πολιτεία
996 336 1080 380 dici
1113 339 1248 394 possit
1279 351 1346 380 res
1371 337 1430 380 de
1462 351 1544 393 qua
1577 337 1724 394 agitur

77 445 82 463 ¹
123 425 208 456 non
239 410 378 455 video.
412 407 577 461 Cetera,
609 422 660 451 ex
691 422 774 465 quo
808 408 1166 466 wyttenbachius
1199 413 1320 453 acute
1347 410 1564 466 perspexit
1589 411 1723 451 semet

23 469 35 537 ἵ
78 464 88 537 ¹2
120 484 268 541 ipsum
313 482 385 526 hic
432 480 714 524 Plutarchum
763 483 874 523 tecte
923 484 966 523 et
1009 481 1245 525 verecunde
1289 481 1543 538 significare,
1592 494 1721 537 quam

22 544 29 583 ff
123 555 314 598 maxime
361 557 463 597 sunt
509 553 734 610 perspicua
782 555 825 594 et
868 553 983 595 vitae
1026 552 1165 609 plena.
1213 553 1300 596 Sua
1338 555 1591 596 auctoritate
1637 556 1722 595 tres

121 627 320 676 seniores,
364 624 524 677 Theon,
562 622 830 680 Polycratus,
864 623 1082 677 Petraeus,
1117 639 1300 681 quorum
1333 624 1478 668 Theon
1512 625 1720 681 princeps,

119 711 211 742 rem
243 710 292 741 eo
322 696 613 754 perduxerunt
643 700 694 737 ut
724 696 771 747 ii,
805 708 932 751 penes
964 710 1068 752 quos
1100 710 1148 739 ea
1178 707 1244 739 res
1277 700 1380 748 erat,
1414 694 1634 739 oraculum
1668 694 1719 738 ad

118 770 351 828 pristinum
393 781 483 812 esse
525 766 811 810 revocandum
854 767 1059 810 honorem
1102 768 1385 820 decernerent,
1418 769 1461 810 in
1493 769 1586 824 ipso
1620 781 1719 810 vero

118 854 243 899 opere
270 839 524 898 perficiendo
552 840 712 896 primas
738 837 999 882 Plutarchus
1028 843 1169 896 partes
1196 842 1287 898 egit
1314 854 1441 897 seque
1459 841 1519 882 sic
1538 839 1719 896 dignum

118 913 332 970 praestitit
363 912 439 968 qui
471 924 572 954 mox
604 909 767 954 Theoni
799 910 1055 954 succederet.

118 999 122 1003 ’
179 982 258 1028 Est
298 987 446 1027 autem
487 980 662 1025 libellus
704 983 922 1039 egregius,
956 997 1081 1026 verae
1114 984 1346 1041 sapientiae
1377 982 1542 1039 plenus,
1577 983 1629 1026 ad
1661 982 1719 1025 le-

115 1054 308 1114 gendum
351 1053 704 1104 iucundissimus,
747 1052 1008 1097 utilissimus
1044 1055 1084 1098 ei
1117 1056 1191 1111 qui
1223 1054 1507 1098 Plutarchum
1541 1055 1718 1110 eiusque

116 1131 303 1172 aetatem
335 1126 442 1170 bene
473 1138 726 1183 cognoscere
761 1124 918 1168 studet.
951 1125 1034 1168 Sed
1060 1140 1147 1168 una
1173 1127 1217 1169 in
1246 1140 1294 1169 eo
1319 1125 1483 1183 legitur
1510 1127 1718 1168 sententia

114 1203 287 1257 propter
328 1211 458 1255 quam
500 1211 581 1255 ego
619 1211 704 1240 non
737 1196 886 1240 dubito
918 1198 1024 1253 quin
1055 1199 1286 1254 primarius
1318 1197 1495 1254 quidam
1527 1199 1566 1240 ei
1596 1197 1715 1240 locus

113 1271 226 1314 inter
257 1270 402 1312 omnia
437 1266 658 1311 Plutarchi
691 1269 849 1325 scripta
880 1270 936 1311 sit
968 1268 1233 1312 tribuendus.
1267 1269 1322 1311 Et
1349 1270 1598 1327 pronuntiat
1626 1270 1715 1326 qui-

115 1341 214 1386 dem
245 1354 341 1384 eam
374 1341 631 1383 Ammonius
663 1339 770 1393 (392
783 1341 852 1394 A),
886 1339 959 1383 sed
990 1342 1052 1383 ita
1082 1342 1331 1397 pronuntiat
1363 1346 1413 1383 ut
1445 1342 1592 1384 statim
1625 1355 1714 1383 sen-

114 1414 198 1456 tias
241 1414 388 1470 ipsum
435 1410 719 1454 Plutarchum
768 1411 973 1455 ambabus
1022 1414 1207 1469 arripere
1256 1413 1456 1455 manibus
1505 1426 1712 1469 suamque

113 1485 249 1528 facere
290 1483 399 1527 hanc
439 1482 671 1527 venerandi
711 1484 998 1540 praeceptoris
1041 1485 1310 1541 opinionem:
1357 1491 1418 1536 „E
1461 1483 1609 1527 istud’'
1653 1485 1713 1526 ait

115 1554 313 1614 „syllaba
343 1558 408 1599 cst
439 1551 489 1608 εἴ,
523 1554 707 1598 secunda
738 1555 860 1598 verbi
892 1556 976 1606 εἶμι
1009 1570 1199 1613 persona,
1227 1570 1354 1613 quam
1384 1558 1458 1613 qui
1482 1556 1544 1598 ibi
1569 1557 1713 1612 posuit

113 1641 163 1671 ea
202 1631 398 1671 utentem
439 1626 542 1670 facit
584 1640 939 1684 unumquemque
982 1629 1056 1683 qui
1098 1641 1262 1670 sacram
1306 1627 1454 1670 aedem
1496 1629 1630 1670 intrat
1664 1631 1712 1670 ut

113 1697 318 1743 salutanti
364 1697 678 1756 quodammodo
726 1698 804 1741 deo
851 1698 1126 1756 respondeat:
1183 1714 1297 1741 nosce
1345 1704 1382 1741 te
1429 1699 1557 1754 ipsum
1607 1699 1710 1742 deus

111 1772 276 1828 inquit,
325 1770 633 1828 respondetque
688 1769 839 1814 homo:
895 1771 1094 1828 equidem
1147 1786 1320 1828 prorsus
1374 1786 1456 1814 non
1504 1786 1587 1813 sum
1638 1772 1710 1814 sed

108 1843 177 1896 fio,
220 1847 379 1895 mutor,
425 1857 576 1900 pereo,
627 1856 778 1887 verum
825 1857 908 1885 esse
952 1843 1019 1886 Tu
1065 1842 1180 1886 solus
1227 1844 1370 1895 habes,
1419 1842 1591 1886 Numen
1640 1858 1708 1886 su-

111 1913 356 1974 premum'’.
891 1920 894 1923 ⁴

171 1987 250 2040 En,
271 2001 363 2031 rem
379 1988 424 2030 in
442 1987 642 2030 omnibus
658 1985 922 2031 Graecorum
937 1987 1275 2045 Latinorumque
1291 1987 1428 2030 literis
1445 1989 1708 2030 rarissimam

109 2072 254 2104 veram
285 2060 506 2116 pietatem,
540 2072 634 2102 eam
668 2060 873 2116 pietatem
902 2059 1008 2111 dico,
1037 2073 1166 2117 quam
1194 2058 1428 2104 Christiani
1457 2074 1624 2116 quoque
1662 2074 1710 2102 eo

109 2130 247 2176 solent
279 2129 494 2189 appellare
525 2132 711 2174 nomine.
743 2131 955 2188 Equidem
988 2145 1208 2188 nunquam
1240 2133 1284 2174 in
1318 2131 1432 2174 hunc
1466 2131 1612 2174 locum
1645 2133 1707 2173 in-

108 2202 202 2247 cido
234 2203 337 2260 quin
370 2203 520 2245 statim
553 2203 598 2244 in
629 2206 821 2245 mentem
854 2203 962 2245 mihi
989 2204 1132 2246 veniat
1160 2204 1235 2254 rei,
1266 2217 1348 2260 qua
1375 2202 1493 2245 nulla
1521 2217 1709 2259 unquam

108 2275 222 2318 inter
247 2274 446 2318 homines
473 2274 526 2317 ad
552 2277 718 2317 mentes
746 2274 1076 2318 commovendas
1103 2276 1241 2331 aptior
1263 2276 1418 2318 evenit.
1453 2273 1711 2318 Consederat

113 2345 341 2405 magnifica
378 2345 456 2389 illa
497 2344 753 2390 Gatharinae
790 2346 1032 2390 Medicaeae
1064 2346 1162 2390 aula
1193 2347 1516 2403 assidebantque
1550 2349 1711 2389 summi

114 2417 329 2461 Ecclesiae
354 2417 549 2474 publicae
573 2416 829 2470 sacerdotes;
848 2419 1063 2461 intrabant
1081 2417 1244 2474 aliquot
1261 2418 1558 2475 Hugenoticae
1575 2423 1710 2462 sectae

113 2493 328 2548 pastores:
356 2490 570 2533 stantibus
602 2489 669 2532 his
686 2490 996 2533 concedebatur
1012 2504 1183 2534 causam
1203 2504 1325 2533 suam
1344 2504 1484 2547 agere.
1515 2489 1710 2547 Cumque

111 2563 168 2605 iis
198 2560 297 2604 data
327 2565 437 2604 esset
468 2560 637 2604 dicendi
668 2561 862 2613 facultas,
890 2562 995 2618 quid
1019 2577 1091 2605 eos
1117 2563 1264 2606 fecisse
1290 2560 1441 2619 putas?
1469 2560 1711 2607 Gravemne

113 2636 157 2677 et
203 2632 371 2676 doctam
420 2632 471 2675 de
520 2633 842 2689 quaestionibus
890 2633 1144 2692 theologicis
1193 2634 1392 2676 habuisse
1441 2634 1709 2678 orationem?

113 2704 254 2748 Immo
295 2718 396 2748 vero
429 2708 635 2762 praeunte
664 2704 881 2748 Theodoro
914 2705 1022 2749 Beza
1055 2720 1201 2750 omnes
1234 2706 1550 2762 procubuerunt
1584 2711 1710 2764 atque

114 2790 167 2821 ex
198 2775 331 2820 Bezae
360 2777 496 2833 ipsius
528 2790 599 2819 ore
631 2776 895 2821 immortalia
926 2778 1028 2821 haec
1060 2778 1276 2821 fluxerunt
1309 2777 1460 2821 verba:
1498 2778 1710 2829 „Domine

115 2847 245 2900 Deus,
278 2851 398 2904 pater
428 2851 595 2891 aeterne
627 2851 670 2891 et
703 2850 986 2906 omnipotens,
1020 2851 1293 2907 agnoscimus
1319 2848 1518 2906 Tuaeque
1545 2855 1712 2894 sanctae

0 2913 5 2971 ,ἱ
116 2919 304 2963 fatemur
329 2920 546 2962 maiestati
573 2920 750 2963 miseros
775 2935 850 2964 nos
878 2935 968 2965 esse
995 2920 1279 2978 peccatores''.
1310 2920 1558 2977 Numquam
1578 2924 1714 2966 maior

0 2973 5 2990 ι
119 2994 184 3034 est
215 2990 346 3034 homo
378 3004 505 3047 quam
538 3005 637 3034 cum
669 2991 721 3034 ad
757 2995 976 3036 aeternum
1011 2993 1151 3036 Deum
1186 2992 1336 3036 tollens
1362 2992 1506 3036 oculos
1532 3007 1713 3050 parvum
