2002 3372
1054 254 1141 299 332

372 378 503 421 5500
543 378 659 420 Haec
689 377 781 419 ideo
810 376 934 418 affero
970 373 1076 424 ὅπως
1109 377 1126 420 ὅ
1159 377 1294 430 λόγος,
1328 374 1404 420 οἷον
1433 379 1490 425 εἷς
1523 378 1672 430 λιμένα
1704 379 1775 424 καὶ
1808 395 1881 429 αα-

310 449 505 501 ταφυγὴν
537 447 800 498 ἀποβλέπων,
835 446 1139 500 εὐθαρσέστερον
1172 447 1401 502 ἐξαναφέρῃ
1433 448 1530 501 πρὸς
1561 451 1634 499 τὴν
1662 450 1850 502 α’πορίαν.

371 519 517 561 1)511110
558 519 625 559 hic
666 517 683 558 ὁ
726 516 850 568 λόγος
891 520 956 559 551
995 521 1166 568 „nostra
1195 518 1508 576 philosophia'’‚
1539 521 1782 578 iterumque
1806 521 1882 564 -hic

309 592 352 631 in
394 589 519 631 verbo
562 587 778 639 ἀναφέρειν
821 587 947 630 habes
988 589 1282 645 metaphoram
1314 592 1447 642 navis,
1479 604 1586 646 quae
1617 590 1692 634 diu
1721 591 1882 635 luctata

310 658 477 701 tandem
509 659 726 713 superavit
755 657 971 702 molestias
1002 659 1071 711 (cf.
1104 659 1155 702 ad
1182 674 1224 715 p.
1252 659 1340 702 438
1351 662 1420 712 A).
1454 661 1578 703 Portu
1604 661 1782 719 denique
1806 660 1881 707 illo

308 733 349 771 et
374 728 568 783 perfuyio
601 728 865 785 significatur
895 729 1142 771 audientium
1175 731 1453 774 benevolentia.

370 873 506 916 550D
553 876 574 923 ἡ
608 874 771 916 πάντων
803 874 928 927 φύσις
960 873 1139 922 ἄτακτος
1173 873 1271 918 οὖσα
1304 877 1460 925 ταύτην
1494 875 1616 930 ἔσχεν
1649 877 1781 930 ὦρχῆν
1812 880 1883 920 τοῦ

307 945 571 995 μεταβαλεῖν
614 946 682 986 καὶ
726 945 913 995 γενέσθαι
957 945 1106 996 κόσμος
1148 946 1351 996 ὁμοιότητι
1396 946 1466 989 καὶ
1509 945 1670 997 μεθέξει
1699 947 1776 991 τινὶ
1809 952 1881 996 τῆς

309 1015 397 1067 περὶ
431 1016 475 1057 τὸ
509 1016 609 1057 θεῖον
641 1015 750 1063 ἰδέας
784 1016 851 1057 καὶ
881 1019 1046 1066 αρετῆς.
1649 1026 1651 1030 ”

368 1085 588 1138 Quodnam
629 1085 799 1128 tandem
838 1086 1060 1129 exordium
1092 1091 1134 1130 51
1163 1088 1339 1130 initium
1373 1088 1496 1133 chaos
1528 1060 1689 1146 ceperit
1713 1097 1884 1136 conver·

309 1156 423 1199 tendi
465 1171 509 1199 55
548 1159 589 1199 in
626 1157 894 1208 „mundum”
927 1171 1061 1214 neque
1090 1159 1188 1200 hinc
1220 1162 1395 1215 apparet
1423 1173 1558 1215 neque
1589 1173 1612 1202 5
1641 1159 1884 1215 praeceden-

307 1228 422 1269 tibus
451 1228 789 1283 sequentibusve.
822 1227 903 1271 Sed
933 1227 1029 1284 lege
1061 1227 1280 1278 ὁμοιότητα
1312 1229 1380 1270 καὶ
1415 1229 1575 1279 μέθεξίν
1605 1244 1710 1281 τινα,
1742 1231 1884 1275 omnia

308 1302 432 1340 erunt
456 1312 584 1354 quam
611 1300 832 1354 aptissima
857 1303 900 1341 et
928 1313 1055 1354 quam
1082 1301 1269 1342 maxime
1294 1301 1526 1356 perspicua.
1556 1299 1649 1343 Hoc
1669 1299 1779 1343 illud
1799 1300 1884 1343 fuit

308 1370 480 1411 initium
514 1368 626 1425 quod
656 1370 854 1412 materies
885 1371 1092 1425 particeps
1125 1369 1191 1412 dei
1223 1369 1374 1426 deique
1405 1369 1558 1413 similis
1588 1370 1699 1414 facta
1728 1373 1807 1414 ost.

371 1514 502 1557 550F
545 1515 644 1558 Sero
673 1516 873 1571 tardeque
900 1530 1054 1572 poenas
1079 1516 1287 1559 sumendo
1313 1531 1388 1559 1105
1413 1516 1528 1560 Deus
1555 1516 1675 1560 docet
1703 1516 1742 1558 ἒν
1765 1515 1881 1566 τάξει

310 1586 377 1627 καὶ
424 1588 628 1640 ἐμμελείᾳ
662 1587 727 1628 τὸν
763 1587 958 1636 ἥκιστα
993 1587 1262 1642 μετανοίᾳ
1294 1588 1714 1639 προσοισόμενον
1743 1587 1883 1642 χρόνον

310 1655 483 1708 ἔχοντας
516 1656 762 1709 σύμβουλον,
797 1655 999 1699 ἅπτεσθαι
1034 1664 1105 1706 τῆς
1138 1658 1263 1707 δίκης.

369 1726 504 1769 Verba
528 1731 670 1770 notata
697 1732 772 1770 aut
797 1732 992 1784 corrupta
1018 1732 1116 1771 511111
1143 1733 1217 1771 aut
1241 1729 1318 1771 hoc
1335 1729 1421 1771 fere
1437 1729 1699 1786 significant:
1726 1743 1881 1786 „quam

311 1799 495 1840 maxime
526 1812 549 1840 a
580 1800 837 1854 poenitentia
869 1803 1081 1841 remotum
1118 1803 1160 1842 et
1191 1799 1422 1843 alienum’'.

371 1934 502 1978 5510
543 1935 770 1977 Imitentur
801 1935 993 1978 homines
1025 1935 1098 1983 τὴν
1133 1935 1346 1987 πραότητα
1375 1935 1444 1977 καὶ
1472 1937 1544 1983 τὴν
1568 1935 1882 1989 μετριοπάθειαν

309 2004 354 2054 ἣν
397 2006 413 2047 ὂ
457 2006 540 2052 θεὸς
585 2005 828 2047 ἐνδείκνυται
871 2006 926 2059 τῷ
970 2005 1044 2055 μὲν
1078 2005 1263 2058 κολάζειν
1295 2006 1455 2056 ὀλίγους
1489 2006 1794 2059 ἐπανορθοῦσαν,
1826 2006 1882 2058 τῷ

310 2075 350 2117 δὲ
380 2075 559 2128 βραδέως
593 2075 768 2122 πολλοὺς
803 2078 1043 2128 ὠφελοῦσαν
1077 2076 1144 2118 καὶ
1178 2076 1449 2118 νουθετοῦσαν.

368 2147 549 2189 Minime
591 2161 689 2188 cum
729 2146 900 2189 Reiekio
942 2151 1037 2189 ante
1079 2147 1264 2200 κολάζειν
1303 2147 1572 2190 inserendum
1614 2151 1678 2190 551,
1718 2145 1882 2200 ταχέως

309 2217 379 2260 vel
420 2218 534 2269 ταχύ
578 2231 675 2259 511111
713 2217 871 2260 editore
903 2216 1084 2260 Graeco:
1117 2219 1225 2260 mira
1253 2219 1367 2261 enim
1399 2222 1463 2260 551
1493 2219 1746 2260 mansuetudo
1777 2231 1882 2274 quae

308 2302 460 2344 poenas
502 2302 667 2330 sumere
708 2286 900 2343 festinet!
944 2287 1025 2331 Sed
1066 2289 1168 2331 haec
1210 2292 1274 2331 551
1315 2289 1544 2331 sententia:
1586 2288 1700 2331 Deus
1729 2302 1882 2345 paucos

307 2358 455 2414 plectit
496 2357 796 2414 plectendoque
839 2360 1028 2417 corrigit,
1071 2359 1143 2400 sed
1185 2358 1301 2402 tarde
1342 2358 1556 2415 puniendo
1594 2358 1754 2402 multoe
1782 2372 1881 2401 cum

307 2430 494 2472 maximo
526 2443 672 2471 eorum
705 2428 992 2472 emolumento
1025 2433 1182 2472 monet.
1443 2439 1446 2442 ’

370 2571 502 2614 551Ε
532 2572 625 2614 Non
655 2572 801 2614 eadem
826 2573 870 2613 in
897 2572 1094 2614 omnibus
1120 2571 1344 2627 puniendis
1362 2571 1476 2614 Deus
1492 2570 1704 2614 celeritate
1720 2572 1878 2614 utitur:

308 2643 422 2684 ἄλλα
462 2645 507 2683 τὸ
547 2643 622 2692 μὲν
662 2643 880 2691 ἀνήκεστον
920 2643 1033 2689 εὐθὺς
1077 2642 1206 2693 ἐξεῖλε
1248 2645 1317 2684 τοῦ
1344 2642 1437 2692 βίον
1468 2642 1536 2684 καὶ
1570 2641 1790 2694 ἀπέκοψεν,
1823 2644 1877 2688 ὡς

309 2712 450 2763 ἑτέροις
492 2730 543 2762 γε
588 2729 750 2759 παντως
789 2713 1000 2764 βλαβερὸν
1035 2713 1143 2764 αὑτῷ
1175 2729 1220 2755 τε
1252 2712 1576 2765 βλαβερώτατον
1608 2712 1672 2754 ἀεὶ
1704 2717 1878 2755 συνεῖναι

307 2799 419 2831 μετα
452 2784 656 2835 πονηρίας.

366 2854 469 2895 Ρο51
498 2853 708 2906 βλαβερόν
739 2853 936 2897 Reiskius
966 2853 1005 2895 ὄν
1035 2855 1227 2896 1115511111.
1262 2853 1409 2905 „Nihil
1441 2853 1574 2910 opue’'
1607 2852 1655 2895 B.
1684 2856 1877 2895 annotat:

308 2924 415 2964 mihi
455 2938 505 2965 115
547 2923 706 2966 Graeca
747 2924 918 2980 quidem
950 2924 1120 2966 videtur
1150 2925 1295 2975 oratio,
1327 2925 1410 2966 nisi
1441 2923 1549 2966 illud
1581 2923 1880 2981 addaturpparss

308 2994 518 3048 ticipium.

1985 392 1989 435 1
