2002 3372
863 210 946 256 171

166 335 256 381 390
273 335 309 382 O
353 335 425 381 Sic
473 335 654 394 denique
700 349 823 379 suam
872 336 1042 379 numeri
1086 335 1111 378 5
1153 334 1444 378 laudationem
1482 331 1699 376 concludit

50 407 58 467 '7
105 411 270 453 noster:

166 479 388 532 θαυμαστή
419 495 497 532 τις,
529 479 582 527 ὦς
613 478 729 532 ἔοικε,
764 479 934 530 διανομὴ
965 478 1112 531 γέγονε
1146 482 1242 520 τῶν
1276 477 1441 520 πέντε
1473 477 1601 530 πρὸς
1633 476 1699 519 τὰ

47 612 49 614 -
103 550 269 596 πέντε
301 551 371 595 καὶ
404 549 618 601 σύλληξις.

165 622 334 667 Satisne
373 621 556 666 absurda
597 619 729 665 haec?
771 621 827 665 Et
870 635 976 664 num
1020 621 1254 678 quidquam
1286 621 1429 677 aptius
1464 620 1702 677 excogitari

46 694 51 714 ‘⁴
107 698 249 753 potest
279 707 410 751 quam
442 692 763 751 wyttenbachii
793 694 1039 736 coniectura
1070 697 1145 735 τῶν
1177 692 1340 734 πάντων
1369 692 1466 743 πρὸς
1493 692 1547 732 τὰ
1577 691 1700 733 πέντε

44 814 46 818 ,
107 779 217 824 quae
257 766 301 808 in
338 765 630 808 recentissima
661 764 848 808 editione
880 778 932 807 ne
965 766 1328 807 commemoratur
1358 760 1562 818 quidem?
1602 761 1702 804 Huc

58 879 59 882 ,
106 838 222 882 enim
249 840 340 881 tota
365 835 590 879 Plutarchi
614 836 725 880 redit
750 836 1008 892 disputatio:
1047 837 1092 878 in
1118 836 1306 892 quinque
1331 837 1474 891 partes
1500 833 1702 890 pleraque

43 940 49 945 -=
103 908 249 954 omnia
278 921 403 965 posse
433 906 571 952 dividi
599 910 642 951 et
672 921 899 951 commune
930 905 1093 964 aliquid
1125 921 1222 950 cum
1251 920 1299 950 eo
1326 919 1505 948 numero
1532 904 1701 948 habere.

168 1053 303 1100 3910
343 1054 623 1108 τεκμαίρομαι
656 1055 698 1098 δὲ
730 1055 853 1096 ταῦτ’
885 1055 1040 1097 ἐκείνων
1075 1052 1206 1106 ὥσπερ
1239 1053 1398 1101 εἰκόνας
1432 1053 1644 1105 λέγεσθαι.

166 1126 233 1171 Ne
273 1127 370 1184 quis
400 1126 471 1170 hic
500 1130 612 1170 erret
643 1130 801 1170 annoto
834 1128 999 1168 ταῦταε
1033 1125 1089 1168 τὰ
1122 1126 1162 1167 ἐν
1195 1125 1378 1178 Φιλήβῳ,
1413 1125 1594 1167 ἕκείνωνε
1626 1128 1704 1166 τῶν

107 1198 148 1245 ἒν
181 1203 386 1252 Σοφιστῇ.

167 1335 226 1379 ib.
274 1333 322 1379 In
366 1339 547 1392 utroque
589 1349 692 1393 ergo
723 1334 833 1378 libro
865 1333 991 1377 Plato
1024 1335 1211 1390 quinque
1243 1333 1382 1386 ἀρχάς
1416 1334 1548 1390 ponit.
1583 1331 1709 1375 Πυθό-

37 1415 41 1418 “
110 1422 246 1459 μενος,
289 1407 416 1461 φύσει
458 1406 506 1456 δή
548 1422 625 1459 τις,
669 1410 809 1449 ταῦτα
854 1406 1043 1459 πρότερος
1087 1405 1249 1448 συνιδὼν
1295 1404 1529 1456 Πλάτωνος,
1574 1404 1640 1447 δύο
1674 1410 1706 1447 Ε

110 1477 326 1532 καθιέρωσε
359 1480 414 1533 τῷ
446 1480 532 1530 θεῷ.

169 1548 254 1594 Pro
297 1549 365 1594 δύο
405 1554 517 1594 recte
559 1548 624 1592 W.
670 1574 727 1581 —
770 1562 871 1592 nam
914 1546 1064 1592 nullus
1105 1548 1175 1591 hic
1218 1547 1383 1591 duobus
1425 1554 1457 1591 E
1499 1547 1617 1590 locus
1651 1573 1707 1579 —

109 1622 303 1665 restituit
347 1621 469 1674 δοκεῖ,
518 1635 602 1678 quo
649 1624 831 1677 recepto,
874 1623 924 1663 ut
966 1621 1128 1676 opinor,
1173 1621 1306 1663 etiam
1347 1620 1584 1671 καθιερῶσαι
1628 1620 1710 1662 erit

36 1688 40 1693 ’
70 1691 356 1751 degendum.
389 1693 437 1737 In
468 1694 619 1737 ceteris
651 1696 800 1736 utrum
834 1692 959 1746 φήσει
993 1691 1113 1749 legas
1146 1705 1196 1734 an
1231 1697 1334 1744 φησι
1368 1691 1441 1736 vel
1473 1695 1590 1744 (cum
1623 1690 1710 1740 W.)

108 1769 218 1818 φασι
245 1778 399 1823 parum
424 1764 567 1816 refert,
595 1777 696 1807 nam
722 1766 782 1807 sic
813 1777 981 1820 quoque
1009 1766 1184 1806 manent
1212 1763 1412 1816 obscura3
1439 1777 1576 1819 neque
1603 1761 1713 1805 mul-

106 1839 203 1880 tum
235 1835 483 1894 proficimus
515 1835 840 1894 Wyttenbachii
872 1836 1113 1878 coniectura
1145 1831 1202 1882 οἷς
1230 1835 1477 1887 πειθόμενος,
1506 1835 1708 1891 quoniam

107 1906 192 1952 duo
223 1908 450 1966 participia
481 1908 715 1956 πειθόμενος
746 1910 789 1950 et
822 1895 984 1949 συνιδών
1016 1904 1148 1949 simul
1180 1906 1250 1949 hic
1277 1906 1378 1949 ferri
1405 1920 1490 1948 non
1517 1909 1707 1962 possunt.

109 1978 227 2038 laege
267 1979 412 2028 Πύθιος
455 1979 498 2022 δέ
542 1995 606 2028 τις
648 1981 789 2021 ταῦτα
829 1978 1020 2033 πρότερος
1052 1979 1228 2030 συνιδὼν,
1263 1978 1372 2021 δοκεῖ
1400 1984 1433 2021 E
1469 1978 1708 2030 καθιερῶσαι

34 2058 38 2062 '
109 2053 166 2104 τῷ
194 2052 282 2105 θεῷ.
313 2051 473 2109 Lepide
497 2051 568 2094 hic
594 2051 803 2109 Pythium
833 2051 879 2103 (i.
897 2064 933 2093 e¹
965 2050 1226 2094 sacerdotem
1252 2049 1465 2107 Apollinis
1494 2049 1709 2106 Delphici)

113 2122 258 2175 infert,
304 2137 404 2167 nam
450 2122 593 2166 subito
635 2135 680 2166 se
721 2122 772 2166 ad
815 2121 1079 2165 Nicandrum
1122 2122 1348 2173 convertit,
1391 2122 1467 2177 qui
1507 2134 1620 2163 nunc
1660 2134 1709 2163 eo

113 2209 293 2239 munere
323 2195 536 2253 fungitur.

173 2265 241 2310 Ad
282 2265 546 2310 Nicandrum
588 2279 690 2323 ergo
731 2279 960 2308 conversus
1002 2265 1104 2308 haec
1146 2264 1271 2308 dicit:
1315 2271 1364 2318 τῇ
1397 2264 1482 2316 γὰρ
1515 2261 1611 2314 ἕκτγΙ
1639 2264 1708 2304 τοῦ

115 2340 203 2381 νυοῦ
234 2337 358 2389 μηνὸς
389 2335 490 2380 ὅταν
521 2338 694 2391 κατάγῃ
728 2333 787 2384 εἶς
819 2338 892 2386 τὴν
925 2336 1077 2380 Πυθίαν
1112 2337 1169 2384 εἷς
1201 2337 1246 2379 τὸ
1280 2341 1518 2388 πρυτανεῖον
1538 2367 1547 2377 .
1568 2365 1578 2376 .
1598 2367 1607 2377 .

177 2408 261 2454 Pro
302 2409 475 2461 κατάγῃ
517 2405 575 2457 εἷς
616 2408 714 2466 lege
755 2423 854 2451 cum
886 2407 953 2452 W.
998 2407 1219 2459 κατάγητε
1252 2421 1309 2451 sc.
1344 2408 1459 2458 ὑμεῖς
1491 2407 1525 2449 οἱ
1559 2405 1709 2448 Πύθιοι.

47 2479 51 2487 ‘
115 2480 232 2535 Quae
273 2484 514 2538 sequuntur
555 2481 713 2524 frustra
754 2480 977 2524 emendare
1010 2484 1188 2524 conatur
1219 2479 1301 2531 W„
1334 2493 1470 2536 neque
1502 2480 1591 2535 ipse
1623 2491 1710 2520 me-

112 2552 224 2597 liora
254 2554 497 2611 excogitare
529 2566 719 2610 possum.

176 2699 313 2745 391ss
358 2700 553 2758 Denique
599 2702 659 2744 sic
701 2699 830 2743 finem
872 2714 971 2744 suae
1017 2700 1250 2743 narrationi
1293 2713 1316 2742 a
1357 2712 1401 2741 se
1446 2697 1710 2741 adolescente

115 2771 288 2816 habitae
319 2771 579 2816 Plutarchus
609 2773 818 2829 imponit:

176 2847 332 2888 τοιοῦτο
371 2844 446 2895 μὲν
478 2844 547 2886 καὶ
583 2844 600 2887 ὃ
635 2847 712 2885 τῶν
743 2843 1012 2896 ἀριθμητικῶν
1048 2842 1116 2885 καὶ
1152 2842 1169 2884 ὁ
1201 2846 1278 2884 τῶν
1310 2842 1609 2891 μαθηματικῶν
1643 2839 1711 2890 ἐγ-

116 2917 274 2964 κωμίων
308 2918 380 2957 τοῦ
413 2921 446 2958 Ε
481 2914 619 2966 λόγος,
652 2917 705 2962 ὥς
739 2915 819 2966 ἐγὼ
851 2914 1084 2965 μέμνημαι,
1119 2913 1246 2963 πέρας
1282 2912 1397 2964 ἔσχε.

177 2985 238 3030 Ut
267 2986 359 3031 fieri
391 2986 500 3030 solet
532 2988 578 3029 in
609 2985 832 3029 Plutarchi
864 2989 1000 3037 textu,
1034 2986 1164 3028 vicini
1196 2985 1382 3042 genitivi
1410 2997 1571 3027 novum
1598 2983 1714 3040 geni-
