2002 3372
859 267 947 310 469

43 447 45 450 .
107 394 357 448 agnatum
382 389 485 434 De
508 388 696 447 sing-ulis
743 389 848 432 locis
891 389 1119 447 disputare
1152 391 1271 447 piget
1314 389 1552 445 taedetque.
1599 388 1703 440 Quis

107 459 315 572 penicillo
340 462 508 538 Augiae
537 465 695 555 purget
725 459 976 503 stabulum?
1056 479 1058 481 >

38 595 43 638 s
107 622 141 645 )
152 547 390 662 8001111111
407 617 526 648 nunc
566 605 641 647 111
655 603 914 647 editionibus
944 604 1048 660 fere
1088 605 1291 647 continua
1332 605 1462 647 series
1494 602 1701 646 librorum

106 675 445 733 libellum-qne:
481 675 534 719 ad
566 674 858 730 wmpublicam
899 676 1222 732 pertinentium,
1265 689 1290 718 0
1331 688 1414 732 qua
1454 680 1611 726 tamen,
1653 677 1704 716 ut

33 763 38 771 ·
106 746 615 806 apwprooedatmostra
646 746 876 804 diputatio,
911 760 1022 789 unus
1053 750 1119 789 est
1149 746 1423 790 eximendus:

170 911 199 921 ··
321 891 417 944 nul
438 890 684 944 ’μοναρχίας
716 890 786 933 καὶ
821 890 1099 943 δημοκρατίας
1133 890 1202 934 καὶ
1237 890 1506 942 ὀλιγαρχίας.

105 963 239 1009 De
275 963 356 1007 1100
393 973 497 1020 ergo
540 964 681 1019 primo
723 961 960 1005 videamus.
993 960 1044 1004 In
1074 963 1200 1005 initio
1231 965 1429 1005 narratur
1458 961 1580 1004 nobis
1612 961 1704 1003 heri

107 1034 396 1080 montemurlo
437 1030 624 1092 quodam
657 1048 681 1077 a
713 1034 918 1090 scriptore
949 1033 1189 1076 admonitos
1222 1047 1311 1076 esse
1344 1034 1419 1089 qui
1449 1031 1624 1075 aderant
1653 1035 1704 1074 ut

30 1095 33 1102 ,
110 1109 375 1166 capesserent
405 1104 741 1162 rempublicam3
784 1119 896 1148 nunc
929 1104 1100 1148 eosdem
1135 1109 1178 1147 et
1208 1103 1315 1147 alios
1334 1117 1493 1147 omnes
1525 1105 1570 1145 in
1602 1117 1704 1159 qno-

32 1228 34 1230 ,
108 1193 208 1224 rum
250 1192 405 1222 manus
446 1178 515 1221 hic
549 1175 764 1221 :venturus
787 1175 872 1220 'est
912 1175 1084 1220 libellus
1115 1191 1190 1233 quo
1222 1177 1333 1218 modo
1364 1177 1422 1220 sit
1452 1175 1704 1232 capessenda

105 1249 294 1295 docebit}
323 1248 409 1294 Sed
438 1248 583 1307 legere
612 1248 741 1292 illum
772 1252 913 1306 potest
946 1262 1071 1291 nemo
1102 1252 1209 1305 quin
1238 1249 1388 1291 sentiat
1416 1261 1442 1290 a
1473 1246 1705 1290 Plutarcho

107 1321 322 1367 eiusmodi
352 1319 517 1378 aliquid
547 1320 759 1378 proficisci
789 1334 873 1363 non
905 1321 1109 1376 potuisse.
1143 1320 1276 1376 Atqui
1306 1321 1352 1362 in
1384 1318 1705 1375 quaestionibus

107 1393 160 1438 de
185 1392 286 1438 libri
311 1394 552 1450 cuiuspiam
581 1396 767 1442 auctore,
795 1392 993 1447 quamvis
1010 1390 1151 1434 multa
1166 1391 1435 1447 proferantur
1449 1393 1705 1447 argumenta

109 1478 133 1510 0
176 1463 363 1522 singulis
402 1465 538 1522 petita
579 1464 720 1507 verbis
760 1463 1063 1518 sententiisque
1104 1466 1148 1505 01
1188 1463 1434 1505 testimonia
1465 1461 1704 1517 indiciaque

108 1535 296 1593 undique
339 1540 554 1594 congesta,
597 1549 795 1578 summus
837 1535 912 1590 qui
952 1537 1088 1577 totam
1129 1533 1306 1576 dirimat
1348 1534 1702 1585 controversiam,

108 1606 238 1652 iudex
269 1621 438 1665 semper
468 1610 533 1651 001
563 1608 655 1651 veri
686 1605 867 1663 falsique
898 1620 1036 1648 sensus
1065 1605 1162 1649 1110
1166 1619 1189 1649 0
1215 1605 1419 1648 diuturna
1445 1618 1575 1662 quam
1603 1619 1704 1648 cum

100 1679 324 1770 nvivium,
366 1678 420 1722 de
459 1692 543 1736 quo
584 1679 744 1736 agitur,
788 1679 1082 1721 contraximus
1113 1677 1407 1721 familiaritate
1438 1682 1578 1720 natus.
1619 1676 1704 1719 Hic

103 1748 250 1796 mol
300 1750 540 1794 vitantur
579 1749 738 1801 hiatus,
782 1749 896 1793 haud
930 1749 1125 1800 diffiteor,
1158 1750 1286 1806 atque
1317 1749 1396 1792 hoc
1426 1753 1572 1792 nostro
1603 1754 1704 1791 cum

102 1820 353 1873 Μῶα
366 1834 595 1865 commune
626 1829 707 1873 est,
739 1821 812 1864 sed
841 1825 1059 1878 praeterea
1090 1820 1202 1863 nihil
1233 1821 1356 1864 nobis
1385 1819 1560 1863 offertur
1590 1819 1703 1877 quod

104 1892 350 1952 philosophi
391 1907 470 1936 nos
513 1891 824 1938 Chaeronensis
867 1892 1107 1936 admoneat.
1151 1891 1309 1936 Contra
1349 1907 1449 1936 mox
1480 1894 1525 1935 in
1557 1891 1702 1935 locum

103 1965 335 2010 incidimus
375 1979 504 2022 quem
547 1963 691 2022 legere
733 1979 818 2008 non
856 1978 1085 2021 possumus
1116 1966 1220 2021 quin
1253 1964 1438 2016 „taliane
1470 1963 1702 2007 Plutarcho

22 2058 25 2059 ⁷
104 2034 333 2082 obtrudi?”
371 2035 676 2080 exclamemus.
723 2035 949 2093 Capitibus
982 2037 1096 2079 enim
1129 2036 1312 2080 secundo
1341 2037 1554 2093 tertioque
1585 2050 1704 2079 accu-

19 2140 21 2142 -
102 2107 464 2165 §summitur
503 2108 661 2165 quibus
704 2107 842 2151 modis
887 2122 975 2152 vox
1019 2106 1181 2151 Graeca
1213 2109 1404 2151 πολιτείκ
1437 2107 1701 2159 adhibeatur,

103 2180 215 2233 01101
255 2180 319 2224 ’111
346 2193 449 2224 cum
487 2181 789 2238 grammaticis
820 2178 986 2236 loquar,
1019 2193 1226 2236 quasnam
1257 2180 1412 2224 habeat
1440 2179 1550 2222 illud
1581 2193 1703 2224 voca-

100 2250 267 2303 bulum*
301 2251 708 2309 „significationes’ss
753 2253 962 2303 Ασσαναιε,
1006 2253 1195 2295 aiebam:
1239 2251 1312 2295 sed
1344 2251 1496 2308 putida
1526 2254 1591 2294 est
1620 2253 1703 2295 ista

99 2321 317 2374 dentatum
345 2335 460 2380 quae
499 2324 642 2366 irritet
683 2322 898 2380 legentem
931 2327 974 2366 et
1006 2327 1177 2366 tantum
1210 2337 1294 2366 non
1325 2326 1468 2366 totum
1499 2324 1648 2365 eiicere
1680 2337 1703 2366 0

101 2395 308 2439 nauibus
324 2392 524 2438 libellum
551 2398 690 2453 cogat.
717 2394 829 2448 Quid
857 2395 969 2452 quod
995 2394 1138 2438 nullos
1164 2396 1271 2437 istae
1288 2393 1544 2451 quisquiliae
1560 2394 1703 2437 ferunt

101 2466 295 2511 &uetusz
335 2464 448 2509 nihil
487 2467 543 2510 iis
583 2466 854 2524 perlegendis
895 2466 1078 2523 proficis,
1122 2480 1257 2522 neque
1297 2480 1436 2509 mores
1467 2468 1534 2508 tui
1565 2480 1703 2509 emen-

16 2570 17 2573 =
102 2537 260 2583 dantur
299 2550 438 2595 neque
478 2551 586 2594 quae
627 2539 714 2581 sint
756 2539 863 2582 civis
905 2539 1272 2595 magistratusque
1302 2537 1437 2580 officia
1469 2538 1702 2595 cognoscis.

102 2609 361 2654 hemum.
387 2611 572 2652 ostentat
599 2608 797 2666 'scriptor
839 2609 1076 2653 doctrinam
1113 2608 1486 2665 subtilitatemque
1517 2613 1560 2652 et
1592 2609 1703 2652 nihil

102 2683 334 2739 praeterea.
375 2680 662 2738 Nunquamne
703 2694 805 2738 ergo
847 2682 909 2724 ita
951 2682 1042 2738 ipse
1079 2682 1172 2738 egit
1202 2678 1489 2723 Plutarchus?
1530 2680 1703 2723 Iuvenis

100 2756 207 2806 cum
250 2755 371 2796 ,00001
415 2751 551 2795 0011101
596 2753 840 2809 iterumque
888 2752 1118 2809 sophistica
1166 2751 1533 2809 disputatiuncula
1578 2766 1701 2796 suam

15 2859 18 2862 -
99 2824 378 2869 audientibus
410 2823 653 2867 venditavit
685 2823 928 2867 facundiam
961 2827 1004 2867 et
1035 2827 1084 2867 ut
1116 2823 1285 2881 lepidus
1315 2824 1534 2867 videretur
1565 2828 1704 2868 orator

20 2919 22 2922 v
103 2897 181 2955 qui
209 2909 357 2941 omnes
389 2897 596 2939 sermonis
627 2893 780 2939 Graeci
813 2897 859 2938 in
889 2900 1092 2952 promptu
1123 2895 1296 2939 haberet
1328 2895 1561 2953 elegantias
1586 2895 1704 2939 dedit

105 2970 290 3026 operam,
321 2966 394 3011 sed
427 2971 523 3010 tum
548 2968 716 3024 quoque
743 2981 912 3024 semper
937 2982 1018 3009 rem
1043 2968 1260 3024 spectabat
1285 2969 1545 3024 graviorem,
1574 2972 1701 3025 atque

14 3095 15 3098 Ἰ
102 3039 223 3084 odem
239 3039 580 3097 gravissimam:
612 3040 673 3082 sic
705 3043 900 3096 parentes
933 3038 1097 3083 nobiles
1130 3038 1454 3096 opulentosqm,
1487 3039 1702 3084 Romanos
