2002 3372
1131 206 1188 250 ’78

370 334 478 390 lege,
521 334 608 375 sine
651 331 739 373 ullo
782 329 925 372 ordine
968 328 1232 385 opitulemur
1264 331 1382 383 (haec
1414 334 1478 374 est
1511 331 1730 381 ἀνωμαλία
1758 331 1867 387 illu),
1898 337 1941 376 et

370 406 512 459 inepto
545 402 702 459 pudore
733 399 1014 456 impedimur:
1048 399 1123 442 alii
1152 402 1267 444 enim
1297 403 1433 444 amico
1464 416 1588 459 opem
1612 402 1721 446 ferre
1744 417 1944 448 veremur

371 489 422 516 ne
454 474 561 516 alius
595 475 795 528 tangatur
825 469 986 513 invidia
1017 470 1138 523 (haec
1168 475 1230 514 est
1260 471 1338 515 illa
1368 473 1582 526 δυσωπία).

431 544 492 586 De
533 546 676 599 inepto
717 541 793 583 illo
834 540 993 596 pudore
1034 540 1183 585 deinde
1214 543 1273 585 sic
1305 542 1494 599 disputat
1525 543 1599 596 (95
1617 543 1696 598 D):
1729 544 1806 591 τὰς
1838 546 1942 596 kue-

370 617 484 662 λείοις
519 614 584 655 καὶ
618 614 815 667 ῥᾳθυμίαις
849 616 924 653 τῶν
958 616 1088 663 Φιλων
1121 613 1334 667 πρᾳότερον
1365 615 1544 667 Φέρουσι.

430 687 538 727 Ante
569 684 732 735 φέρουσι
765 682 968 725 excidisse
1001 682 1114 735 φίλοι
1145 685 1306 740 opinor.

429 757 445 797 ὃ
489 756 529 798 δὲ
572 754 704 805 λέγων
747 755 818 804 ,,οὖ
861 752 1065 805 παρέστην
1110 770 1170 812 σοι
1212 755 1321 802 δίκην
1364 754 1512 808 ἔχοντι,
1558 755 1827 808 παριστάμην
1857 757 1941 809 γὰρ

368 826 483 878 ἑτέρῳ
515 824 652 877 φίλῳ”
687 838 768 866 non
802 822 915 865 tollit
946 823 1311 879 reprehensionem
1345 825 1415 868 sed
1448 825 1564 869 addit
1595 825 1858 879 ζηλοτυπίαν.

427 896 508 938 Pro
552 894 815 946 παριστάμην
858 893 1053 949 equidem
1097 893 1210 936 aliud
1254 900 1491 951 exspectem
1532 897 1726 941 verbum.
1765 897 1939 956 Ingrata

366 968 479 1009 enim
506 966 606 1008 haec
633 966 842 1020 repetitio.
877 963 1042 1016 Quanto
1069 963 1306 1020 elegantius
1323 966 1435 1022 quod
1452 969 1662 1023 sequitur:
1690 968 1940 1020 πυρέττοντά

366 1040 403 1078 σ“
436 1037 505 1078 οὐκ
538 1033 656 1086 εἶδον,
690 1036 744 1086 τῷ
778 1033 870 1075 δεῖνι
903 1034 986 1085 γὰρ
1020 1035 1167 1085 Φίλους
1199 1036 1376 1078 ἑστιῶντι
1410 1036 1768 1089 συνησχολούμηνῐ
1799 1038 1942 1097 Negli-

363 1109 484 1163 gitur
515 1107 641 1149 a-mici
672 1106 897 1147 necessitas
929 1107 1099 1160 propter
1131 1105 1252 1147 aliam
1283 1105 1392 1149 alius
1423 1110 1730 1153 necessitatem.

425 1177 480 1220 95
500 1177 534 1219 E
583 1175 950 1229 Quemadmodum
982 1175 1164 1226 Briareo,
1199 1178 1397 1232 quoniam
1430 1179 1740 1237 quinquaginta
1763 1180 1943 1224 habebat

364 1253 546 1300 ventres,
574 1251 744 1290 centum
773 1260 923 1288 manus
950 1245 1083 1288 nihilo
1108 1246 1300 1290 utiliores
1329 1253 1446 1290 erant
1472 1263 1599 1305 quam
1617 1250 1737 1293 nobis
1751 1251 1940 1309 singulos

366 1319 621 1362 habentibus
662 1322 829 1361 ventres
869 1318 1005 1368 binae,
1045 1315 1164 1363 οὕτως
1210 1319 1247 1359 ἐν
1281 1324 1362 1365 τοῖς
1396 1320 1531 1371 Φίλοις
1563 1321 1763 1374 χρήσιμον
1794 1322 1862 1364 καὶ
1895 1322 1940 1364 τὸ

365 1395 613 1442 λειτουργεῖν
646 1393 810 1435 πολλοῖς
845 1386 988 1430 ἔνεστι.

425 1461 595 1517 Optime
643 1460 743 1502 haec
789 1460 848 1501 sic
890 1458 1092 1500 Halmius
1132 1460 1335 1502 correxit:
1380 1457 1501 1506 οὕτως
1546 1461 1584 1503 ἐν
1615 1462 1680 1515 τῷ
1711 1468 1937 1512 πολλοῖς

366 1532 553 1581 Φίλοις
597 1530 828 1582 χρῆσθαι
873 1529 939 1570 καὶ
984 1530 1028 1571 τὸ
1061 1535 1307 1580 λειτουργεῖν
1340 1536 1508 1578 πολλοῖς
1541 1530 1683 1575 ἔνεστι.
1715 1531 1786 1576 Sic
1815 1546 1937 1590 saepe

362 1604 405 1644 in
448 1601 682 1644 Moralibus
723 1599 850 1655 paulo
893 1599 1133 1642 audaciores
1160 1604 1275 1654 'sunt
1318 1601 1575 1645 adhibendae
1611 1602 1936 1656 emendationes,

363 1687 468 1729 quae
502 1676 642 1714 tamen
675 1670 789 1713 haud
819 1684 994 1726 parvam
1027 1670 1182 1712 habent
1212 1670 1569 1726 probabilitatem.

422 1741 532 1784 96A
579 1742 849 1798 Pythagorae
895 1745 1168 1797 praeceptum
1214 1741 1272 1791 μη
1320 1748 1484 1789 πολλοῖς
1529 1742 1759 1793 ἐμβάλλειν
1801 1743 1937 1796 δεξιάν

362 1815 420 1856 sic
453 1813 708 1870 explicatur:
741 1813 797 1861 μη
830 1813 1004 1857 πολλοὺς
1039 1813 1235 1853 ποιεῖσθαι
1268 1813 1415 1863 Φίλους
1445 1813 1546 1862 μηδὲ
1575 1813 1804 1856 πολύκοινον
1832 1815 1935 1865 μηδὲ

362 1884 570 1933 πάνδημον
600 1882 858 1936 ἀσπάζεσθαι
882 1883 1028 1933 Φιλίαν
1052 1883 1118 1923 καὶ
1140 1884 1232 1933 πρὸς
1254 1883 1434 1932 ἐναντίην
1453 1885 1475 1933 ἦ
1492 1885 1604 1933 μετὰ
1623 1887 1784 1927 πολλῶν
1800 1887 1936 1928 παθῶν

361 1955 574 2004 εἰσιοῦσαν,
603 1952 650 1995 ὧν
680 1955 723 1995 τὸ
751 1955 825 2002 μὲν
851 1955 1106 2003 συναγωνιᾶν
1135 1954 1201 1994 καὶ
1229 1954 1497 2005 συνάχθεσθαι
1524 1955 1594 1997 καὶ
1621 1961 1839 2005 συμπονεῖν
1867 1957 1934 1999 καὶ

360 2025 677 2076 συγκινδυνεύειν
708 2025 815 2066 πάνυ
847 2024 1050 2065 δύσοιστον
1084 2029 1162 2070 τοῖς
1198 2024 1410 2075 ἐλευθέροις
1443 2025 1511 2066 καὶ
1544 2026 1742 2075 γενναίοις
1775 2026 1875 2071 ἔστί.

421 2096 571 2146 Locus,
599 2109 724 2151 quem
754 2094 881 2136 multi
905 2093 1215 2136 conclamatum
1233 2094 1443 2147 dixerunt,
1462 2098 1526 2138 sat
1542 2095 1630 2138 leni
1645 2096 1935 2141 emendatione

359 2168 527 2209 restitui
557 2168 600 2207 in
633 2168 850 2222 integrum
883 2167 1043 2220 potest:
1077 2179 1151 2220 pro
1182 2165 1275 2216 πρὸς
1305 2165 1485 2214 ἐναντίην
1513 2167 1534 2215 ἡ
1561 2165 1732 2223 legatur
1757 2169 1933 2220 προσέτι.

359 2237 471 2279 Tum
511 2251 585 2293 pro
626 2234 674 2278 ὧν
717 2238 945 2291 reponatur
976 2231 1045 2280 οἷς.
1079 2234 1268 2292 Denique
1300 2236 1374 2285 μέν
1405 2240 1555 2279 natum
1587 2241 1649 2280 est
1678 2252 1702 2282 e
1731 2238 1841 2282 male
1872 2242 1934 2282 in-

359 2308 528 2351 tellecto
573 2307 614 2349 δέ
654 2309 698 2349 in
741 2321 788 2349 eo
825 2306 937 2362 quod
967 2307 1166 2349 continuo
1197 2308 1390 2362 sequitur
1419 2311 1514 2363 post
1544 2309 1672 2352 verba
1703 2311 1855 2353 citata:
1888 2311 1934 2353 τὸ

360 2379 399 2420 δὲ
434 2382 502 2419 τοῦ
536 2381 661 2429 σοφοῦ
696 2380 868 2423 Χίλωνος
902 2376 1046 2425 ἀληθές
1079 2378 1202 2432 („qui
1232 2376 1401 2420 nullum
1433 2377 1559 2420 habet
1589 2380 1815 2422 inimicum
1842 2379 1936 2422 nul-

357 2449 452 2491 lum
494 2449 621 2490 habet
665 2447 922 2499 amicum'');
961 2462 1042 2490 non
1084 2448 1196 2489 enim
1227 2461 1274 2490 ea
1306 2447 1514 2504 particula
1546 2449 1757 2506 significat
1787 2451 1933 2508 opponi

357 2519 518 2575 aliquid
560 2518 916 2575 praecedentibus,
964 2517 1035 2560 sed
1077 2519 1218 2574 potius
1259 2519 1599 2574 praecedentium
1641 2519 1778 2563 afferri
1817 2535 1934 2575 arqu-

358 2595 526 2631 mentum
535 2604 546 2642 ;
579 2603 653 2645 pro
684 2588 758 2631 illo
790 2603 890 2645 ergo
923 2588 997 2637 μέν
1028 2587 1258 2644 legendum
1290 2593 1353 2631 est
1384 2590 1456 2639 μή.
1491 2589 1560 2633 Sic
1588 2592 1808 2647 aptissima
1834 2592 1937 2635 haec

358 2662 546 2702 nascitur
578 2661 806 2702 sententia:
852 2663 1152 2714 „praeterquam
1194 2659 1305 2714 quod
1344 2660 1427 2702 ista
1469 2659 1706 2703 multorum
1745 2662 1934 2705 amicitia

358 2732 563 2772 communis
594 2735 636 2773 et
658 2731 823 2784 publica
854 2733 914 2781 (et
946 2731 1032 2771 iam
1065 2730 1116 2772 ob
1148 2743 1242 2772 eam
1273 2729 1407 2772 solam
1440 2743 1610 2773 causam
1641 2732 1933 2787 improbanda)

357 2806 432 2852 est,
467 2804 596 2843 etiam
623 2800 782 2843 multos
810 2802 1030 2856 variosque
1057 2799 1310 2853 (multorum
1335 2802 1512 2842 istorum
1540 2802 1792 2855 amicorum)
1818 2802 1933 2845 affec-

356 2876 425 2912 tus
465 2886 607 2913 secum
651 2871 794 2920 trahit,
837 2871 990 2925 quibus
1031 2885 1107 2912 non
1141 2869 1253 2923 tanqi
1296 2884 1360 2913 res
1402 2874 1466 2913 est
1497 2884 1624 2928 quam
1655 2885 1858 2928 generosa
1887 2876 1933 2916 et

356 2945 543 2997 ingenua
575 2955 691 2983 mens
723 2940 935 2996 respuat’'.
