2002 3372
1094 228 1182 271 230

346 352 601 395 Plutarchus
633 366 717 394 non
749 351 888 406 magis
919 351 1081 405 spernit
1113 363 1240 406 quam
1274 351 1415 406 quivis
1447 349 1497 392 de
1529 348 1660 406 vulgo
1688 351 1921 393 oratorum.

346 422 425 464 Vix
464 422 580 464 ullus
612 421 831 463 Plutarchi
861 420 969 462 liber
999 426 1088 462 tam
1120 421 1261 464 subito
1290 421 1574 476 abrumpitur.
1615 419 1664 462 In
1694 418 1776 463 fine
1807 419 1920 465 enim

345 493 447 535 haec
478 492 664 548 legimus
695 491 1027 544 (demonstratur
1056 505 1243 534 amorem
1268 493 1378 534 inter
1404 491 1553 533 fratres
1580 502 1821 546 sororesque
1847 489 1922 532 vix

345 562 434 604 ulla
462 577 504 605 re
532 562 768 605 confirmari
799 563 938 618 magis
971 576 1099 617 quam
1131 576 1271 605 amore
1302 576 1402 619 erga
1433 562 1615 604 fratrum
1645 572 1922 615 sororumque

346 633 487 674 liberos
519 632 821 685 testificando):

408 703 687 754 ,‚Leucothea‚
732 702 896 746 Semele
939 717 1077 746 sorore
1119 706 1307 755 mortua,
1349 702 1531 745 filiolum
1573 703 1665 745 eius
1707 699 1920 745 Bacchum

345 773 542 815 educavit
573 788 800 830 secumque
832 773 962 815 simul
992 775 1102 816 inter
1132 773 1229 819 deos
1260 773 1421 816 retulit.
1465 772 1729 830 Quapropter
1759 774 1805 814 et
1833 784 1921 813 ma-

346 849 488 886 tronae
528 843 756 898 Romanae,
797 846 842 886 in
884 844 1159 894 Leucotheae,
1200 858 1328 900 quam
1360 843 1576 886 Matutam
1609 845 1772 893 vocant,
1805 840 1922 885 feriis

345 929 426 957 non
454 929 550 957 suos
577 915 649 958 sed
672 929 862 958 sororum
880 929 1055 957 suarum
1072 914 1221 957 filiolos
1239 914 1534 971 amplexantur
1549 912 1920 970 osculenturque*-

405 983 489 1027 Ubi
530 987 632 1028 satis
673 986 754 1028 sibi
787 986 956 1035 videtur
987 985 1150 1028 dedisse
1181 991 1500 1042 praeceptorum
1533 983 1921 1041 exemplorumque,

348 1056 477 1107 „haec
518 1058 659 1099 omnia
701 1059 737 1099 si
778 1057 969 1099 homines
1002 1057 1286 1100 observabunt
1316 1057 1419 1099 bene
1452 1057 1543 1099 est''
1576 1057 1638 1099 ait
1667 1054 1922 1099 Plutarchus

345 1131 386 1169 et
419 1141 594 1169 manum
627 1127 677 1169 de
700 1126 856 1169 tabula
889 1126 1019 1169 tollit.
1811 1165 1815 1169 .

404 1197 459 1239 Elt
499 1202 641 1240 tamen
682 1211 809 1253 quam
849 1211 1000 1240 aureus
1031 1201 1095 1240 est
1123 1196 1199 1239 ille
1228 1195 1421 1240 libellus!
1453 1196 1643 1253 Limpidi
1673 1198 1806 1240 instar
1836 1197 1922 1240 rivi

343 1266 530 1323 profluit,
574 1269 873 1324 perspicuitate
906 1272 947 1310 et
978 1269 1178 1310 orationis
1211 1269 1347 1310 nitore
1376 1269 1489 1310 inter
1525 1269 1667 1311 omnia
1702 1265 1923 1310 Plutarchi

343 1339 499 1394 scripta
540 1340 712 1381 eminet.
757 1338 967 1391 Quantam
1010 1338 1184 1381 docendi
1215 1339 1373 1381 habent
1403 1340 1494 1381 vim
1526 1343 1758 1395 praecepta,
1791 1351 1920 1394 quam

342 1415 610 1452 commovent
652 1411 816 1452 animos
853 1408 1071 1466 exempla!
1114 1409 1170 1452 Et
1202 1409 1305 1452 alibi
1335 1424 1383 1452 ea
1414 1411 1613 1460 inveniri,
1645 1410 1774 1452 etiam
1805 1409 1918 1465 apud

340 1481 484 1536 ipsum
518 1479 812 1530 Plutarchum,
846 1480 957 1522 haud
984 1481 1143 1523 infitior
1170 1504 1226 1512 —
1252 1485 1385 1523 semet
1411 1482 1553 1537 ipsum
1579 1479 1808 1537 compilare
1832 1493 1916 1523 non

341 1555 513 1593 veretur
544 1550 733 1593 medicus
765 1551 834 1593 hic
867 1551 917 1593 de
950 1550 1037 1594 sola
1070 1564 1295 1607 aegrorum
1328 1565 1504 1594 suorum
1535 1551 1671 1595 salute
1696 1550 1917 1595 sollicitus.

339 1621 449 1672 Quid
491 1621 602 1677 quod
636 1635 715 1663 non
749 1623 890 1663 omnia
921 1623 1013 1664 eius
1044 1623 1199 1677 scripta
1230 1622 1382 1665 iisdem
1415 1625 1516 1664 sunt
1546 1622 1756 1666 destinata
1784 1621 1919 1665 homi-

338 1692 475 1733 nibus.
518 1690 599 1734 Sed
633 1695 789 1747 quanto
822 1692 891 1734 hic
923 1694 1066 1734 omnia
1097 1692 1318 1748 splendent
1348 1692 1525 1745 lumine,
1554 1706 1682 1749 quam
1709 1697 1811 1735 sunt
1834 1692 1917 1736 effi-

337 1763 449 1804 cacia
479 1768 521 1804 et
551 1764 764 1817 proposito
792 1776 868 1804 suo
893 1758 1004 1818 apta.
1031 1763 1229 1819 Exempli
1254 1777 1378 1806 causa
1404 1763 1528 1806 affero
1555 1762 1915 1806 narratiunculam

336 1831 458 1874 illam
499 1831 550 1874 de
591 1832 770 1884 Pittaco,
814 1847 941 1888 quam
982 1833 1127 1890 legere
1159 1848 1242 1876 non
1273 1838 1392 1890 potes
1424 1836 1526 1890 quin
1557 1835 1640 1877 tibi
1670 1834 1916 1878 oboriantur

334 1902 548 1945 lacrimae.
580 1903 754 1946 Essetne
786 1903 946 1959 aliquid
977 1906 1016 1946 ei
1048 1918 1178 1960 opum
1209 1919 1284 1947 rex
1314 1909 1558 1961 rogaverat;
1587 1904 1801 1962 respondit
1826 1904 1917 1961 p'hi·

334 1973 562 2030 losophus:
608 1974 767 2025 „altero
798 1979 917 2017 tanto
950 1974 1188 2031 opulentior
1219 1990 1328 2028 sum,
1360 1991 1447 2027 rex,
1479 1990 1607 2032 quam
1639 1990 1728 2019 esse
1757 1975 1911 2057 velim:

335 2046 508 2087 unicum
542 2046 656 2087 enim
686 2045 860 2088 fratrem
894 2046 1047 2088 amisi''

394 2115 486 2158 Hoc
528 2119 668 2158 tamen
710 2118 950 2158 maximum
993 2120 1259 2160 momentum
1301 2119 1571 2174 pretiumque
1609 2115 1748 2160 libelli
1777 2118 1911 2159 nostri

334 2186 446 2241 quod
486 2186 554 2228 hic
597 2186 685 2229 illic
727 2201 824 2229 cum
869 2191 1005 2230 totam
1045 2187 1267 2231 Plutarchi
1309 2190 1444 2232 vitam
1486 2194 1582 2231 tum
1613 2187 1908 2239 curandarum,

333 2271 416 2313 qua
446 2257 718 2313 fungebatur,
751 2260 963 2300 mentium
995 2263 1128 2302 artem
1160 2261 1297 2315 ipsam
1327 2260 1448 2302 nobis
1478 2260 1598 2316 ponit
1625 2262 1723 2302 ante
1749 2258 1907 2302 oculos.

391 2328 571 2384 Nigrino
601 2329 838 2384 Quintoque
863 2328 1120 2372 Plutarchus
1140 2354 1195 2362 —-
1211 2332 1293 2372 nisi
1316 2330 1360 2372 id
1385 2331 1472 2372 iam
1499 2331 1715 2381 sciremus,
1738 2328 1907 2372 libellus

329 2400 382 2440 iis
415 2398 631 2441 dedicatus
664 2399 808 2442 docere
840 2414 916 2442 nos
947 2404 1087 2456 posset
1119 2425 1175 2432 —
1207 2402 1354 2444 amicis
1384 2402 1546 2453 utitur,
1578 2402 1732 2443 artiore
1762 2404 1905 2443 tamen

328 2483 426 2510 cum
467 2471 524 2511 iis*
563 2470 733 2513 vinculo
773 2472 944 2514 iunctus
985 2476 1048 2514 est
1089 2471 1311 2514 Plutarchi
1349 2472 1500 2514 fratrer
1532 2470 1677 2523 'Pim03
1712 2470 1904 2528 quodque

327 2539 376 2581 de
409 2540 535 2582 fratre
566 2539 642 2583 illo
674 2543 849 2598 cognitu
881 2542 1183 2598 dignissimum
1215 2542 1326 2599 apud
1357 2542 1638 2585 Plutarchum
1662 2543 1906 2586 invenimus

324 2610 368 2651 id
409 2612 521 2666 (quis
565 2611 642 2654 hoc
685 2613 864 2654 miretur
881 2611 915 2664 (ἰ)
957 2615 1000 2654 111
1033 2618 1176 2656 nostro
1209 2614 1258 2655 de
1279 2614 1473 2670 fraterno
1504 2627 1634 2655 amore
1662 2612 1822 2670 legitur
1850 2611 1901 2655 li-

325 2679 450 2722 bello.
493 2680 620 2723 Velut
660 2696 693 2724 c.
732 2682 785 2724 16
828 2684 888 2725 sic
930 2684 1098 2726 scribit:
1143 2698 1270 2736 „cum
1309 2683 1447 2727 multa
1478 2684 1649 2740 egregia
1679 2697 1703 2726 a
1732 2683 1901 2727 fortuna

325 2752 572 2806 acceperim,
621 2766 725 2808 quae
772 2757 894 2809 grato
943 2755 1134 2798 recordor
1179 2757 1335 2806 animo,
1383 2755 1574 2798 omnium
1621 2755 1755 2797 instar
1781 2753 1812 2807 ¹)
1857 2758 1900 2797 et

371 2924 404 2963 1)
436 2924 570 2955 Graece:
602 2923 679 2962 πρὸς
709 2923 846 2956 ἅπαντα
870 2924 986 2957 τᾶλλα
1009 2925 1064 2957 καὶ
1086 2925 1205 2967 γέγονε
1228 2925 1283 2958 na?
1303 2925 1392 2959 ’ἑο-τι.
1425 2927 1522 2959 Hunc
1545 2926 1785 2969 praepositionis
1808 2937 1898 2959 usum

323 2977 411 3007 nullo
444 2988 524 3008 nunc
555 2978 617 3009 alio
649 2989 773 3021 possum
805 2979 966 3011 illustrare
997 2981 1147 3023 exemplo.
1185 2981 1302 3013 Tamen
1334 2981 1385 3012 hic
1409 2991 1473 3013 ease
1496 2991 1603 3013 sensus
1626 2980 1726 3014 debet.
1752 2981 1898 3025 wytten-
