2002 3372
869 272 956 314 423

172 394 317 439 *681A
361 394 520 445 ἡδοναῖς
562 409 609 437 τε
639 393 724 446 γὰρ
757 392 1006 446 συμμὲτροις
1041 394 1111 436 καὶ
1145 393 1310 444 ἀηδίαις
1342 393 1418 437 ὑπὸ
1450 398 1529 436 τῶν
1560 393 1710 447 ὁρατῶν

115 467 361 521 τρεπόμενος
393 466 616 520 συνέχεται
649 463 905 518 (ἄνθρωπος).

134 571 139 577 ,
164 537 261 583 Pro
289 537 537 590 συμμέτροις
571 537 635 581 Μ.
667 538 712 580 οὔ
743 538 923 589 μετρίοις
955 538 1148 588 coniecit,
1178 537 1252 580 sed
1277 550 1384 594 opus
1409 541 1473 580 est
1499 536 1711 580 adiectivo

114 611 230 669 quod
261 625 356 655 »non
398 610 629 654 affectuum
669 609 847 653 illorum
880 609 1198 653 vehementiam
1230 623 1384 654 verum
1415 609 1709 651 multitudinem

114 682 342 740 significet.
373 682 518 726 Sensit
546 682 626 725 hoo
659 681 725 725 W.
757 695 884 738 seque
916 682 1201 733 ἀναριθμήτοις
1235 680 1365 724 malle
1398 679 1597 724 declarat.
1629 679 1712 723 Sed

115 755 287 801 etiamsi
316 754 363 798 id
389 753 622 812 legeretur,
653 754 926 797 haereremus
959 755 1004 796 in
1036 754 1296 806 τρεπόμενος,
1325 752 1434 810 quod
1463 752 1663 809 equidem
1687 765 1712 794 a

114 823 245 870 sciolo
255 844 264 863 ·.
275 824 473 868 additum
503 829 622 882 puto,
655 824 1019 881 quemadmodum
1049 838 1174 882 saepe
1199 824 1249 867 fit
1274 838 1358 881 quo
1383 825 1524 881 magis
1548 827 1712 867 constet

117 897 442 954 praepositionis
474 895 552 939 ὑπό
583 896 706 939 ratio.

173 1043 234 1088 ib.
279 1047 358 1089 τῶν
400 1044 592 1096 ἐρωτικῶν
625 1074 665 1087 ..
685 1076 695 1088 .
728 1044 862 1096 ἀρχὴν
907 1045 929 1093 ἦ
974 1042 1065 1095 ὄψις
1109 1041 1322 1095 ἐνδίδωσιν,
1366 1039 1471 1086 ὥστε
1512 1045 1592 1097 ῥεῖν
1641 1042 1710 1085 καὶ

114 1114 331 1167 λείβεσθαι
369 1116 438 1159 τὸν
479 1115 675 1168 ἐρωτικόν,
718 1113 817 1159 ὅταν
849 1114 1047 1168 ἐμβλέπῃ
1078 1119 1162 1162 τοῖς
1195 1119 1354 1166 καλοῖς,
1387 1110 1463 1158 οἷον
1497 1113 1712 1165 ἑλκόμενον

115 1187 173 1235 εἰς
205 1186 369 1234 αὐτούς.

175 1257 378 1302 Alienum
419 1273 509 1302 esse
551 1272 576 1301 a
613 1259 863 1315 metaphora
904 1271 1011 1314 quae
1053 1259 1299 1300 instituitur
1331 1257 1547 1308 ἑλκόμενον
1578 1259 1712 1300 sensit

117 1329 197 1382 W„
239 1329 312 1375 sed
349 1329 462 1388 quod
494 1331 683 1388 reposuit
714 1329 929 1384 ἐρχόμενον
962 1331 1092 1373 nimis
1124 1335 1188 1372 est
1218 1328 1491 1387 languidum.
1524 1328 1711 1373 Venusto

114 1415 216 1450 vero
246 1405 428 1467 apteque
459 1401 508 1446 Β.
542 1402 801 1456 ἐκχεόμενον.

132 1520 231 1584 ἰΒ.
280 1555 323 1584 αι
364 1539 450 1592 γὰρ
491 1537 765 1591 ἀντιβλέψεις
805 1543 883 1581 τῶν
925 1537 965 1581 ἐν
1006 1554 1085 1594 ωρα
1118 1554 1187 1580 και
1221 1536 1267 1580 τὸ
1300 1538 1368 1582 διὰ
1401 1542 1478 1581 τῶν
1509 1537 1711 1590 ὀμμάτων

113 1603 314 1684 ἔκπιπτον
346 1643 356 1655 .
377 1644 388 1655 .
408 1643 418 1655 .
449 1609 543 1657 τοὺς
575 1611 747 1664 ἐρῶντας
783 1610 957 1660 ἐκτήκει.

172 1660 455 1750 Manifestum
480 1696 570 1726 esse
597 1683 749 1740 opinor
773 1682 830 1724 τα
858 1686 936 1724 τῶν
965 1681 1136 1735 ερῶντων
1165 1681 1235 1725 hie
1262 1679 1440 1734 ὄμματα
1464 1681 1710 1740 significari.

112 1750 227 1816 Lege
257 1767 362 1823 ergo
393 1748 600 1806 ἐμπῖπτον
634 1768 712 1812 pro
745 1754 961 1797 ἐκπῖπτον.

175 1902 313 1946 682Α
343 1902 455 1946 Sunt
481 1902 691 1960 quaedam
714 1901 901 1946 invidiae
927 1901 1303 1960 prophylagmata,
1332 1915 1439 1958 quae
1464 1901 1709 1946 invidorum

112 1972 258 2022 oculos
287 1979 488 2017 avertunt
520 1971 620 2017 ὥστε
656 1970 775 2023 ἧττον
809 1973 1023 2027 ἐπερείδειν
1057 1979 1141 2021 τοῖς
1176 1973 1408 2027 πάσχουσι.

172 2043 276 2089 Sero
302 2034 586 2089 veniunt'illa
610 2046 647 2088 si
673 2046 720 2097 ii,
738 2059 922 2102 quorum
940 2059 1067 2088 causa
1085 2044 1356 2096 adhibentur,
1373 2045 1463 2088 iam
1481 2044 1709 2100 πάσχουσι.

112 2116 334 2163 Innumeri
363 2118 480 2161 enim
510 2121 612 2160 sunt
643 2117 758 2174 apud
787 2116 855 2160 Pl.
888 2116 986 2168 loci,
1015 2117 1091 2160 ubi
1122 2116 1304 2164 verbum
1335 2115 1445 2159 illud
1471 2115 1709 2174 significat:

115 2186 319 2250 „subire
329 2187 513 2232 alicuius
553 2190 615 2232 rei
651 2187 895 2232 effectum''.
929 2187 1041 2242 Quid
1074 2191 1220 2231 autem
1251 2192 1364 2231 recte
1397 2189 1627 2246 opponitur
1656 2189 1711 2230 iis

113 2259 240 2303 rebus
262 2247 324 2303 ad
355 2273 461 2318 quas
492 2259 690 2302 avertitur
721 2257 916 2316 aliquid?
947 2259 1007 2302 Ut
1038 2259 1202 2316 opinor,
1235 2258 1279 2301 id
1312 2257 1437 2315 quod,
1472 2257 1541 2302 vel
1572 2259 1610 2301 is
1637 2259 1712 2315 qui

114 2319 242 2375 adest.
273 2330 390 2388 Lege
420 2331 524 2389 ergo
556 2336 640 2379 τοῖς
673 2333 861 2384 παροῦσι.

176 2467 316 2512 6821)
347 2468 397 2515 ὥς
425 2467 509 2521 γὰρ
538 2468 560 2517 ἡ
588 2472 751 2522 σφαῖρα
780 2468 974 2512 κινεῖσθαι
1001 2468 1223 2521 σφαιρικῶς
1245 2500 1255 2510 .
1275 2501 1285 2511 .
1306 2499 1315 2510 .
1334 2466 1625 2519 ἀναγκάζεται
1644 2499 1654 2510 .
1674 2498 1709 2509 ..

114 2539 217 2584 οὕτω
259 2539 330 2582 τὸν
360 2533 462 2583 οὕτω
492 2540 680 2593 Φθονερὸν
712 2542 735 2590 ἦ
768 2540 942 2587 διάθεσις
977 2541 1225 2593 Φθονητικῶς
1259 2538 1356 2590 πρὸς
1389 2536 1562 2582 ἅπαντα
1596 2543 1709 2581 κινεῖ.

176 2611 531 2668 obtemperatum
564 2613 755 2669 oportuit
786 2611 961 2655 Reiskio
994 2611 1228 2655 seeundum
1261 2608 1362 2654 οὕτω
1395 2609 1567 2654 delenti.

178 2757 312 2802 6821?
353 2757 465 2802 Sunt
496 2758 570 2815 qui
601 2761 738 2802 semet
767 2759 882 2815 ipsos
913 2758 1134 2811 fascinent,
1167 2772 1267 2802 nam
1299 2771 1399 2801 oum
1430 2760 1566 2800 semet
1596 2758 1710 2813 ipsos

115 2832 177 2874 ita
206 2829 550 2887 contemplantur
581 2827 684 2872 ὥστε
717 2829 942 2884 θαυμάζειν
975 2830 1043 2872 καὶ
1077 2834 1374 2882 κατασκοπεῖν,
1408 2828 1455 2871 τὸ
1483 2833 1605 2880 σῶμα
1634 2833 1708 2879 τῆς

116 2901 361 2953 μεταβολῆς
403 2901 536 2953 ἐγγύς
578 2901 681 2953 ἐστι,
725 2901 795 2944 καὶ
838 2900 1052 2955 Φερόμενοι
1085 2907 1179 2949 ταῖς
1212 2899 1319 2952 ἕξεσι
1352 2901 1448 2953 πρὸς
1481 2900 1527 2944 τὸ
1557 2905 1708 2955 χεῖρον,

117 2973 287 3022 ἑαυτοὺς
319 2973 691 3023 καταβασκαίνειν.

179 3043 249 3088 sic
286 3043 353 3087 W.
395 3045 604 3087 sententia
644 3058 731 3087 non
771 3044 877 3087 bene
918 3043 1178 3088 decurrente.
1221 3044 1292 3088 Sic
1337 3045 1453 3088 enim
1499 3043 1708 3088 ultimum
