2002 3372
872 192 959 235 313

119 344 127 364 c
167 321 276 379 ‘Age
304 321 394 365 iam
423 334 446 364 e
476 317 621 362 libello
652 320 796 361 nostro
822 315 986 372 aliquot
1013 313 1310 371 protrahamus
1336 310 1451 354 locos
1478 309 1529 352 de
1557 309 1712 366 quibus

121 391 249 450 paulo
278 392 518 435 accuratius
543 389 829 446 disputemus.

183 461 318 508 536ss
348 461 441 506 Iam
465 463 512 504 in
535 462 631 518 ipso
657 460 783 502 initio
808 462 900 502 t-am
927 458 1103 514 egregia
1128 456 1291 513 legitur
1315 455 1462 510 imago
1490 457 1540 496 ut
1566 453 1714 495 statim

123 537 324 594 appareat
363 533 535 578 nullum
576 531 695 577 aliud
735 531 957 587 praemitti
998 530 1186 585 potuisse
1218 525 1456 576 exordium,
1491 525 1567 567 hac
1598 525 1714 566 enim

29 596 35 618 ⁷
114 605 297 652 nullum
326 605 552 650 exordium
582 603 885 661 praestantius,
916 614 1052 658 neque
1084 601 1166 643 fuit
1193 601 1230 642 is
1255 597 1514 641 Plutarchus
1539 597 1614 652 qui
1640 609 1717 638 sua

123 680 217 736 ipse
241 680 532 734 corrumperet
558 680 601 720 et
627 673 923 732 pessumdaret
947 674 1136 715 inventa.
1170 670 1249 713 Est
1264 671 1378 713 enim
1395 666 1713 712 huiuscemodi:

184 747 318 802 ὥσπερ
357 747 687 800 πολυάγκιστρον
732 747 754 796 ἦ
799 745 926 788 κακία
970 750 1055 791 τοῖς
1090 742 1370 796 ἐξηρτημένοις
1402 740 1535 789 αὐτῆς
1567 738 1715 782 πάθεσι

126 819 334 872 κινουμένη
377 820 487 872 δεῦρο
527 819 693 864 κάκεῖσε
738 817 901 864 πολλὰς
944 817 1044 868 πρὸς
1078 815 1249 862 ἄλληλα
1281 814 1478 866 συναφὰς
1510 811 1578 854 καὶ
1613 826 1719 862 περι-

116 893 289 941 πλοκὰς
322 891 511 936 ἐνδίδωσι.

187 962 319 1012 Recte
349 962 488 1007 'editor
510 965 708 1008 annotat:
741 959 1071 1011 πολυάγκιστρον
1098 958 1431 1001 substantivum.
1464 955 1576 999 Nam
1605 955 1722 997 novi·

122 1042 228 1079 'mus
253 1034 368 1079 illud
398 1036 740 1079 instrumentum
773 1034 1017 1089 quicunque
1051 1043 1239 1086 unquam
1272 1028 1396 1071 Baias
1427 1031 1590 1070 nostras
1621 1027 1721 1070 visi-

128 1107 334 1151 tavimus.
365 1105 415 1149 In
445 1119 617 1163 aggere,
651 1106 725 1161 qui
755 1103 885 1161 longe
917 1103 1108 1146 excurrit
1139 1102 1183 1144 in
1217 1113 1348 1150 mare,
1382 1101 1497 1142 stant
1527 1099 1723 1141 homines

129 1179 270 1230 otiosi,
313 1179 389 1235 qui
427 1181 478 1220 ut
519 1181 663 1220 tamen
695 1180 844 1230 tempus
875 1178 1006 1217 terant
1037 1173 1159 1227 (haec
1190 1173 1304 1215 enim
1337 1185 1482 1214 eorum
1518 1171 1610 1213 vita
1641 1172 1724 1222 est)

118 1262 292 1294 ¹novum
317 1248 530 1306 quoddam
547 1249 912 1306 excogitaverunt
938 1246 1177 1303 negotium.
1206 1243 1409 1286 Ferreum
1431 1245 1577 1285 tenent
1593 1255 1725 1284 manu

129 1319 313 1372 radium,
345 1320 396 1364 de
430 1334 514 1378 quo
546 1320 638 1363 seni
667 1319 886 1376 septenive
913 1316 1151 1374 dependent
1176 1316 1318 1365 hami;
1346 1314 1414 1357 his
1440 1327 1580 1356 escam
1607 1312 1723 1366 (heu,

126 1394 281 1439 ⁴vivam
315 1391 590 1450 plerumque)
631 1391 826 1448 affigunt,
858 1394 954 1433 tum
986 1393 1128 1432 totum
1157 1389 1202 1430 in
1234 1387 1390 1430 fluctus
1421 1387 1634 1436 iniiciunt,
1666 1399 1727 1427 re-

133 1463 374 1509 tinaculum
404 1477 534 1522 prope
565 1464 690 1507 iacet.
732 1461 812 1506 Illo
843 1464 939 1519 post
969 1459 1140 1517 aliquod
1173 1463 1359 1515 tempus,
1391 1472 1491 1501 nam
1523 1458 1727 1514 temporis

119 1539 304 1581 tantum
350 1536 533 1598 habetur
572 1535 697 1587 ratio,
745 1535 850 1577 artis
890 1532 1001 1576 nihil
1042 1532 1144 1575 haec
1182 1530 1310 1574 habet
1350 1528 1421 1572 vel
1460 1529 1729 1572 dexteritatis

132 1609 327 1666 piscatio,
354 1606 466 1653 nihil
494 1619 682 1664 unquam
704 1605 851 1650 vidisti
878 1603 1094 1648 crudelius
1114 1601 1331 1659 simulque
1353 1600 1578 1644 insulsius:
1604 1600 1728 1643 hosce

133 1679 244 1723 mihi
288 1682 432 1736 specta
476 1679 719 1735 piscatores,
761 1678 798 1720 si
841 1677 908 1720 vis
949 1690 1000 1719 ex
1042 1676 1176 1718 animi
1218 1674 1429 1717 sententia
1459 1673 1529 1715 hic
1561 1686 1729 1729 quoque

133 1748 336 1809 plaudere
365 1748 541 1793 Platoni-
569 1750 644 1806 qui
671 1750 743 1796 τὴν
773 1748 1102 1796 ἀσπαλιευτικήν
1134 1760 1156 1789 e
1189 1759 1265 1788 sua
1296 1746 1466 1788 eiecerit
1491 1743 1727 1800 republica;

135 1824 231 1880 poet
270 1819 445 1878 aliquod
489 1822 628 1879 igitur
674 1823 847 1877 tempus
895 1818 1128 1862 attrahitur
1167 1816 1335 1875 praeda,
1379 1817 1526 1859 miseri
1565 1814 1731 1872 aliquot

127 1892 344 1951 pisciculi,
385 1901 501 1951 quos·
528 1892 647 1936 dirus
677 1893 892 1936 cruciatus
922 1891 1088 1934 moveri
1121 1890 1254 1932 etiam
1286 1891 1330 1931 et
1362 1887 1489 1931 salire
1522 1888 1638 1944 cogit
1668 1888 1731 1929 ita

135 1968 186 2009 ut
214 1966 327 2009 inter
356 1979 401 2008 se
431 1967 613 2022 tangant
645 1968 687 2007 et
720 1977 845 2020 saepe
878 1961 990 2006 alius
1021 1961 1157 2005 alium
1187 1960 1409 2017 impediat.

200 2107 334 2152 5361?
375 2106 634 2153 Communia
665 2106 873 2164 quaedam
904 2107 1016 2150 inter
1047 2119 1090 2148 se
1122 2105 1280 2148 habent
1310 2103 1474 2148 invidia
1500 2106 1543 2147 et
1570 2103 1731 2155 odium,

138 2185 182 2226 et
210 2181 291 2225 hoc
321 2184 386 2224 est
418 2194 503 2238 quo
533 2180 699 2237 decepti
730 2180 929 2222 homines
958 2192 1094 2221 unum
1127 2176 1238 2220 illud
1265 2191 1352 2220 esse
1378 2178 1538 2220 vitium
1566 2179 1731 2233 putent.

136 2252 222 2299 Sed
252 2253 454 2310 quoniam
484 2266 568 2295 non
602 2255 689 2295 tam
722 2251 1027 2308 congruentiae
1058 2249 1248 2292 efficiunt
1279 2253 1328 2291 ut
1359 2248 1463 2291 idem
1495 2262 1624 2305 quam
1656 2247 1734 2290 dif-

139 2324 341 2371 ferentiae
371 2327 436 2366 ut·
451 2322 571 2366 aliud
600 2324 656 2365 sit
686 2322 863 2379 aliquid,

202 2395 314 2438 κατὰ
349 2394 511 2441 ταύτης
542 2393 743 2448 ζητοῦμεν
776 2394 846 2436 ἐὰν
877 2391 1209 2444 μεταδιώξωμεν.

201 2466 332 2511 Haud
363 2465 491 2510 dubie
521 2469 732 2522 corrupta.
764 2465 814 2508 In
845 2466 1066 2521 integrum
1098 2463 1200 2507 haec
1233 2464 1293 2506 sic
1325 2462 1644 2520 elegantissime
1678 2486 1734 2494 —

141 2552 241 2583 nam
282 2539 358 2595 qui
398 2551 545 2580 sensus
587 2538 875 2594 requireretur
916 2534 1044 2581 multi
1086 2535 1251 2578 dudum
1294 2534 1489 2578 viderent
1533 2558 1588 2566 -
1627 2533 1738 2575 mihi

142 2609 314 2667 quidem
332 2609 504 2652 restitui
522 2607 746 2652 videntur:
766 2608 878 2651 κατὰ
897 2607 1061 2655 ταύτας
1078 2606 1122 2649 τὸ
1141 2605 1386 2660 ζητούμενον
1404 2604 1736 2657 μεταδιώξωμεν.

205 2751 341 2799 537A
386 2753 586 2798 Nascitur
631 2752 780 2796 odium
826 2752 924 2796 inde
973 2751 1086 2809 quod
1134 2751 1216 2794 sibi
1257 2750 1383 2808 fingit
1424 2749 1581 2806 aliquis
1621 2763 1737 2801 eum,

145 2840 275 2884 quem
305 2825 409 2877 odit,
442 2825 514 2869 vel
545 2826 720 2868 omnino
755 2823 823 2867 vel
854 2824 1056 2868 adversus
1088 2825 1232 2880 ipsum
1265 2837 1354 2866 esse
1384 2822 1654 2878 improbum;

208 2896 277 2939 καὶ
320 2896 406 2948 γὰρ
451 2895 674 2939 ἀδικεῖσθαι
719 2894 911 2945 δόξαντες
953 2894 1068 2937 αὐτοὶ
1108 2895 1322 2947 πεφύκασι
1356 2898 1506 2945 μισεῖν,
1541 2892 1609 2934 καὶ
1644 2892 1739 2940 τοὺς

146 2967 288 3018 ἄλλως
320 2969 575 3017 ἀδικητικοὺς
610 2967 632 3016 ἢ
666 2967 855 3019 πονηροὺς
888 2966 1199 3019 προβάλλονται
1234 2966 1302 3007 καὶ
1337 2964 1655 3017 δυσχεραίνουσι.
