2002 3372
1142 212 1198 255 48

385 337 738 395 Wyttenbachius
782 334 955 378 suadere
998 334 1166 377 videtur
1202 332 1251 381 ἰός
1287 350 1324 376 τι
1355 334 1490 382 ὄντας.
1524 333 1624 378 Tale
1655 335 1771 379 enim
1794 334 1960 392 >aliquid

384 423 467 451 non
509 412 571 450 est
613 408 742 449 huius
783 405 877 448 loci.
921 403 1015 447 Una
1056 403 1188 447 litura
1224 404 1399 448 delenda
1431 419 1596 457 censeo3
1630 405 1961 450 natavidentur

383 494 435 522 ex
467 479 737 522 annotatione
771 476 837 517 καὶ
875 474 1143 526 ἑτοιμοτέρους
1177 475 1230 518 ad
1261 477 1574 527 μαλακωτέρους
1608 475 1837 534 adscripta.-

442 550 500 592 ib.
548 547 786 591 Alexander
825 546 987 588 duabus
1016 547 1289 602 potissimum
1319 548 1364 589 in
1396 547 1522 590 rebus
1553 550 1644 591 erat
1675 546 1956 599 ἀγεννέστερος

383 620 451 662 καὶ
488 618 801 669 παθητικώτερος
835 617 1014 660 αὑτοῦ.
1239 653 1241 655 ,

443 689 637 732 Restitue
685 687 916 731 solemnem
963 677 1194 730 formulam
1241 688 1366 735 αὐτὸς
1414 689 1552 739 αὑτοῦ,
1599 687 1833 732 Plutarcho
1873 702 1958 732 non

381 762 596 816 ignotam;
631 759 786 801 omisso
820 757 941 804 αὐτός
975 757 1145 800 absurdi
1176 759 1365 801 nascitur
1395 757 1572 815 aliquid.

443 829 499 872 66
518 830 555 872 A
598 828 708 872 Cum
735 830 841 872 vitia
866 832 1009 894 nostra
1034 843 1276 884 erroresque
1292 831 1647 885 reputaverimus,
1664 805 1855 873 nosmet’
1842 842 1956 886 ipsos

381 900 742 956 deprehendemus
786 900 856 940 οὐκ
899 899 1152 945 ἐπαινοῦντος
1185 900 1309 950 Φίλου
1342 900 1431 940 καὶ
1444 903 1787 950 κατευλογοῦντος
1819 900 1958 951 δεομέ-

383 987 482 1022 νους,
515 972 614 1012 ἀλλ’
649 971 892 1021 ἐλέγχοντος
921 970 988 1011 καὶ
1019 968 1388 1022 παρρησιαζομένου
1417 969 1484 1011 καὶ
1510 971 1711 1021 ψέγοντος
1737 970 1958 1026 ἦμᾶς“ὶδ1ᾳ

382 1047 519 1088 κακῶς
548 1042 823 1093 πράττοντας.
1296 1070 1298 1072 -
1947 1058 1950 1066 ·

441 1112 547 1155 Βο111
589 1125 666 1154 acu
698 1109 1051 1167 wyttenbachius
1084 1111 1232 1166 tetigit
1265 1124 1340 1166 pro
1373 1110 1455 1164 ἰδίᾳ
1486 1109 1694 1162 coniciens
1724 1113 1768 1159 νὺ
1802 1112 1884 1155 Δία
1917 1110 1958 1155 01

381 1185 541 1238 optime
585 1196 712 1238 quam
752 1183 796 1223 in
840 1181 1227 1223 enumerationibus
1269 1181 1441 1224 haberet
1481 1183 1571 1223 vim
1603 1179 1860 1226 exclamatio
1884 1181 1960 1226 illa

355 1252 537 1295 ·ultimo
579 1252 741 1294 adiecta
784 1252 975 1294 membro
1017 1251 1084 1304 (de
1126 1265 1208 1307 qua
1247 1266 1291 1294 re
1332 1252 1415 1307 ipsi
1456 1254 1624 1309 egimus
1666 1252 1734 1296 ad
1758 1266 1800 1309 p.
1835 1253 1891 1296 34
1909 1253 1959 1307 F)

380 1324 588 1379 exposuit.
621 1322 702 1364 Sed
734 1325 867 1364 totam
900 1321 980 1364 loci
1013 1326 1281 1364 venustatem
1311 1335 1392 1363 non
1419 1324 1632 1378 perspexit
1656 1324 1727 1367 vir
1749 1328 1960 1380 praestan·

380 1396 584 1436 tissimus.
629 1393 800 1435 Etenim
843 1397 975 1442 κακῶς
1017 1393 1273 1445 πράττοντας
1320 1394 1450 1434 vertit
1489 1393 1593 1435 male
1631 1390 1806 1450 affectos,
1847 1395 1959 1437 vitiis

381 1465 618 1506 laborantes.
664 1463 741 1505 Est
785 1465 912 1515 enim,
955 1466 998 1506 et
1038 1464 1097 1505 sic
1125 1462 1234 1511 illud
1264 1465 1307 1511 νὴ
1344 1463 1427 1505 Δία
1459 1462 1615 1519 duplex
1645 1464 1956 1520 quodammodo

379 1536 532 1590 accipit
557 1534 732 1590 pondus,
763 1548 867 1584 „nos
894 1547 1075 1589 quorum
1103 1532 1214 1575 mala
1240 1536 1304 1575 est
1331 1533 1528 1584 conditio,
1557 1547 1646 1577 sors
1672 1537 1840 1587 misera,
1866 1537 1955 1580 sive

379 1610 445 1657 (ut
487 1607 626 1660 magis
664 1605 792 1646 etiam
829 1605 1047 1659 perspicue
1084 1618 1174 1646 rem
1211 1603 1436 1656 declarem)
1467 1604 1537 1660 qui
1558 1619 1757 1661 pauperes
1786 1606 1952 1650 simus&

378 1676 435 1718 Et
478 1689 585 1731 quae
627 1676 682 1717 sit
723 1673 798 1716 illa
841 1679 1067 1730 paupertas
1099 1676 1271 1731 egregie
1303 1674 1503 1716 docemur
1532 1676 1586 1717 iis
1614 1689 1723 1732 quae
1754 1679 1955 1721 continuo

377 1753 634 1802 sequuntur:
678 1746 807 1794 ὀλίγοι
851 1746 923 1793 μὲν
964 1745 1047 1796 γαρ
1090 1746 1134 1786 ἐκ
1181 1749 1340 1787 πολλῶν
1389 1746 1483 1787 εἰσιν
1531 1746 1565 1788 οἱ
1609 1748 1952 1801 παρρησιάζεσθαι

378 1820 540 1865 μᾶλλον
590 1817 610 1863 ἢ
660 1814 900 1867 χαρίζεσθαι
947 1820 1027 1861 τοῖς
1077 1815 1212 1866 Φίλοις
1261 1820 1504 1864 τολμῶντες.
1563 1815 1681 1859 Licet
1727 1817 1953 1874 opulentus

377 1888 459 1930 sibi
505 1886 658 1941 aliquis
698 1885 905 1936 videatur,
948 1900 1074 1941 quem
1116 1885 1247 1928 multi
1287 1886 1365 1928 sibi
1408 1890 1624 1942 expetunt,
1666 1901 1812 1931 revera
1851 1899 1953 1945 pau-
1974 1941 1977 1944 ¹

377 1972 452 2013 per
493 1961 576 2007 est,
625 1970 722 1998 nam
770 1955 930 1998 multos
979 1956 1153 2012 quidem
1199 1957 1326 1998 habet
1373 1956 1633 2010 adulatoreS,
1675 1960 1954 2034 paucissimos

378 2029 549 2071 amicos.

440 2096 550 2140 66D
597 2095 964 2138 Absurdissimum
1006 2101 1069 2139 est
1108 2098 1150 2138 in
1193 2098 1379 2139 amicum
1422 2100 1560 2171 11111111,
1605 2111 1656 2141 110
1699 2097 1877 2143 blandiri
1914 2102 1959 2144 ei.

377 2168 572 2218 videaris,
606 2167 749 2209 acerbe
777 2167 923 2209 invehi

440 2237 570 2289 ὥσπερ
614 2237 876 2289 ἀπελεύθερον
921 2237 959 2278 ἐν
1001 2237 1190 2291 κωμῳδία
1231 2238 1302 2286 την
1337 2236 1586 2290 κατηγορίαν
1619 2236 1823 2292 ἰσηγορίας
1858 2238 1958 2285 aind-

381 2319 525 2350 λαυσιν
561 2309 796 2358 ἡγούμενον.

441 2378 729 2430 „Huiusmodi
754 2377 896 2419 liberti
923 2376 1174 2419 maledicam
1203 2391 1423 2432 personam
1450 2379 1494 2419 in
1513 2383 1706 2424 veterum
1729 2382 1957 2430 comoediis

378 2464 461 2492 non
508 2450 651 2492 videre
696 2462 770 2490 nos
819 2447 1123 2491 meminimus''
1167 2447 1522 2504 Wyttenbachius
1567 2451 1641 2501 ait,
1665 2465 1817 2508 neque
1858 2458 1953 2509 post

378 2520 754 2576 Wyttenbachium
796 2520 1020 2560 inventum
1053 2520 1200 2574 opinor
1231 2519 1520 2575 fragmentum
1554 2520 1664 2576 quod
1697 2516 1826 2565 talem
1857 2536 1952 2566 eam

377 2591 607 2633 exhiberet.
641 2589 799 2631 Tamen
830 2589 959 2631 fuisse
987 2602 1081 2630 eam
1107 2589 1494 2644 frequentissimam
1522 2591 1565 2632 in
1593 2604 1704 2634 nova
1725 2586 1956 2636 Comoedia

375 2675 442 2702 res
467 2663 558 2716 ipsa
585 2660 752 2702 clamat.
786 2658 900 2711 Quae
927 2661 1041 2701 enim
1067 2661 1111 2701 in
1138 2658 1282 2701 fabula
1307 2661 1515 2714 privatam
1533 2662 1799 2716 privatorum
1811 2663 1951 2706 ‘vitam

377 2731 627 2786 depingente
659 2731 795 2785 aptior
827 2729 878 2771 ad
911 2731 1020 2771 risus
1052 2729 1284 2773 movendos
1315 2729 1452 2786 figura
1483 2744 1609 2786 quam
1642 2730 1829 2775 libertini
1861 2735 1957 2789 qui‚·

374 2801 511 2843 laetus
553 2815 595 2842 se
635 2802 720 2843 iam
753 2799 899 2841 eadem
932 2814 1014 2855 qua
1044 2802 1252 2856 ingenuos
1285 2799 1448 2842 dicendi
1477 2802 1543 2842 uti
1573 2799 1793 2854 libertate,'
1813 2804 1874 2846 ita
1905 2818 1948 2846 se
1979 2830 1981 2839 2

376 2885 484 2913 nova
504 2870 578 2912 illa
595 2871 797 2924 voluptate
816 2870 936 2911 satiet
951 2875 1001 2911 ut
1016 2872 1058 2911 in
1076 2871 1223 2912 obvios
1238 2870 1464 2912 invehatur
1479 2870 1710 2922 maledictis.
1739 2872 1847 2916 Nam
1864 2888 1945 2916 non

375 2946 479 2997 puto
506 2942 689 2985 hominis
715 2940 907 2982 illiterati
933 2954 1021 2982 esse
1052 2940 1294 2982 accusatoris
1320 2954 1450 2996 grave
1479 2955 1585 2983 onus
1601 2943 1643 2983 in
1661 2956 1710 2984 se
1721 2945 1947 2999 suscipere.
