2002 3372
888 220 976 263 293

190 341 328 387 523A
361 344 454 392 τοὺς
487 343 527 386 δὲ
561 342 882 394 προσαγωγίδας
916 343 950 384 οἱ
979 342 1177 385 Διονύσιοι
1205 348 1287 390 τοῖς
1318 344 1577 395 Συρακοσίοις
1608 343 1729 385 κατέ-

101 430 106 441 ’
127 413 270 465 μιξαν.

187 484 442 543 Legendum
483 489 548 528 est
589 482 890 536 ἐγκατέμιξαν,
934 498 1031 527 nam
1065 489 1309 541 sparserunt
1342 499 1413 528 eos
1446 486 1621 542 tyranni
1653 500 1730 542 per

34 562 41 568 ”
127 554 280 599 urbem
310 557 373 599 ita
405 559 456 599 ιιι
485 557 530 598 ιιι
562 554 719 612 populo
749 554 946 598 laterent.

609 965 662 996 DE
694 964 946 996 GUPIDI'I'A'I'E
977 964 1246 996 DIVI'HARUM.

187 1123 244 1168 Ut
275 1122 408 1167 libere
439 1122 579 1166 dicam
611 1122 724 1179 quod
755 1124 907 1174 sentio,
941 1136 1093 1179 parum
1126 1122 1236 1165 mihi
1268 1122 1340 1165 hic
1371 1121 1546 1165 libellus
1573 1121 1725 1178 placet,

38 1211 39 1214 ¹
123 1209 261 1252 neque
290 1197 447 1252 potest,
481 1197 531 1237 ut
561 1195 724 1250 opinor,
757 1195 959 1250 cuiquam
993 1193 1160 1250 placere
1192 1194 1266 1250 qui
1299 1207 1323 1236 a
1353 1192 1512 1236 libellis
1556 1195 1605 1236 de
1629 1209 1727 1248 qar-

122 1265 293 1309 ruh‘tate
332 1269 376 1308 et
416 1266 466 1307 de
506 1265 739 1307 curiositate
781 1279 925 1308 recens
972 1269 1049 1308 est.
1093 1264 1234 1308 Unam
1266 1268 1440 1308 tantum
1473 1279 1563 1307 rem
1597 1265 1726 1308 habet

120 1350 253 1395 quam
292 1335 520 1381 laudemus
561 1335 768 1393 planeque
810 1337 1062 1393 probemus:
1096 1336 1210 1393 quod
1243 1336 1313 1379 hic
1345 1350 1515 1393 quoque
1547 1337 1727 1392 scriptor

120 1411 258 1453 semet
297 1409 443 1465 ipsum
486 1422 570 1450 non
604 1409 758 1451 eximit
791 1421 939 1450 eorum
972 1408 1123 1450 turbae
1154 1408 1310 1463 quibus
1345 1422 1452 1464 opus
1484 1411 1549 1451 est
1581 1407 1725 1451 admo-

120 1480 283 1524 nitione
313 1483 357 1522 et
387 1480 719 1536 vituperatione.
765 1479 883 1522 Haec
915 1480 1056 1522 virtus
1089 1482 1232 1522 totum
1264 1482 1395 1536 caput
1426 1493 1592 1522 nonum
1622 1480 1725 1522 satis

119 1551 242 1595 nobis
273 1549 414 1594 reddit
445 1550 698 1593 iucundum.
730 1550 808 1593 Est
839 1551 954 1593 enim
985 1549 1306 1593 huiuscemodi:

180 1621 330 1674 „Idem
377 1621 499 1665 nobis
545 1621 659 1678 quod
706 1620 961 1665 Telemacho
1003 1621 1170 1665 accidit.
1215 1621 1300 1665 Hic
1343 1623 1458 1664 enim
1502 1625 1592 1664 tam
1635 1624 1726 1664 erat

117 1694 348 1751 imperitus
389 1697 518 1750 atque
549 1693 653 1737 adeo
684 1697 776 1736 tam
809 1707 958 1751 expers
990 1693 1140 1736 iudici-i
1174 1707 1320 1736 veram
1352 1692 1723 1750 pulchritudinem

32 1752 33 1755 Ἰ
117 1779 144 1809 a
173 1764 282 1808 falsa
307 1763 585 1808 discernentis
612 1768 661 1808 ut
688 1779 789 1808 cum
815 1765 1008 1808 Nestoris
1036 1765 1160 1808 aedes
1187 1764 1496 1821 contemplans,
1525 1766 1726 1821 quamvis

115 1835 217 1880 illae
248 1835 512 1880 abundarent
542 1835 747 1888 culcitris,
776 1837 950 1889 mensis,
979 1837 1185 1888 vestibus,
1216 1835 1436 1893 stragulis,
1465 1838 1566 1879 vino
1594 1835 1723 1888 dulci,

117 1921 266 1952 earum
297 1921 440 1950 rerum
474 1911 564 1951 tam
597 1907 986 1965 utilium tamque
1017 1909 1350 1951 necessariarum
1381 1908 1605 1950 dominum
1639 1923 1724 1951 non

115 1979 398 2038 praedicasset
425 1977 609 2031 felicem,
637 1979 836 2036 adspecta
864 1979 1051 2023 Menelai
1079 1981 1213 2037 reg-ia,
1240 1981 1287 2022 in
1314 1993 1398 2035 qua
1426 1979 1544 2032 ebur,
1567 1994 1722 2023 aurum

116 2050 326 2095 electrum
357 2049 648 2107 splendebant,
682 2051 963 2094 exclamaret:

239 2126 289 2165 ιιι
318 2119 494 2179 stupeo!
528 2136 636 2165 anne
668 2122 784 2166 Iovis
816 2122 968 2165 domus
1001 2122 1118 2174 haec,
1151 2123 1324 2165 rectoris
1357 2121 1563 2180 Olympi?

237 2194 358 2250 copia
387 2202 546 2250 quanta
577 2187 695 2250 patet
728 2208 886 2245 rerum,
921 2207 1050 2250 quam
1085 2193 1308 2250 splendida
1340 2192 1516 2237 cuncta!

178 2264 347 2318 „Quam
379 2265 519 2308 tristia
552 2264 733 2308 cuncta’'
766 2264 960 2308 Socrates
992 2264 1148 2321 aliquis
1180 2265 1350 2308 dixissit
1383 2264 1453 2308 vel
1486 2264 1720 2322 Diogenes:

239 2339 287 2379 ut
319 2339 471 2392 stupeo
502 2335 740 2392 adspiciens
775 2361 832 2367 —
865 2340 930 2379 tot
962 2350 1070 2379 vana
1102 2339 1146 2379 et
1177 2335 1357 2379 ridicula
1389 2334 1496 2379 ista!

175 2405 441 2450 Stultissime
473 2405 690 2450 Menelao!
725 2407 946 2463 oportebat
978 2411 1020 2450 te
1049 2408 1173 2450 uxori
1201 2411 1300 2450 tuae
1328 2421 1565 2464 purpuram
1593 2411 1722 2464 atque

115 2491 286 2523 omnem
319 2477 506 2521 adimere
538 2480 772 2534 pretiosam
804 2483 984 2531 vestem,
1021 2483 1069 2521 ut
1100 2477 1312 2521 luxuriari
1339 2477 1415 2522 illa
1443 2479 1651 2522 desineret
1678 2484 1722 2522 et

114 2549 305 2607 hospites
333 2550 494 2592 venari.
523 2549 581 2591 At
606 2563 718 2593 nunc
746 2549 884 2593 denuo
907 2554 1043 2593 totam
1061 2549 1242 2593 domum
1262 2555 1482 2607 tamquam
1500 2550 1719 2593 theatrum

113 2620 313 2665 luxuriae
344 2623 594 2664 exornatam
626 2621 801 2664 exhibes
833 2621 1140 2665 intrantibus.''

174 2691 258 2736 Sed
297 2695 514 2749 praeterea
546 2718 603 2724 —
636 2693 680 2735 id
714 2692 827 2749 quod
859 2695 992 2736 etiam
1023 2693 1075 2736 de
1107 2695 1246 2750 capite
1279 2693 1358 2736 hoc
1391 2707 1501 2736 nono
1533 2696 1721 2736 statuen-

114 2763 220 2808 dum
253 2763 372 2807 nobis
403 2767 468 2807 est
500 2789 556 2796 ——
591 2763 732 2807 multo
764 2765 908 2807 minus
940 2764 1171 2807 amabilem
1201 2779 1244 2807 se
1273 2766 1415 2807 virum
1444 2764 1515 2807 hic
1540 2766 1721 2821 scriptor

113 2835 289 2892 praebet
319 2849 449 2892 quam
481 2849 570 2878 esse
601 2834 709 2878 solet
738 2834 1011 2878 Plutarchus.
1046 2835 1190 2879 Multo
1218 2837 1359 2892 magis
1387 2850 1514 2879 suum
1546 2837 1718 2879 virtutis

114 2909 300 2949 ostentat
326 2905 536 2958 studium,
570 2908 706 2949 oratio
737 2906 925 2949 hominis
956 2909 1021 2949 est
1053 2908 1127 2963 qui
1159 2907 1240 2950 sibi
1273 2907 1505 2950 admodum
1539 2907 1716 2964 placeat,

112 2976 268 3029 fucata,
300 2976 539 3035 magistelli
570 2976 764 3021 redolens
796 2979 1100 3035 arrogantiam.
