2002 3372
1093 204 1148 247 12

392 326 577 370 Ioculare
618 327 786 368 vitium.
829 325 932 377 Quis
964 327 1023 368 sic
1056 326 1363 370 admonitiones
1394 331 1438 371 et
1468 328 1594 371 verba
1623 329 1747 370 inter.
1764 335 1910 384 se'op-

331 395 476 453 ponit?
508 397 635 449 Quasi
666 411 766 439 vero
799 410 878 438 non
913 396 1040 438 verbis
1071 397 1395 441 admoneamus!

391 467 638 524 Legendum
670 481 759 509 esse
791 467 935 517 ψόγοις
971 468 1058 509 iam
1090 467 1179 510 dixi
1210 468 1373 511 Mnem.
1410 468 1538 519 1909,
1575 467 1675 511 161.

390 538 452 580 IX
486 538 518 580 B
555 537 661 584 ”Han
696 536 737 578 δέ
768 552 880 582 τινας
914 537 994 588 ἐγὼ
1027 535 1129 580 εἶδον
1161 540 1343 591 πατέρας
1377 536 1431 585 οἷς
1466 541 1510 582 τὸ
1543 539 1637 581 λίαν
1667 543 1805 590 Φιλεῒν
1835 541 1913 582 τοῦτ

331 626 387 658 μη
420 613 558 661 φιλεῖν
589 607 713 649 αἴτιον
747 608 941 655 κατέστη.
981 609 1023 650 τί
1055 606 1119 651 οὖν
1152 610 1259 652 ἐστιν
1291 607 1308 652 ὃ
1342 610 1548 660 βούλομαι
1582 608 1720 661 λέγειν
1751 606 1837 653 ἵνα
1849 609 1903 661 τῷ
1939 641 1950 655 .

330 679 640 732 παραδείγματι
675 678 956 731 φωτεινότερον
988 680 1148 728 ποιήσω
1170 682 1236 722 τὸν
1270 682 1415 732 λόγον,

390 751 599 801 Primum,
631 763 682 791 ne
714 750 808 805 quis
838 754 961 806 putet
992 751 1102 807 apud
1136 756 1328 794 nostrum
1361 751 1634 804 παράδειγμα
1660 750 1779 794 aliud
1804 750 1908 808 quid

331 819 566 877 significare
599 833 726 874 quam
758 820 870 875 apud
903 823 1062 864 ceteros
1094 821 1294 865 mortales
1325 836 1470 865 omnes
1495 822 1616 878 (quid
1642 824 1756 865 enim
1781 821 1833 865 de
1859 836 1907 864 eo

330 892 534 947 suspicari
574 890 687 932 nefas
701 888 734 942 ?)
777 892 1033 946 aspiciamus
1074 891 1214 934 locum
1258 894 1332 948 qui
1364 897 1427 935 est
1458 893 1500 935 X
1531 893 1579 936 B.
1622 894 1733 936 Ante
1764 893 1906 936 omnia.

328 963 429 1004 haec
462 960 768 1004 adolescentem
801 961 999 1004 meditari
1032 967 1222 1019 oportere
1255 963 1358 1006 dicit
1390 965 1433 1006 τὸ
1468 963 1534 1006 τὸν
1564 964 1655 1016 βίον
1686 963 1905 1016 ἀτύφωτον

327 1035 480 1083 ἀσκεῖν,
513 1032 558 1073 τὸ
588 1033 658 1080 τὴν
692 1036 886 1082 γλῶτταν
914 1032 1122 1085 κατέχειν,
1151 1035 1195 1076 τὸ
1223 1038 1294 1080 τῆς
1321 1034 1450 1085 ὀργῆς
1471 1035 1649 1087 ὑπεράνω
1673 1034 1906 1086 γίγνεσθαι,

324 1104 370 1146 τὸ
413 1107 489 1144 τῶν
532 1106 674 1154 χειρῶν
718 1108 893 1154 κρατεῖν,
938 1107 1063 1160 atque
1095 1105 1154 1146 sic
1187 1106 1351 1161 pergit:
1385 1105 1534 1147 τούτων
1566 1103 1738 1147 ἕκαστον
1770 1104 1905 1154 ἡλίκον

326 1174 410 1216 ἐστὶ
439 1173 654 1215 σκεπτέον·
684 1172 798 1215 ἔσται
831 1173 864 1215 δ’
893 1174 958 1216 ἐπὶ
987 1175 1339 1227 παραδειγμάτων
1364 1175 1661 1228 γνωριμώτερα.
1686 1175 1909 1220 Postremo.

324 1247 491 1287 inverso
523 1244 667 1287 ordine
699 1245 872 1298 exempla
907 1245 978 1287 dat
1009 1245 1230 1288 hominum
1267 1247 1341 1302 qui
1372 1260 1420 1288 ea
1451 1250 1671 1303 praecepta
1701 1249 1776 1289 aut
1806 1245 1905 1289 fide-

324 1315 424 1358 liter
464 1315 740 1382 observarunt
781 1319 855 1357 aut
894 1329 976 1358 non
1019 1316 1251 1359 observatis
1291 1330 1445 1373 graves
1487 1317 1688 1360 dederunt
1729 1329 1904 1374 poenas:

327 1384 541 1442 Gylippus
582 1387 623 1427 in
667 1385 866 1441 peculatu
903 1386 1185 1442 deprehensus
1216 1388 1258 1429 in
1292 1387 1491 1430 exsilium
1523 1392 1587 1430 est
1617 1389 1795 1439 missum
1829 1386 1905 1430 So-

327 1460 458 1499 crates
491 1456 628 1499 noluit
658 1458 699 1498 in
733 1458 800 1498 ius
833 1470 979 1499 vocare
1011 1457 1275 1513 petulantem
1303 1457 1608 1501 adolescentem
1637 1472 1662 1501 a
1687 1472 1770 1515 quo
1794 1457 1906 1502 calce

329 1531 418 1570 erat
460 1528 620 1583 petitus
663 1541 714 1569 ne
757 1526 911 1569 similis
953 1532 1059 1570 esset
1103 1530 1193 1571 eius
1224 1530 1298 1585 qui
1330 1531 1445 1572 asino
1477 1528 1713 1572 calcitranti
1744 1533 1786 1572 et
1814 1530 1905 1585 ipse

328 1598 484 1640 calcem
517 1598 788 1653 impingeret,
821 1602 947 1654 atque
979 1612 1112 1655 aequo
1144 1602 1284 1642 animo
1318 1600 1613 1656 Aristophanis
1638 1599 1741 1643 tulit
1765 1601 1904 1652 iocos;

329 1669 538 1725 Archytas
582 1672 624 1710 et
666 1668 801 1720 Plato,
845 1671 943 1724 quia
983 1684 1025 1712 se
1067 1672 1196 1713 iratos
1240 1685 1326 1713 esse
1359 1671 1607 1723 sentiebant,
1638 1673 1722 1728 ipsi
1752 1684 1905 1727 poenas

330 1753 497 1782 sumere
529 1738 750 1791 nolebant;
783 1739 956 1782 Sotades
989 1744 1031 1782 et
1061 1740 1307 1784 Theocritus
1340 1755 1362 1784 a
1396 1743 1601 1798 tyrannis,
1635 1742 1788 1798 quibus
1818 1754 1905 1784 ma—

331 1810 576 1861 ledixerant,
608 1811 875 1866 gravissimis
907 1816 1005 1853 sunt
1037 1814 1180 1867 poenis
1212 1812 1361 1855 affecti.
1394 1812 1443 1854 In
1473 1813 1670 1863 transitu,
1702 1816 1750 1854 ut
1781 1825 1907 1868 appa-

327 1886 417 1924 reat
458 1895 479 1923 e
522 1894 604 1936 quo
648 1894 802 1936 genere
842 1881 910 1923 hic
951 1883 1130 1938 scriptor
1171 1884 1240 1934 sit,
1283 1897 1433 1925 moneo
1475 1897 1574 1926 eum
1616 1882 1772 1926 ultima
1802 1882 1905 1925 haec

330 1951 523 2007 exempla
558 1951 671 1993 hisce
703 1953 946 2007 praemissis
977 1952 1144 1996 afferre:
1178 1953 1223 1995 τὸ
1257 1955 1384 1997 τοίνυν
1417 1960 1489 2003 τῆς
1521 1953 1710 2005 γλώττης
1744 1959 1905 2007 κρατεῖν

330 2023 435 2076 (περὶ
464 2021 605 2064 τούτου
632 2022 714 2073 γὰρ
742 2023 868 2065 εἰπεῖν
896 2024 1066 2076 λοιπόν).
1099 2026 1169 2075 At,
1201 2039 1224 2067 ο
1252 2025 1371 2076 bone,
1399 2026 1529 2068 etiam
1553 2028 1744 2082 superest
1769 2024 1906 2068 dicere

332 2093 419 2144 περὶ
464 2095 533 2133 τοῦ
578 2093 643 2135 τὸν
685 2092 774 2142 βίον
805 2092 1024 2143 ἀτύφωτον
1056 2096 1210 2138 ἀσκεῖν.
1249 2095 1397 2138 Nonne
1430 2093 1694 2138 meministi?
1725 2096 1789 2138 An
1822 2109 1905 2138 non

330 2169 371 2207 te
413 2163 543 2219 pudet
584 2162 776 2205 libellum
821 2168 910 2206 tam
941 2165 1210 2222 negligenter
1241 2168 1447 2222 scriptum
1479 2166 1641 2209 tradere
1670 2162 1906 2223 magistro?

330 2234 455 2276 Esto:
483 2233 594 2289 apud
622 2247 719 2275 eum
747 2234 1075 2285 παραδείγματα
1104 2240 1202 2278 sunt
1229 2237 1417 2290 exempla,
1446 2251 1552 2293 quae
1577 2239 1741 2293 possint
1761 2249 1905 2280 secum

329 2305 494 2347 trahere
537 2303 606 2346 vel
647 2304 853 2347 deterrere
885 2305 1087 2362 legentes.
1123 2308 1179 2348 At
1210 2306 1380 2349 nullum
1410 2307 1528 2350 affert
1560 2307 1805 2364 exemplum
1835 2307 1907 2349 ho-

331 2377 459 2417 minis
501 2376 574 2430 qui
614 2376 746 2417 nimio
788 2389 929 2418 amore
972 2391 1121 2419 verum
1166 2391 1350 2420 amorem
1397 2378 1699 2435 pessumdedit.
1733 2377 1907 2421 Accedit

330 2446 443 2502 quod
474 2445 543 2488 vel
574 2447 633 2487 sic
666 2447 929 2507 ineptissime
957 2447 1159 2491 articulus
1189 2450 1242 2500 τῷ
1270 2448 1452 2492 additur.
1486 2449 1645 2505 Opinor
1669 2462 1779 2492 nunc
1805 2449 1906 2490 satis

330 2517 605 2560 manifestum
638 2530 726 2559 esse
758 2518 909 2560 mendo
940 2518 1127 2562 laborare
1158 2518 1301 2562 locum
1333 2522 1376 2562 et
1402 2534 1478 2575 pro
1504 2517 1567 2562 ἵνα
1597 2520 1651 2572 τῷ
1676 2518 1905 2576 legendum

332 2602 419 2630 esse
466 2592 540 2630 aut
581 2586 643 2628 ἵνα
688 2588 746 2636 μή
790 2592 863 2630 aut
896 2588 917 2637 ἤ
952 2593 1051 2640 („an
1084 2589 1276 2646 exemplo
1307 2604 1397 2632 rem
1427 2590 1640 2633 illustrem
1653 2587 1699 2632 ?”
1731 2588 1906 2632 Talibus

329 2658 732 2714 interrogationibus
766 2658 999 2702 delectatur
1030 2661 1209 2703 rhetoris
1243 2661 1310 2703 hic
1342 2660 1606 2716 discipulus).

391 2729 453 2770 IX
485 2728 522 2770 D
569 2729 723 2769 αὐτοὶ
861 2729 943 2770 οὔτ’
987 2731 1193 2773 αὐτόπται
1238 2733 1465 2781 γίγνονται.
1510 2731 1604 2774 Hoc
1644 2734 1706 2773 est
1748 2728 1906 2773 Graece

331 2797 532 2841 scribere!

390 2870 427 2911 X
465 2871 498 2910 A
547 2871 587 2910 οὐ
622 2870 705 2919 γὰρ
738 2870 781 2910 τὸ
816 2873 927 2911 νικᾶν
960 2872 1076 2920 μόνον
1111 2873 1226 2914 ἀλλὰ
1261 2873 1328 2913 καὶ
1358 2873 1401 2914 τὸ
1432 2872 1632 2920 ἡττᾶσθαι
1660 2871 1905 2912 ἐπίστασθαι

336 2941 458 2983 καλὸν
502 2940 540 2980 ἐν
581 2936 635 2985 οἷς
679 2940 723 2980 τὸ
771 2943 881 2982 νικᾶν
922 2942 1145 2994 βλαβερόν,
1189 2942 1273 2984 ἔστι
1317 2943 1399 2992 γὰρ
1440 2944 1488 2988 ὡς
1527 2943 1682 2990 ἀληθῶς
1716 2941 1784 2983 καὶ
1817 2942 1902 2988 νίκη
