2002 3372
1101 284 1186 328 548

417 405 479 448 De
520 405 606 449 sola
646 405 830 449 Plataica
870 419 1014 462 pugna
1054 419 1190 450 sermo
1233 411 1308 452 est.
1351 408 1465 466 Lege
1507 422 1608 466 ergo
1640 421 1740 453 cum
1762 409 1826 457 R.
1842 410 1927 455 ἀπ’

358 476 506 519 ἐκείνου
548 480 616 520 τοῦ
660 478 826 528 ἀγῶνος.
874 476 929 519 Et
971 491 1070 520 cum
1111 477 1316 535 Emperiu
1359 483 1542 531 τιμῶμεν
1586 477 1696 529 ἔτους
1741 479 1927 527 δώσων.

356 546 466 590 Nam
499 547 729 592 absurdum
760 546 876 590 istud
907 549 1120 599 τιμώμενοι
1153 555 1234 598 τοῖς
1269 549 1442 594 ἑκάστου
1475 550 1527 594 ad
1557 563 1686 607 quam
1711 559 1928 599 servemus

356 616 511 660 usum?

415 761 549 806 874ss
590 762 702 805 Haec
734 762 858 805 datur
887 763 980 806 laus
1012 764 1226 809 Herodoto
1260 766 1371 822 quod
1403 766 1525 821 χάρις
1558 767 1701 812 ἔπεστι
1734 768 1803 813 αἳ
1831 768 1929 814 δυ·

355 832 505 882 νότης
538 835 604 875 καὶ
638 831 716 885 ὥρα
749 839 832 881 τοῖς
866 833 1106 886 διηγήμασι.
1158 893 1160 896 v

414 903 556 947 Multo
588 906 728 961 aptius
759 905 1004 948 Ruhnkenii
1035 905 1210 957 λειότης.

413 1188 475 1232 De
513 1189 632 1232 libris
665 1191 819 1246 scripta
851 1190 1021 1246 politica
1052 1192 1461 1247 interrumpentibus
1492 1193 1566 1235 vix
1595 1192 1827 1250 quidquam
1856 1207 1927 1237 an-

352 1262 497 1304 notavi
529 1260 638 1316 quod
668 1262 714 1302 in
745 1260 936 1303 medium
968 1262 1154 1317 proferre
1187 1276 1335 1318 operae
1366 1263 1552 1319 pretium
1585 1263 1810 1308 videatnrf

412 1331 455 1373 X
481 1336 677 1373 oratorum
709 1331 815 1373 vitae
846 1332 898 1374 ab
931 1331 1115 1375 Arnoldo
1149 1332 1370 1376 Schaefero
1403 1333 1667 1377 abiudicatas
1698 1334 1927 1379 Plutarcho

352 1405 465 1444 sunt.
499 1400 579 1445 Cui
611 1404 702 1446 viro
735 1402 853 1445 docto
887 1402 1057 1459 obloqui
1086 1403 1242 1454 nolim;
1270 1403 1409 1446 multa
1435 1405 1549 1448 enim
1574 1406 1622 1448 in
1646 1406 1700 1449 iis
1723 1404 1928 1463 leguntur

352 1487 457 1529 quae
501 1478 543 1515 et
585 1475 675 1529 ipse
709 1473 937 1516 Plutarcho
968 1488 1139 1530 prorsus
1171 1474 1347 1531 indigna
1381 1489 1469 1518 esse
1501 1477 1694 1519 sentiam.
1727 1474 1798 1519 An
1828 1475 1927 1519 Plu-

351 1545 545 1587 tarchum
590 1559 834 1587 censeamus
865 1559 949 1587 non
981 1544 1122 1588 solum
1154 1549 1212 1601 (p.
1247 1545 1445 1599 833EF)
1477 1547 1693 1603 integrum
1725 1545 1776 1591 de
1807 1547 1927 1591 Anti-

352 1615 508 1671 phonte
534 1615 807 1658 condemnato
836 1614 1051 1658 rettulisse
1081 1615 1298 1658 decretum
1330 1615 1477 1672 populi
1509 1616 1581 1660 sed
1610 1618 1741 1661 etiam
1769 1619 1816 1661 in
1843 1617 1926 1661 fine

350 1687 481 1728 totius
521 1685 620 1728 libri
661 1685 833 1742 longam
866 1686 1066 1728 adiecisse
1098 1686 1437 1742 psephismatum
1469 1685 1649 1730 seriem?
1679 1687 1926 1735 Eundemne

351 1757 424 1812 qui
454 1763 594 1812 (quom.
628 1757 716 1812 quis
745 1771 834 1798 auos
865 1757 908 1798 in
940 1757 1032 1799 virt.
1065 1761 1164 1799 sent.
1191 1757 1307 1812 prof.
1341 1771 1382 1813 p.
1412 1755 1580 1810 8201))
1611 1756 1803 1814 lepidum
1830 1757 1926 1802 Dio-

349 1828 468 1882 genis
508 1828 649 1869 iocum
693 1826 741 1869 de
783 1827 1072 1869 adolescentulo
1103 1829 1190 1883 qui,
1222 1841 1274 1870 ne
1305 1829 1350 1869 in
1381 1841 1571 1884 caupona
1602 1829 1924 1885 conspiceretur,

350 1911 393 1939 se
422 1897 467 1938 in
495 1895 644 1939 cellam
670 1899 879 1940 vinariam
906 1897 1123 1948 abdiderit,
1151 1899 1320 1940 nomine
1348 1897 1651 1942 adolescentuli
1675 1913 1757 1943 non
1783 1898 1925 1943 addito

350 1966 532 2019 rettulit,
578 1967 798 2010 credamus
839 1968 908 2010 hic
939 1967 1266 2010 Demosthenem
1299 1970 1535 2011 nominasse
1565 1967 1732 2021 (847F)
1768 1968 1926 2012 scilicet

349 2040 399 2079 ut
430 2037 700 2081 celeberrimo
733 2040 887 2081 oratori
919 2037 1108 2082 levitatis
1138 2040 1327 2082 inureret
1357 2037 1530 2082 notam?
1572 2038 1720 2083 Nonne
1748 2041 1925 2083 sensisse

348 2107 628 2151 Plutarchum
654 2113 855 2164 putemus
883 2123 1010 2165 quam
1037 2110 1232 2165 ineptum
1256 2110 1378 2152 nobis
1400 2112 1442 2152 et
1463 2109 1693 2153 ridiculum
1703 2110 1926 2155 exhiberet

348 2178 576 2222 Isocratem
625 2181 697 2236 qui
739 2178 843 2232 (837
857 2179 909 2232 E)
954 2182 998 2222 in
1041 2181 1133 2236 ipso
1177 2179 1355 2223 articulo
1399 2181 1549 2223 mortis
1590 2180 1666 2224 hos
1707 2180 1924 2238 Euripidis

348 2249 650 2295 declamaverit
682 2264 854 2294 versus:
1791 2280 1793 2283 f

651 2321 813 2368 Δαναὸς
846 2321 864 2364 o‘
897 2320 1152 2370 πεντήκοντα
1185 2320 1414 2374 θυγατέρων
1446 2320 1582 2374 πατήρ
1619 2350 1621 2352 »

649 2392 792 2444 Πέλοψ
824 2392 841 2434 ὃ
875 2392 1129 2438 Ταντάλειος
1163 2393 1217 2439 εἷς
1251 2397 1383 2434 Πῖσαν
1412 2393 1545 2442 μολών

650 2462 832 2506 Σιδώνιόν
864 2465 955 2505 ποτ’
988 2462 1095 2506 ἄστυ
1127 2463 1292 2513 Κάδμος
1326 2463 1498 2506 ἐκλιπών

346 2534 390 2575 in
424 2534 577 2590 quibus
609 2533 754 2576 nullus
784 2535 894 2577 inest
925 2548 1084 2586 sensus,
1117 2534 1274 2577 nedum
1307 2548 1453 2577 sensus
1483 2534 1583 2577 huic
1613 2534 1674 2577 rei
1703 2531 1856 2590 aptus?

407 2603 517 2647 Sunt
555 2609 768 2661 praeterea
809 2605 1015 2661 quaedam
1056 2605 1126 2647 hic
1165 2607 1227 2647 ita
1267 2604 1400 2648 relata
1440 2608 1491 2647 ut
1530 2603 1688 2648 lectore
1727 2612 1834 2661 opus
1862 2606 1922 2648 sit

348 2689 431 2717 non
473 2679 596 2718 acuto
637 2674 777 2718 solum
820 2676 891 2718 sed
924 2679 966 2718 et
996 2675 1396 2719 benevolentissimo
1426 2676 1499 2731 qui
1530 2688 1658 2731 prave
1690 2674 1802 2720 dicta
1831 2675 1921 2732 ipse

348 2747 544 2801 corrigat,
588 2747 741 2789 omissa
783 2745 988 2802 suppleat.
1031 2745 1158 2788 Velut
1199 2745 1310 2788 illud
1352 2749 1416 2788 est
1457 2745 1568 2802 quod
1609 2759 1650 2802 p.
1695 2743 1828 2788 8480
1869 2744 1920 2787 de

349 2815 629 2858 Demosthene
669 2820 883 2859 narratur:
923 2817 1117 2869 ἱστοροῦσι
1157 2816 1191 2859 δ’
1217 2818 1268 2863 ὡς
1306 2815 1392 2859 οὐδὲ
1430 2815 1580 2868 λύχνον
1620 2814 1790 2866 ἔσβεσεν
1819 2829 1920 2872 quo-

347 2899 444 2927 rum
486 2887 712 2930 verborum
758 2888 863 2930 hanc
909 2901 997 2930 esse
1048 2888 1325 2930 sententiam:
1381 2885 1712 2937 „Demosthenes
1757 2899 1921 2942 semper

345 2957 390 2997 in
433 2956 628 3000 cubiculo
666 2957 882 2999 ardentem
917 2957 1097 3000 habebat
1137 2956 1368 3008 lucernam,
1411 2961 1461 2999 ut
1500 2956 1668 2999 studere
1703 2959 1844 3012 posset
1882 2956 1918 2998 si

347 3040 430 3067 non
473 3030 612 3081 posset
653 3041 798 3082 capere
841 3027 1066 3070 somnum''
1107 3031 1274 3070 tantum
1314 3041 1395 3069 non
1426 3028 1563 3070 invito
1595 3027 1796 3082 scriptore
1826 3039 1919 3068 con-
