2002 3372
898 211 983 255 261

109 337 296 382 'iniuria
348 335 540 380 afficiunt
592 336 766 388 amicos,
824 338 1002 391 prosunt
1049 335 1259 386 inimicis,
1308 338 1444 378 semet
1489 335 1604 391 ipsos
1651 348 1743 390 pes-

137 406 371 453 sumdant'’

59 491 61 531 j
137 492 238 524 cum
269 491 319 523 eo
349 479 425 535 qui
456 492 560 522 mox
593 478 789 534 sequitur
821 475 929 529 (510
941 475 1019 530 E):

146 571 150 577 ·
199 548 379 603 „deinde
419 549 625 594 adversus
666 549 781 592 hunc
826 548 1026 591 morbum
1069 548 1281 592 utendum
1325 551 1390 592 est
1429 548 1741 592 contrariorum

58 637 62 653 ³
135 620 485 673 consideratione,
528 634 697 678 semper
737 619 1034 671 audientibus,
1077 619 1412 671 recordantibus,
1455 620 1500 662 in
1534 622 1740 676 promptu

134 692 394 738 habentibus
420 693 728 736 taciturnitatis
754 690 916 742 laudes,
945 690 1189 748 silentiique
1217 704 1350 747 grave
1375 689 1502 742 illud,
1527 694 1740 742 sanctum,

54 762 58 763 ⁷
135 767 388 823 augustum,
421 765 715 820 maioremque
747 764 816 806 sui
848 776 1022 806 movere
1056 775 1263 815 amorem,
1296 762 1640 814 admirationem,
1675 775 1740 805 sa-

50 883 51 886 ,
134 836 366 894 pientiores
406 834 588 892 denique
627 834 776 877 haberi
814 847 944 890 quam
979 833 1154 877 effrenos
1186 835 1292 877 istos
1323 835 1638 890 concitatosque
1670 847 1740 877 eos

133 908 211 965 qui
247 907 295 950 in
337 920 382 950 se
423 907 512 949 sint
554 909 709 950 teretes
753 909 796 949 et
837 904 1032 956 rotundi,
1076 904 1339 961 breviloqui,
1384 918 1652 962 quorumque
1695 906 1740 947 in

132 979 281 1036 paucis
312 977 454 1022 verbis
485 978 718 1034 sapientiae
750 976 942 1019 multum
974 975 1382 1033 comprehenditur’'

53 1111 55 1114 Ι
133 1048 315 1107 denique
345 1061 446 1092 eum
478 1062 605 1106 quem
639 1063 681 1105 p.
716 1047 855 1091 514A
886 1047 1040 1091 habes:

195 1122 268 1173 „in
309 1121 626 1164 narrationibus
669 1122 734 1163 est
774 1119 1105 1177 loquacissimus
1146 1119 1184 1162 is
1227 1119 1303 1175 qui
1343 1117 1485 1162 multa
1526 1117 1650 1175 legit,
1693 1119 1739 1160 in

132 1193 238 1236 artis
268 1190 490 1236 vocabulis
516 1192 842 1249 grammaticus,
874 1192 918 1234 in
951 1194 1196 1234 exterarum
1222 1191 1421 1247 gentium
1449 1189 1739 1245 descriptioni-

41 1266 44 1270 ’
130 1263 213 1308 bus
237 1263 307 1308 vir
337 1264 412 1320 qui
441 1262 636 1306 multum
671 1263 968 1320 peregrinatus
999 1265 1064 1305 est
1095 1260 1341 1318 multosque
1373 1260 1484 1304 vidit
1510 1259 1736 1318 populos.''

190 1333 418 1379 Eiusmodi
457 1333 540 1378 loci
582 1333 650 1377 illi
691 1337 792 1376 sunt
836 1338 886 1376 ut
928 1334 1060 1376 etiam
1104 1334 1178 1390 qui
1221 1332 1402 1375 latinam
1435 1346 1584 1375 eorum
1617 1331 1739 1375 audit

129 1407 526 1463 interpretationem
570 1407 719 1449 statim
762 1409 952 1447 oratorem
994 1407 1218 1462 agnoscat;
1266 1405 1310 1446 in
1353 1404 1494 1461 primo
1526 1404 1737 1460 tertioque

130 1479 376 1536 quicunque
417 1476 577 1522 Graece
620 1479 700 1520 scit
740 1477 945 1520 continuo
979 1477 1110 1519 sentit
1142 1489 1273 1532 quam
1306 1476 1498 1519 suaviter
1529 1474 1581 1518 ad
1613 1488 1738 1518 aures

129 1548 332 1594 accedant
363 1548 574 1594 adiectiva
604 1547 683 1592 illa
716 1548 929 1604 verbaque
960 1546 1162 1590 similiter
1192 1547 1442 1591 sonantibus
1475 1545 1618 1590 clausa
1651 1546 1738 1604 syl-

34 1600 53 1670 ἶ.
125 1619 255 1666 labis.

191 1691 303 1736 'l'um
346 1691 474 1749 paulo
511 1691 752 1736 accuratius
784 1690 1102 1734 consideremus
1131 1689 1175 1732 id
1209 1689 1322 1746 quod
1354 1689 1544 1747 legimus
1579 1689 1664 1732 511
1679 1688 1733 1732 E:

192 1766 386 1816 „tantam
417 1763 546 1807 habet
576 1765 622 1806 in
653 1762 851 1806 omnibus
884 1763 1011 1806 rebus
1040 1763 1132 1805 vim
1159 1761 1445 1805 consuetudo:
1474 1775 1554 1819 age
1582 1761 1633 1804 de
1658 1760 1736 1804 illa

127 1835 217 1879 iam
249 1834 473 1878 dicamus”

126 1907 289 1964 ipsum,
330 1909 382 1950 ut
422 1907 586 1963 opinor,
629 1906 918 1962 conspicimus
963 1908 1176 1949 oratorem
1218 1905 1263 1947 in
1303 1919 1381 1948 suo
1413 1907 1599 1948 stantem
1633 1918 1734 1962 sug-

127 1981 270 2036 gestu.

188 2049 274 2094 Sed
315 2063 368 2093 ex
408 2063 493 2106 quo
532 2062 688 2106 genere
732 2051 951 2092 oratorum
996 2048 1065 2091 hic
1109 2050 1165 2091 sit
1207 2049 1315 2091 scire
1347 2048 1479 2091 etiam
1511 2046 1732 2091 volumus.

128 2120 309 2166 Docebit
360 2121 440 2165 hoc
485 2119 752 2177 lepidissima
799 2119 1187 2177 disputatiuncula,
1236 2133 1344 2176 quae
1390 2133 1493 2163 mox
1540 2120 1735 2176 sequitur

127 2192 323 2247 (511F):

189 2261 461 2318 „Consilium
492 2277 576 2307 non
610 2262 750 2307 tendit
781 2277 830 2306 eo
863 2277 948 2319 quo
980 2276 1130 2306 cursus
1162 2276 1371 2319 equorum

125 2334 357 2394 Sophocles
397 2337 483 2387 ait;
528 2334 601 2378 sed
633 2348 769 2392 neque
801 2333 951 2378 eodem
985 2333 1124 2377 tendit
1157 2335 1196 2376 is
1229 2335 1304 2390 qui
1337 2332 1529 2390 loquitur
1560 2346 1732 2390 respon-

127 2407 284 2465 detque
294 2420 306 2460 3
339 2406 430 2450 illic
461 2407 576 2450 enim
608 2408 646 2449 is
678 2407 905 2449 victoriam
939 2408 1128 2462 reportat
1161 2406 1235 2462 qui
1268 2406 1435 2461 primus
1469 2404 1659 2456 advenit,
1688 2407 1732 2447 at

27 2479 29 2481 ’
93 2503 97 2506 <
124 2480 171 2523 in
201 2477 426 2536 loquendo,
469 2491 568 2520 cum
603 2476 715 2520 alius
748 2478 963 2534 quispiam
995 2481 1061 2520 sat
1094 2477 1199 2520 bene
1232 2476 1494 2530 responderit,
1528 2474 1732 2532 plaudere

126 2549 247 2595 decet
278 2553 322 2594 et
353 2549 554 2606 probare:
599 2547 797 2592 benevoli
831 2549 946 2591 enim
977 2547 1023 2591 id
1055 2548 1244 2591 hominis
1277 2561 1367 2591 esse
1398 2547 1594 2599 videtur;
1630 2561 1730 2590 cum

125 2622 273 2665 minus
315 2621 440 2672 bene,
483 2634 620 2676 neque
660 2621 902 2677 importuni
943 2623 1008 2663 est
1051 2633 1187 2676 neque
1231 2619 1369 2663 invidi
1410 2618 1455 2662 id
1498 2618 1611 2676 quod
1654 2618 1730 2662 ille

125 2691 314 2736 meierit
359 2691 585 2748 explicare,
634 2690 748 2747 quod
796 2691 990 2734 omiserit
1037 2690 1251 2747 supplere.
1301 2689 1384 2733 Sed
1432 2703 1533 2747 prae
1579 2692 1731 2733 ceteris

125 2778 345 2815 caveamus,
389 2777 490 2806 cum
532 2763 804 2816 interroyatur
847 2761 974 2813 alius,
1015 2763 1098 2818 ipsi
1144 2765 1242 2804 ante
1286 2760 1415 2804 illum
1459 2761 1728 2818 respondere.

126 2834 310 2880 Omnino
350 2849 436 2879 non
477 2838 542 2878 est
584 2834 738 2877 urbani
778 2834 980 2885 hominis,
1024 2847 1124 2876 cum
1167 2833 1219 2876 ab
1252 2832 1335 2876 alio
1369 2834 1532 2890 petitur
1564 2832 1730 2889 aliquid

122 2905 254 2950 illum
285 2906 539 2950 submovere
570 2919 730 2961 nosque
761 2906 875 2961 ipsos
908 2904 1054 2948 offerre
1064 2917 1074 2955 ;
1108 2905 1269 2947 iniuria
1300 2903 1403 2947 haec
1431 2907 1494 2947 est
1525 2903 1729 2948 adversus

124 2976 311 3021 alterum
351 2982 574 3034 tamquam
616 2990 693 3032 par
724 2990 806 3019 non
839 2977 895 3019 sit
927 2975 1181 3032 praestando
1213 2975 1258 3018 id
1291 2975 1403 3032 quod
1437 2979 1627 3032 rogatur,
1660 2975 1728 3018 ad-
