2002 3372
0 0 153 320 μ,

861 273 947 317 437

169 396 307 442 ’713Β
351 401 539 455 pastores
569 397 772 440 dicuntur
803 410 904 440 oves
936 411 1036 440 suos
1070 411 1217 455 regere
1249 395 1426 447 ἆμελέσι
1457 396 1586 440 sonis.
1618 395 1702 439 Sed

0 485 26 531 3-
108 482 215 527 opus
246 482 336 512 esse
369 468 570 520 ἐμμελέσι
602 468 696 522 (Χ.)
724 467 889 524 liquido
919 472 1095 525 apparet
1126 483 1176 511 ex
1208 469 1262 511 iis
1295 481 1404 524 quae
1427 466 1703 525 comparandi

108 554 234 584 eausa
275 540 512 584 adduntur:
560 542 622 584 sic
664 540 776 597 quod
818 546 962 583 nostra
1005 555 1125 583 mens
1166 540 1294 584 habet
1335 539 1588 594 φορβαδικὸν
1631 540 1700 582 καὶ

107 611 308 664 ἀγελαῖον
339 611 596 669 placandum
628 617 693 655 est
723 611 1100 668 mitigandamque
1132 613 1278 662 μέλεσι
1311 611 1380 654 καὶ
1414 613 1590 665 ῥυθμοῖς.

171 757 308 804 714Β
353 758 481 817 Apud
511 758 754 803 Homerum

349 831 368 874 ὃ
399 830 526 883 ripun
558 829 814 883 πάμπρωτον
848 829 1034 883 ὑφαίνειν
1067 829 1217 883 ἤρχετο
1241 836 1376 882 μῆτιν

169 902 234 946 ἐπ’
276 901 380 946 αὐτὸ
421 904 541 946 τοῦτο
584 907 656 951 τῆς
701 901 882 951 κλήσεως
926 903 994 945 καὶ
1041 903 1118 946 τῶν
1162 902 1336 955 α’ρίστων
1375 901 1598 954 εἰσηγητὴς
1643 902 1700 956 τῷ

107 966 286 1027 Baetae?
311 971 543 1026 γενόμενος.

167 1044 323 1089 Nestor
346 1058 440 1088 eam
466 1046 606 1102 ipsam
635 1045 687 1087 ob
714 1058 887 1088 eausam
916 1045 1233 1102 Agamemnoni
1249 1043 1476 1089 eonsilium
1495 1045 1705 1102 parandae

108 1123 193 1165 τοῖς
219 1118 380 1170 γέρουσι
406 1130 558 1160 coenae
585 1116 702 1159 dedit
729 1120 779 1159 ut
806 1121 950 1173 posset
976 1118 1140 1173 optima
1156 1130 1348 1174 quaeque
1364 1115 1554 1160 suadere.
1585 1115 1704 1160 Hane

109 1189 365 1232 sententiam
396 1187 584 1240 habebis,
619 1188 656 1230 si
686 1201 786 1230 cum
817 1187 991 1230 Reiskio
1023 1188 1095 1230 καί
1127 1186 1302 1231 delebis.

170 1323 310 1370 '714D
355 1324 596 1374 Ἑλληνικὸν
628 1322 670 1366 ὃν
701 1325 948 1377 πεφώραται
981 1324 1070 1368 κτὲ.

168 1396 241 1440 sio
271 1411 325 1440 ne
357 1398 541 1454 turpiter
566 1395 809 1440 soloecisset
834 1395 901 1439 Pl.
928 1395 1159 1453 legendum
1188 1411 1287 1440 cum
1315 1396 1391 1440 R.:
1419 1395 1461 1440 ὅν
1486 1395 1705 1455 proelum.

167 1544 228 1588 ib.
283 1543 519 1594 δυσκίνητον
566 1543 679 1588 male
724 1559 824 1588 eum
866 1543 1061 1598 δύσεργον
1102 1546 1395 1603 coniungitur.
1446 1545 1562 1603 Lege
1604 1559 1706 1603 ergo

111 1615 431 1671 ὶυσκυβέρνητον
461 1629 560 1660 oum
592 1615 643 1659 R.

170 1751 303 1798 714?
352 1752 544 1798 Bacchus
586 1753 827 1797 comitibus·
859 1753 949 1796 suis
987 1751 1171 1796 ferulam
1204 1752 1322 1797 dedit
1356 1750 1477 1806 ὅπως,
1510 1753 1597 1797 ἐπεὶ
1631 1752 1708 1797 τοὶ-

107 1838 243 1878 χιστα
274 1823 477 1876 παίουσιν,
511 1821 659 1874 ἥκιστα
693 1823 935 1874 βλάπτωσι.

167 1894 402 1954 Eleganter
433 1894 607 1952 quidem
638 1895 834 1940 Naberus
868 1909 944 1953 pro
976 1895 1171 1949 τάχιστα
1204 1896 1384 1940 coniecit
1415 1896 1471 1939 τὰ
1498 1895 1707 1948 μάλιστα,

107 1980 370 2025 quamquam
411 1966 522 2013 illud
564 1966 680 2010 haud
720 1966 832 2011 male
875 1967 1074 2011 defendas
1114 1967 1427 2025 Aristophaneo
1470 1968 1527 2016 εἰς
1571 1967 1706 2022 τάχος

110 2039 240 2084 παίει.
271 2038 355 2083 Sed
385 2037 612 2082 molestius
645 2042 709 2082 est
739 2038 857 2082 istud
890 2039 994 2083 ἐπεί.
1027 2039 1256 2096 Exspectes
1288 2036 1387 2082 ὅταν
1415 2070 1424 2083 .
1444 2072 1454 2083 .
1475 2071 1486 2083 .
1517 2040 1708 2084 παίωσιν.

169 2186 231 2230 ib.
277 2182 374 2239 ὅπερ
405 2185 492 2229 ἐστὶ
525 2185 724 2238 μέγιστον
758 2187 798 2229 ἐν
828 2192 925 2235 ταῖς
957 2186 1047 2240 περὶ
1077 2190 1155 2230 τῶν
1183 2185 1396 2238 μεγίστων
1424 2185 1612 2240 σκέψεσι,
1640 2187 1709 2230 τὸν

113 2255 232 2301 ἐνδεᾶ
266 2260 330 2301 νοῦ
364 2288 376 2301 .
395 2290 406 2302 .
425 2288 436 2300 .
469 2253 640 2301 ἕπεσθαι
673 2263 756 2306 τοῖς
790 2261 979 2312 Φρονοῦσι
1015 2290 1025 2302 .
1046 2290 1055 2302 .
1076 2291 1085 2302 .
1120 2259 1366 2312 ἀφαιρεῖται
1402 2291 1411 2302 .
1432 2290 1442 2303 .
1464 2290 1474 2303 .
1506 2259 1525 2303 ὃ
1557 2257 1670 2307 οἶνος.

173 2328 315 2373 Insere
347 2327 396 2372 τό
425 2332 523 2374 ante
555 2328 639 2374 τόν.

177 2477 315 2522 715A
356 2481 434 2520 τῶν
475 2477 510 2520 δ’
543 2477 731 2520 ἐναντίων
773 2477 992 2520 ἀκουστέον
1037 2476 1076 2520 εἴ
1104 2493 1165 2524 τις
1202 2477 1224 2527 ἢ
1256 2476 1342 2525 νέος
1374 2477 1710 2531 προέστηκεν

117 2548 143 2600 ἣ
172 2548 464 2603 πρεσβύτερος.

176 2620 248 2665 Sic
292 2620 525 2679 legendum
568 2625 768 2674 („eorum
814 2622 993 2678 suscipit
1035 2619 1374 2677 patrocinium”)
1404 2633 1502 2664 eum
1536 2618 1602 2663 W.
1635 2634 1710 2677 pro

117 2690 403 2747 προσέστηκεν.

105 2866 111 2874 .
182 2828 316 2874 715Β
357 2830 520 2887 optime
551 2830 620 2873 hic
653 2829 852 2874 lacunam
883 2830 929 2872 in
962 2830 981 2872 ὁ
1009 2829 1132 2873 πίνων
1161 2829 1245 2883 γὰρ
1273 2862 1283 2873 .
1304 2861 1314 2873 .
1335 2861 1347 2873 .
1373 2825 1418 2873 εὖ
1442 2827 1710 2882 μεταβλέπει

119 2900 264 2960 explet
294 2900 344 2945 B.

183 3037 318 3083 7151]
363 3039 407 3083 οὖ
438 3037 643 3092 βδελυρὰν
675 3037 755 3082 οὐδ’
787 3036 964 3091 ἄκρατον
995 3039 1095 3084 ἀλλ’
1127 3038 1296 3094 εὔχαριν
1327 3039 1399 3084 καὶ
1431 3040 1617 3091 πιθανήν.
