2002 3372
1109 177 1136 221 8

393 307 413 349 I
444 306 477 350 G
520 305 585 347 καὶ
629 306 733 355 μάλ’
774 303 886 354 ὀρθῶς
930 302 947 344 ὅ
979 301 1111 354 λέγων
1144 303 1307 352 ποιητής
1342 307 1442 356 <Dum
1475 305 1750 360 (sequuntur
1759 316 1907 348 vorsus

334 393 384 421 ex
417 377 599 420 Hercule
631 375 891 432 Euripideo).

395 447 630 491 Ridiculam
675 447 780 489 hanc
811 445 1035 487 lectionem
1068 445 1386 501 transponendis
1417 447 1529 489 inter
1562 460 1606 489 se
1635 442 1856 490 vocabulis
1884 445 1906 487 ὁ

334 523 376 562 et
411 519 542 568 λέγων
575 532 662 560 esse
695 515 999 559 emendandam
1031 515 1119 558 dixi
1150 516 1311 558 Mnem.
1350 516 1478 569 1908,
1511 516 1598 559 215
1631 530 1766 574 neque
1795 530 1908 560 nunc

334 605 402 632 me
434 592 523 632 eius
555 589 824 631 correctionis
857 588 1056 643 poenitet.
1090 586 1159 629 Sic
1190 589 1305 630 enim
1337 590 1560 644 aptissima
1589 588 1692 631 haec
1722 586 1909 631 nascitur

334 662 562 703 sententia:
599 659 729 710 „dicit
761 661 884 714 poeta
915 661 957 700 et
987 659 1219 700 rectissime
1252 659 1398 701 dicit''.

398 731 603 773 Versuum
645 729 970 785 Euripideorum
1002 729 1079 772 hoc
1111 733 1175 772 est
1204 734 1529 786 argumentum:
1564 732 1818 786 „parentum
1848 731 1911 773 in-

335 803 465 843 famia
505 800 660 842 liberos
695 799 847 855 implet
878 798 1081 855 pudore’'.
1115 799 1226 842 Tum
1259 801 1319 842 sic
1352 803 1568 857 pergitur:
1598 799 1730 853 ὥσπερ
1761 800 1909 851 ἀμέλει

334 874 638 924 μεγαλαυχίας
674 871 994 920 ἐμπίμπλανται
1030 870 1097 912 καὶ
1131 870 1413 921 Φρυοὲγμοιτος
1446 873 1478 914 οἱ
1513 872 1656 922 γονέων
1688 872 1910 922 διασήμων.

335 943 390 985 Et
436 942 605 984 affertur
651 943 873 984 notissima
919 940 1235 984 narratiuncula
1281 942 1331 984 de
1370 941 1668 985 Themistoclis
1707 940 1796 984 filio
1836 943 1912 998 qui

336 1013 540 1069 quidquid
581 1014 671 1068 ipse
707 1011 838 1055 vellet
870 1016 1010 1054 totum
1041 1012 1247 1068 populum
1278 1011 1390 1055 velle
1422 1012 1553 1056 dixit.⁴
1578 1013 1641 1055 Ab
1671 1012 1912 1056 adversario

336 1085 438 1126 haec
480 1087 677 1126 annotata
719 1083 874 1125 dixeris
915 1085 989 1138 qui
1031 1086 1223 1125 nostrum
1266 1084 1450 1126 refutare
1482 1083 1624 1126 vellet.
1665 1082 1747 1126 Sed
1776 1084 1912 1140 ipsius

337 1156 551 1210 scriptoris
582 1155 660 1196 hoc
688 1159 751 1196 est
777 1155 935 1197 vitium
965 1155 1039 1210 qui
1065 1168 1108 1196 se
1135 1155 1216 1196 sibi
1243 1153 1416 1210 obloqui
1440 1168 1521 1197 non
1548 1151 1736 1198 senserit.
1767 1153 1913 1196 Etiam

336 1224 694 1268 narratiunculam
737 1225 786 1267 de
818 1224 1115 1267 Themistoclis
1146 1224 1232 1267 filio
1265 1224 1347 1267 alia
1378 1226 1548 1291 excipit⁴
1567 1238 1674 1281 quae
1704 1238 1804 1268 cum
1835 1224 1912 1267 illa

336 1296 662 1352 haudquaquam
696 1296 909 1338 cohaeret:
943 1295 1197 1338 Archidamo
1228 1294 1413 1338 multam
1440 1296 1597 1338 dictam
1624 1295 1735 1352 quod
1760 1291 1914 1352 parvae

337 1371 524 1410 staturae
557 1381 732 1409 uxorem
765 1366 966 1409 duxisset.

397 1437 439 1479 II
469 1438 505 1479 A
549 1435 566 1479 ὃ
608 1438 721 1479 κατὰ
758 1438 835 1478 τῶν
871 1441 1023 1488 τεχνῶν
1058 1437 1124 1478 καὶ
1160 1441 1234 1478 τῶν
1269 1437 1502 1488 ἐπιστημῶν
1533 1437 1671 1488 λέγειν
1702 1436 1911 1489 εἰώθαμεν,

341 1509 469 1551 ταύτὸ
503 1509 570 1550 καὶ
606 1509 715 1550 κατὰ
751 1513 822 1557 τῆς
856 1509 1002 1559 αἱρετῆς
1034 1508 1188 1560 φατέον
1222 1508 1320 1551 ἐστι.

400 1579 627 1635 Proprium
659 1580 794 1622 nostri
825 1593 914 1621 esse
945 1578 1116 1621 videtur
1147 1578 1284 1629 λέγειν
1317 1578 1429 1620 κατ-αὶ
1460 1594 1560 1625 τινος
1594 1592 1669 1635 pro
1705 1580 1807 1631 περί.

401 1650 454 1692 ΙΙ’
473 1651 507 1693 Β
552 1650 947 1702 „Quemadmodum
987 1652 1031 1692 in
1063 1665 1165 1707 agro
1198 1649 1369 1693 colendo
1400 1651 1589 1706 primum
1621 1649 1751 1692 fertili
1781 1650 1913 1692 humo

341 1736 445 1778 opus
479 1725 553 1773 est,
587 1721 735 1764 deinde
766 1723 902 1777 perito
934 1721 1132 1777 agricola,
1166 1726 1378 1777 postremo
1409 1721 1641 1764 seminibus
1671 1722 1782 1764 sanis
1814 1752 1824 1763 .
1844 1751 1854 1763 .
1875 1721 1898 1762 .'

341 1792 431 1844 Quo
473 1792 597 1835 modo
639 1792 900 1849 pergendum
946 1793 1001 1834 sit
1044 1796 1091 1834 ut
1122 1793 1266 1848 imago
1299 1792 1350 1834 ad
1381 1805 1609 1848 puerorum
1641 1791 1916 1834 transferatur

341 1863 632 1905 educationem
659 1864 753 1918 quis
780 1877 861 1904 non
887 1861 1029 1906 videt?
1057 1861 1150 1905 Non
1168 1863 1278 1906 vidit
1295 1866 1447 1915 noster,
1465 1864 1539 1918 qui
1554 1862 1658 1906 haec
1672 1862 1914 1919 subiungit:

402 1934 487 1975 τὸν
519 1934 681 1975 αὐτὸν
715 1933 906 1984 τρόπον
940 1940 996 1987 γῇ
1030 1935 1104 1983 μὲν
1136 1932 1303 1975 ἔοικεν
1336 1935 1358 1982 ἦ
1392 1933 1516 1985 Φύσις
1548 1933 1633 1975 κτὲ.

401 2004 464 2046 III
497 2003 529 2047 C
572 2003 747 2060 Oportet
785 2003 917 2051 αὐτὰς
951 2005 1028 2050 τοὶς
1061 2004 1238 2056 μητέρας
1274 2006 1327 2046 τὰ
1360 2003 1485 2046 τέκνα
1517 2003 1678 2055 τρέφειν
1708 2004 1776 2045 καὶ
1811 2004 1917 2046 τού-

341 2091 451 2122 τοις
484 2075 573 2122 τοὺς
608 2074 794 2124 μαστοὺς
828 2074 1010 2128 ὑπέχεω.

402 2145 626 2188 Ridiculus
666 2146 736 2188 hic
778 2147 1037 2201 pronominis
1077 2160 1178 2188 usus
1220 2147 1398 2188 recurrit
1428 2144 1485 2187 1⁴3:
1521 2157 1691 2197 „recens
1722 2147 1917 2187 natorum

343 2217 534 2258 membra
564 2215 760 2272 fingenda
791 2220 890 2258 sunt
921 2214 984 2258 ἵνα
1018 2218 1168 2258 ταῦτ’
1203 2217 1293 2268 ὀρθοὶ
1328 2215 1394 2257 καὶ
1428 2216 1622 2268 ἀστραβῆ
1652 2214 1856 2268 Φύηται.”

401 2286 463 2328 III
489 2286 526 2328 D
572 2286 693 2341 „Ipsa
719 2299 837 2328 suam
866 2286 1028 2342 prolem
1054 2288 1215 2329 nutriat
1240 2290 1397 2328 mater:
1427 2285 1498 2328 vel
1523 2287 1707 2343 geminis
1731 2286 1917 2328 nutrien-

343 2357 406 2398 dis
446 2370 540 2398 eam
581 2361 731 2398 natura
772 2371 917 2412 parem
959 2359 1131 2400 creavit.
1180 2358 1319 2412 Atque
1361 2370 1408 2399 ea
1447 2370 1513 2399 res
1553 2355 1684 2413 prolis
1724 2369 1911 2399 amorem

342 2426 500 2483 auget”
533 2428 601 2468 καὶ·
635 2427 698 2476 μὰ
735 2428 798 2467 Δι’
832 2428 901 2469 οὐκ
935 2428 1172 2473 ἀπεικότως.

403 2497 512 2549 Quid
542 2511 651 2539 nunc
683 2496 904 2552 sequitur?
947 2497 1055 2550 Quid
1088 2496 1239 2554 putas?
1271 2497 1513 2553 Disputatio
1545 2497 1596 2540 de
1626 2499 1778 2540 mutua
1809 2497 1913 2539 cari-

343 2570 429 2610 tate
458 2582 605 2610 eorum
637 2569 710 2623 qui
742 2581 825 2609 una
856 2571 955 2610 sunt
987 2566 1177 2611 educati!
1264 2561 1268 2564 ⁵

404 2637 465 2679 III
489 2637 521 2679 F
549 2637 615 2678 καὶ
645 2653 710 2687 μοι
736 2637 844 2679 δοκεῖ
865 2638 1041 2680 Πλάτων
1064 2638 1081 2679 ὂ
1105 2637 1303 2689 δκιμόνιος
1333 2639 1574 2688 ἐμμελῶν
1603 2643 1813 2690 παρκινεῑν
1829 2637 1913 2679 κτέ.

404 2708 605 2764 Operarii,
638 2712 687 2750 ut
718 2710 876 2764 opinor,
910 2711 1082 2751 vitium.
1115 2709 1162 2751 L.
1198 2710 1400 2758 ἐμμελῶς,

403 2779 458 2820 IV
490 2780 524 2821 E
566 2778 755 2821 Ridicule
797 2793 893 2821 sane
934 2779 1123 2822 Socrates
1162 2781 1237 2826 hoc
1270 2783 1442 2861 ornatur
1473 2778 1683 2834 epitheto.
1717 2779 1860 2825 ἐκεῖνος
1895 2778 1912 2819 ὁ

345 2851 536 2895 παλαιός.

404 2920 550 2963 Dicere
581 2923 723 2962 autem
756 2919 915 2963 solebat
947 2921 1157 2964 Socrates:

1947 0 1971 119 ..r-...a
