2002 3372
877 205 929 248 17

80 326 245 379 uideri
287 333 485 387 possunt,
529 328 608 371 hoc
649 331 793 371 tamen
836 327 1043 383 quaedam
1085 327 1211 370 habet
1253 326 1526 371 audientibus
1568 338 1697 384 quam

74 393 350 460 {stantibus
389 399 600 459 placitura
641 400 794 456 magis.
838 398 986 455 Neque
1026 399 1105 442 hoc
1148 413 1216 442 me
1248 403 1396 443 movet
1427 399 1542 456 quod
1576 398 1696 442 nullo

27 524 30 526 Α
77 486 97 530 if
118 481 121 501 ³
144 472 278 519 *mlo
318 472 502 516 oratorio
537 469 650 531 „liber
681 469 908 522 clauditur,
941 470 1053 527 quod
1084 469 1249 514 nullam
1281 471 1409 514 habet
1443 472 1700 527 „peroratio-

94 543 232 593 v'nem’'
273 546 342 598 (ut
381 541 619 600 loquuntur
660 539 998 595 Franco-Galli):
1043 556 1167 599 saepe
1209 543 1288 586 hoc
1319 557 1401 585 non
1435 544 1524 585 sine
1557 541 1699 599 aliqua

24 630 28 670 ,’
75 615 386 665 ἶεῆωἰηιίοαο
426 614 627 659 observas
668 615 782 670 ipsos
821 611 918 656 illos
948 612 1082 656 libros
1114 614 1188 670 qui
1218 624 1318 670 prae
1349 615 1500 658 ceteris
1532 613 1700 656 Plutar-

86 687 253 735 fobeam
283 685 470 744 produnt
499 689 690 729 mentem
721 683 993 741 indolemque
1025 699 1194 743 semper
1219 687 1280 728 sic
1307 686 1450 728 subito
1476 686 1697 742 abrumpi3

67 752 169 809 *Mb
203 772 350 803 secum
391 757 511 815 loqui
552 760 701 800 auctor
748 756 939 800 videtur:
979 757 1110 809 „haec
1141 758 1230 800 iam
1261 757 1494 808 sufficiunt,
1527 758 1630 801 haec
1664 760 1700 800 si

0 876 2 890 ‚
82 816 297 877 {hmines
329 843 455 874 curae
485 843 606 873 meae
638 829 857 871 commissi
885 830 1021 871 secuti
1047 833 1187 878 erunt,
1216 809 1321 872 bene
1348 829 1566 872 habebit''.
1600 829 1700 873 For-

0 894 2 927 ἶ
69 905 225 958 fuse.
255 914 577 957 nonnumquam
621 899 804 943 eundem
846 898 1008 942 librum
1041 904 1091 942 ut
1122 904 1165 943 et
1195 900 1248 943 ab
1281 899 1376 943 aliis
1407 900 1626 958 legeretur
1657 905 1700 944 et

20 968 22 998 ⁸
102 974 156 1021 nb
195 975 290 1032 ipso
329 974 375 1016 in
405 971 659 1028 municipali
691 973 884 1014 contione
916 973 1267 1028 pronuntiaretur
1298 974 1561 1029 composuit3
1596 974 1700 1016 sat-is

70 1066 74 1101 j
98 1044 264 1091 benum
291 1047 504 1089 oratorem
535 1043 668 1086 fuisse
701 1042 986 1086 Plutarchum
1018 1045 1168 1100 opinor
1199 1047 1250 1086 ut
1275 1044 1350 1086 ubi
1377 1058 1485 1101 opus
1512 1049 1622 1088 esset
1647 1059 1699 1087 ex

67 1154 70 1155 ⁷
100 1120 292 1174 tempore
330 1114 566 1159 clausulam
612 1114 803 1171 aliquam
845 1115 1101 1158 rhetoricam
1141 1118 1284 1171 posset
1317 1115 1482 1159 addere.
1514 1115 1598 1159 Sed
1629 1116 1700 1159 hic

20 1238 21 1243 Ἰ
96 1192 217 1235 nerto
253 1187 460 1231 auditores
502 1188 727 1244 cogitavit.
771 1187 961 1230 Auribus
991 1188 1108 1229 enim
1139 1191 1266 1243 aptus
1297 1191 1360 1230 est
1392 1187 1594 1231 flosculus
1624 1187 1699 1230 ille

99 1259 160 1308 de·
181 1258 352 1319 Ulyssis
381 1259 614 1303 comitibus
642 1258 811 1302 Sirenas
837 1273 921 1301 non
946 1258 1234 1309 audientibus,
1262 1261 1363 1315 quia
1386 1273 1481 1302 cera
1507 1259 1699 1317 oppletas

99 1331 314 1377 habebant
338 1344 463 1375 aures
488 1335 532 1374 et
557 1331 702 1388 ipsum
729 1329 934 1387 Ulyssem
960 1332 1050 1373 sine
1077 1329 1268 1387 periculo
1289 1345 1358 1374 eas
1379 1331 1580 1374 audiente
1597 1333 1698 1388 quia

18 1415 19 1418 ’
62 1442 66 1443 ⁷
99 1402 218 1450 malo
247 1407 340 1447 erat
369 1402 598 1460 alligatus,⁴
623 1416 707 1459 quo
740 1407 949 1446 corrector
981 1403 1041 1444 sic
1072 1403 1214 1446 utitur
1244 1406 1295 1446 ut
1324 1435 1364 1446 ..
1384 1435 1393 1446 .
1430 1403 1696 1455 „declamet”

62 1483 64 1487 '
97 1489 230 1535 paene
266 1473 462 1527 dixerim,
504 1475 587 1517 nisi
619 1473 735 1517 nefas
767 1473 990 1517 videretur
1020 1473 1330 1517 declamantem
1363 1475 1564 1518 inducere
1596 1475 1698 1520 Plu-

54 1585 55 1588 ,
97 1546 298 1592 &arabum
329 1551 391 1604 (p.
428 1544 614 1600 15D):-

49 1630 51 1634 ⁴
161 1621 340 1671 „utrum
372 1631 476 1675 ergo
506 1617 734 1660 iubeamus
764 1618 942 1661 iuvenes
975 1630 1098 1660 aures
1132 1617 1239 1660 dura
1268 1617 1345 1660 illa
1376 1621 1419 1661 et
1445 1618 1698 1663 inexorabili

97 1688 388 1735 Ithacensium
429 1703 524 1733 eera
563 1688 736 1746 opplere
776 1692 819 1732 et
859 1690 919 1731 sic
961 1687 1130 1732 sublato
1163 1690 1354 1732 maximo
1386 1689 1696 1746 Epicureorum

97 1761 195 1808 ¹welo
232 1775 415 1806 omnem
456 1760 607 1818 fugere
650 1764 693 1803 et
734 1761 871 1804 vitare
914 1762 1075 1817 poesin,
1118 1774 1172 1804 an
1213 1775 1283 1804 eos
1327 1766 1548 1818 tamquam
1582 1763 1695 1806 malo

94 1832 470 1894 coctaekalligatos
492 1833 661 1876 'rationi
691 1832 744 1875 ad
774 1834 939 1889 optima
969 1847 1162 1890 quaeque
1195 1833 1433 1891 dirigamus
1445 1833 1490 1877 2⁹¹

12 1893 15 1897 ¹
157 1905 215 1950 Et
244 1905 349 1949 haec
380 1904 554 1962 quidem
586 1918 686 1947 cum
718 1903 806 1947 leni
832 1904 1012 1960 quadam
1042 1904 1165 1948 audis
1193 1904 1430 1962 voluptate.
1464 1906 1569 1959 Quis
1598 1919 1695 1951 vero

92 1991 181 2023 nnn
220 1991 274 2021 ex
314 1977 449 2020 animi
486 1977 697 2020 sententia
728 1975 1107 2032 plaudat-oratori,
1141 1978 1211 2019 sub
1231 1979 1360 2032 finem
1392 1978 1694 2035 disputationis

95 2047 219 2104 (851³
245 2052 355 2106 sqq.)
385 2049 645 2106 gravissime
665 2047 895 2105 *simulque
927 2048 1230 2091 facundissime
1263 2049 1574 2093 demonstranti
1606 2055 1695 2093 tam

48 2135 50 2138 ’
94 2119 357 2179 profundum
380 2121 494 2163 inter
518 2133 665 2163 veram
682 2121 938 2176 sapientiam
955 2124 997 2163 et
1015 2120 1216 2178 vulgares
1233 2121 1461 2164 hominum
1479 2123 1695 2178 opiniones

10 2186 14 2190 ⁵
94 2190 215 2236 hiare
253 2192 479 2250 gurgitem
513 2195 562 2234 ut
593 2192 669 2247 qui
700 2191 843 2234 subito
875 2192 927 2234 ab
955 2191 1022 2234 his
1055 2192 1108 2235 ad
1139 2191 1261 2235 illam
1294 2192 1475 2235 ducatur
1506 2195 1694 2250 stuporis
1771 2223 1774 2225 Δ

10 2280 12 2283 ’
58 2262 65 2287 ;
92 2261 248 2322 plenus
286 2265 332 2307 et
372 2261 614 2307 formidinis
655 2263 856 2320 refugiat,
889 2277 1056 2306 necesse
1089 2277 1191 2322 ergo
1223 2278 1312 2307 esse
1343 2264 1395 2307 ad
1426 2265 1506 2308 hoc
1538 2270 1695 2322 specta-

69 2333 245 2379 ¹eulum
283 2335 426 2392 parari
467 2335 644 2386 animos,
687 2348 825 2391 neque
857 2334 1014 2378 melius
1045 2337 1186 2392 parari
1218 2350 1340 2392 posse
1374 2350 1504 2392 quam
1538 2338 1574 2379 si
1606 2338 1694 2379 iam

55 2421 58 2459 ζ
93 2406 142 2451 in
181 2407 320 2464 poetis
358 2404 552 2464 legendis
594 2405 887 2463 philosophica
919 2406 1233 2462 quodammodo
1264 2409 1331 2450 uti
1363 2409 1526 2451 ratione
1558 2422 1695 2451 assue-

94 2476 266 2525 verint?
305 2476 390 2522 Sed
429 2478 499 2521 hic
529 2479 622 2534 ipse
653 2477 913 2520 Plutarchus
947 2479 1069 2521 nobis
1100 2479 1327 2521 audiendus
1360 2483 1452 2522 est:
1487 2479 1578 2522 fieri
1611 2495 1693 2523 non

46 2541 252 2609 *poterit
293 2551 397 2608 quin
439 2550 600 2593 sincera
642 2564 719 2592 nos
759 2550 968 2606 impleant
1001 2550 1284 2594 admiratione
1320 2551 1446 2594 verba
1479 2552 1585 2603 eius,
1618 2551 1693 2594 illa

92 2622 346 2680 praesertim
393 2621 548 2678 quibus
595 2621 819 2664 hominum
866 2621 992 2664 falsas
1035 2622 1086 2665 de
1127 2622 1309 2675 divitiis,
1352 2622 1402 2666 de
1444 2621 1597 2680 gloria,
1643 2623 1705 2666 (10·

91 2691 248 2746 hbore,
291 2692 343 2736 de
386 2693 564 2743 virtute,
597 2691 647 2735 de
681 2694 773 2735 vita
805 2696 848 2735 et
878 2697 1018 2737 morte
1051 2695 1242 2752 exagitat
1273 2695 1504 2738 sententias
1535 2693 1692 2748 (3613).

154 2763 237 2808 Sed
277 2765 366 2808 iam
408 2765 554 2821 ipsum
587 2777 887 2820 percurramus
919 2763 1134 2818 libellum,
1168 2765 1476 2822 videamusque
1508 2764 1693 2810 lateatne

91 2834 164 2880 hic
192 2833 283 2879 illic
315 2836 476 2879 vitium
509 2835 622 2892 quod
653 2834 743 2878 leni
773 2837 990 2892 possimus
1023 2850 1170 2880 sanare
1203 2837 1512 2880 emendatione.
1550 2836 1692 2880 Simul

53 2898 58 2916 ¹
88 2906 378 2951 indicabimus
403 2905 515 2950 locos
542 2920 648 2963 quos
677 2906 960 2951 emendandos
982 2907 1166 2952 aliorum
1184 2908 1470 2965 relinquimus
1487 2910 1690 2952 acumini.

157 2978 258 3022 141¹*
299 2979 436 3022 Aures
467 2978 519 3021 ab
553 2979 902 3036 oppugnantibus
935 2985 1035 3023 sunt
1068 2980 1350 3024 defendendae
1380 2979 1690 3037 voluptatibus.

1476 3063 1496 3094 2
