2002 3372
1079 220 1166 264 320

397 346 468 393 τὴν
511 343 546 386 δ’
580 344 636 391 εἷς
678 342 800 392 μέσον
835 342 910 384 ὑπὸ
943 341 1088 394 Φθόνου
1122 342 1190 384 καὶ
1223 342 1476 396 ζηλοτυπίας
1510 343 1775 396 ἐξωθουμένην
1804 343 1910 398 πορι-

337 416 584 466 οιυτολογίαν
618 411 661 456 εὖ
693 413 813 462 μάλα
848 412 911 454 δεῖ
939 410 1244 464 Φυλάττεσθοιι.

392 486 486 529 Non
528 499 636 542 nego
676 483 783 526 illud
826 484 1113 540 participium,
1158 485 1269 528 sicut
1299 499 1410 528 nunc
1441 484 1615 542 legitur,
1647 485 1812 530 defendi
1841 489 1909 529 ut·-

333 570 496 612 cunque
524 569 658 611 posse,
689 554 760 596 sed
785 555 1038 610 praepositio
1066 553 1110 603 ἐξ
1139 557 1226 598 tam
1253 556 1470 612 ingratam
1496 556 1565 598 hic
1591 555 1719 599 nobis
1736 555 1910 614 praebet

331 629 567 684 imaginem
602 630 649 667 ut
681 639 764 668 non
796 623 987 668 dubitem
1021 626 1124 681 quin
1154 626 1438 678 εἷσωθουμένην
1469 626 1700 684 leg-endum
1730 628 1802 671 sits.
1847 648 1853 669 ,2

394 772 529 814 541A
571 770 653 823 Qui
694 772 737 812 in
780 784 824 812 re
864 770 1052 822 adversa,
1093 773 1137 814 in
1177 772 1336 815 iudicio
1377 772 1515 816 aliove
1557 772 1745 829 periculo
1775 777 1910 816 semet

330 845 445 900 ipsos
475 841 664 892 laudant,
694 845 837 897 parata
862 841 928 884 his
954 846 1017 884 est
1044 845 1166 886 venia
1193 845 1391 900 quoniam
1421 843 1620 886 videntur
1646 842 1909 898 ἐξαναφέρειν

332 928 428 965 προς
459 929 530 961 Τήν
562 912 710 964 Τύχην.

391 983 546 1039 Aliquo
577 982 703 1024 modo
735 982 836 1024 haec
867 982 1072 1025 vocabula
1102 983 1320 1026 illustrant
1352 984 1636 1027 obscuriorem
1661 983 1781 1032 illam
1804 985 1909 1028 ima·

330 1056 475 1111 ginem
503 1067 631 1110 quam
658 1052 791 1095 438Β
818 1053 1059 1096 habuimus.
1089 1054 1164 1097 Est
1192 1056 1305 1097 enim
1333 1053 1621 1107 ἐξαναφέρειν·
1652 1068 1907 1140 „emergerffi

331 1139 418 1168 sese
440 1126 611 1181 erigere
642 1127 685 1166 et
717 1123 958 1167 attollere'’.

390 1196 446 1239 Et
478 1197 648 1238 omnino
679 1195 828 1251 fugere
858 1195 925 1237 1111
955 1196 1146 1238 homines
1180 1196 1393 1239 videntur

390 1269 436 1310 τὸ
469 1268 768 1318 συνεπιθρηνοῦν
799 1271 880 1313 τοῖς
915 1266 1162 1317 ἀβουλήτοις
1195 1267 1262 1308 καὶ
1296 1267 1621 1318 ταπεινούμενον.

390 1338 455 1380 En
496 1339 663 1393 insigne
707 1336 952 1393 exemplum
992 1340 1227 1380 structurae
1258 1351 1383 1392 quam
1417 1336 1520 1380 alibi
1549 1339 1594 1380 in
1625 1337 1787 1381 deliciis
1818 1351 1908 1382 esse

335 1408 566 1452 Plutarcho
613 1407 724 1450 dixi:
772 1409 987 1464 participii
1031 1422 1107 1464 pro
1147 1407 1375 1452 infinitivo.
1423 1408 1602 1451 Prorsus
1643 1410 1755 1452 enim
1791 1409 1906 1453 idem

330 1481 437 1523 foret
479 1479 551 1522 sed
591 1480 732 1520 minus
774 1480 1033 1534 exquisitum
1075 1479 1119 1520 id
1160 1479 1271 1534 quod
1311 1480 1355 1521 in
1398 1484 1599 1536 promptu
1620 1481 1786 1566 magis
1818 1492 1907 1523 esse

329 1551 501 1594 videtur
532 1551 577 1592 τὸ
610 1550 901 1601 συνεπιθρηνεῖν
934 1549 1001 1591 και
1035 1551 1334 1592 ταπεινοῦσθαι.

391 1685 524 1731 5410
566 1686 632 1728 Ad
674 1690 856 1729 mortem
901 1699 999 1728 cum
1040 1686 1246 1742 agebatur
1277 1686 1464 1729 Phocion
1497 1700 1632 1729 unum
1662 1701 1715 1730 ex
1745 1688 1800 1731 iis
1831 1688 1906 1766 qui

329 1774 427 1802 cum
458 1773 506 1801 eo
538 1757 727 1800 damnati
757 1761 875 1800 erant
905 1756 1208 1799 lamentantem
1240 1758 1299 1799 sic
1330 1760 1394 1800 est
1425 1757 1686 1801 consolatus:

389 1830 429 1872 τί
462 1829 600 1879 λέγεις
635 1825 771 1878 οὗτος;
805 1829 874 1870 οὐκ
907 1829 1087 1882 ἀγαπᾷς
1119 1827 1375 1875 ἀποθνήσκων
1408 1844 1520 1878 μετα
1554 1828 1752 1883 Φωκίωνος
1764 1843 1776 1882 ;

388 1901 470 1942 Pro
503 1897 615 1946 οὗτος
643 1898 995 1956 Wyttenbachius
1021 1899 1166 1954 reponi
1190 1897 1330 1941 voluit
1355 1900 1498 1954 ipsum
1524 1899 1709 1943 hominis
1735 1911 1904 1951 nomen,

327 1975 477 2013 notum
519 1983 570 2012 ex
611 1969 827 2025 Apophth.
872 1968 1007 2011 189A
1050 1968 1273 2011 Θούδιππε.
1316 1968 1489 2020 Dubito,
1522 1970 1622 2012 nam
1651 1969 1905 2013 familiarius

326 2041 525 2097 loquendi
565 2054 701 2097 genus
743 2041 874 2082 etiam
912 2041 957 2081 in
987 2038 1063 2081 illo
1095 2040 1135 2080 τί
1168 2039 1305 2090 λέγεις
1339 2041 1537 2082 cernitur.
1569 2039 1652 2084 Sed
1682 2042 1771 2084 sive
1795 2042 1903 2084 reci-

327 2113 470 2168 pimus
495 2110 814 2168 Wyttenbachii
840 2111 1123 2153 coniecturam
1151 2111 1240 2153 sive
1266 2125 1348 2153 non
1375 2111 1618 2167 recipimus,
1642 2110 1903 2168 praeclarum

328 2183 398 2226 hic
438 2183 644 2225 habemus
685 2181 932 2237 exemplum
963 2180 1186 2232 formulae,
1219 2194 1356 2236 quam>
1379 2180 1479 2224 libri
1511 2182 1559 2224 de
1590 2181 1811 2236 cupiditate
1841 2181 1903 2234 ‹Ji-3

327 2254 513 2295 vitiarunt
545 2257 689 2296 auctor
721 2256 810 2295 tam
840 2253 982 2308 inepte
1014 2251 1186 2294 adhibet
1218 2250 1324 2304 (527
1337 2251 1388 2305 F)

388 2399 521 2442 541ss
562 2399 856 2442 Narrationem
898 2397 948 2440 de
989 2399 1094 2441 viris
1136 2399 1222 2454 qui,
1265 2412 1363 2441 cum
1405 2399 1559 2442 iniuria
1600 2398 1900 2452 afficiebantur,

326 2475 461 2514 semet
489 2472 601 2527 ipsos
632 2469 870 2518 laudarunt,
903 2470 964 2511 sic
994 2467 1228 2511 concludit:

386 2539 487 2584 οὗτοι
529 2542 604 2591 μὲν
646 2538 710 2583 οὖν
752 2539 890 2586 αλλως
934 2538 1184 2588 ἀδικούμενοι
1228 2543 1303 2581 τῶν
1341 2539 1644 2591 κατορθουμένων
1675 2538 1898 2611 ἐμέμνηντο

326 2612 420 2664 πρὸς
453 2611 544 2657 τοὺς
579 2612 917 2662 ἀγνωμονοῦντας

326 2687 369 2725 at
410 2683 484 2739 qui
525 2682 577 2724 ob
619 2695 666 2724 ea
707 2676 798 2738 ipsa
830 2693 936 2736 quae
968 2685 1079 2723 recte
1110 2680 1297 2724 fecerunt
1330 2680 1694 2737 reprehenduntur
1723 2658 1769 2723 lii
1802 2693 1899 2724 vero

326 2755 487 2810 optimo
518 2755 610 2795 iure
640 2752 716 2795 illa
747 2753 856 2795 facta
886 2751 1111 2795 extollunt.

387 2823 603 2866 Articulus
633 2823 726 2870 τούς
758 2823 900 2865 abesse
931 2822 1027 2864 hinc
1059 2823 1207 2865 debere
1234 2823 1427 2865 videtur:
1459 2836 1542 2865 non
1568 2823 1680 2864 enim
1710 2821 1760 2864 de
1786 2826 1898 2865 certo

325 2895 545 2936 hominum
572 2907 724 2950 genere
753 2893 823 2935 sed
850 2893 900 2935 de
924 2897 1036 2935 certa
1052 2893 1233 2948 quadam
1252 2894 1473 2936 hominum
1488 2888 1651 2937 actione
1667 2905 1804 2936 sermo
1818 2892 1896 2936 eet.
