2002 3372
892 151 948 195 59

69 300 74 302 -
122 274 335 334 quoddm
374 275 467 320 fieri
506 275 673 333 patitur
713 289 789 332 per
830 275 943 331 quod
982 274 1227 332 voluptates
1258 273 1310 317 ad
1341 274 1484 330 ipsum
1518 271 1718 315 accedant

0 370 1 377 ι
71 347 75 390 J
121 347 204 400 (sic
225 345 299 392 vel
320 348 510 390 maxime
532 347 678 398 sentis,
704 345 851 398 lector,
880 361 1009 403 quam
1037 347 1269 390 necessaria
1294 346 1350 388 sit
1370 344 1564 400 Emperii
1580 357 1719 387 emen-

120 417 237 462 datio
276 417 404 462 modo
443 422 800 462 commemorata:
845 419 1005 461 etenim
1038 420 1074 461 si
1100 422 1338 474 perpetuum
1368 415 1479 459 illud
1509 415 1558 458 fit
1587 416 1718 458 inter-

119 487 303 541 vallum,
339 488 397 533 hd
437 489 647 533 virtutem
676 489 842 532 reditur
873 496 1115 546 nunquam);
1150 488 1260 532 illud
1291 486 1574 532 intervallum
1607 500 1718 530 com-

62 576 63 579 *
118 561 295 618 paratur
332 573 435 604 oum
472 560 672 612 induciis,
706 575 786 615 per
826 575 926 617 quas
964 562 1099 604 hostis
1131 574 1354 618 praecones
1385 559 1540 612 (hostis
1570 562 1716 601 autem

119 632 281 688 vitium
317 635 396 685 est,
439 633 532 675 eius
573 645 799 689 praecones
839 636 941 675 sunt
980 632 1244 688 voluptates)
1285 631 1589 674 admittuntur.
1624 629 1716 672 Iam

58 714 59 719 ’
118 706 214 747 mi
238 702 454 756 induciae,
485 718 572 747 non
603 705 654 746 de
681 703 866 746 induciis
897 705 1058 762 agitur.
1091 703 1207 760 Lege
1239 717 1342 760 ergo
1376 703 1414 744 ἐν
1448 701 1654 747 σπονδαῖς.

177 773 291 818 'l'um
321 774 426 819 haec
456 776 631 832 opponit
665 777 849 832 scriptor
880 775 1005 818 modo
1038 775 1187 818 dictis:

149 876 151 883 ι
176 845 223 889 οὔ
250 845 335 901 (tint
366 846 485 889 ἀλλὰ
516 845 594 889 κᾶν
626 842 650 900 ᾖ
682 845 976 895 διαλείμματα
1007 846 1240 896 γιγνόμενα
1268 848 1338 887 τοῦ
1368 849 1630 897 Φιλοσοφεῒν,
1658 843 1714 885 τοὶ

56 941 61 950 2
117 915 154 960 δ’
175 915 336 969 ’ὕστερα
367 921 445 960 τῶν
475 917 662 969 πρότερον
695 915 925 969 ἑδραιότερα
960 918 1028 960 καὶ
1063 918 1299 969 μακρότερα

115 987 199 1032 hoc
227 1001 396 1046 quoque
425 989 604 1046 signum
635 992 702 1032 est
732 990 892 1032 sensim
924 1003 949 1031 a
976 993 1018 1032 te
1050 987 1207 1046 expelli
1238 989 1512 1045 pravitatem.

176 1059 459 1105 Manifestum
499 1061 630 1104 huius
672 1059 757 1104 loci
797 1062 958 1105 vitium
1001 1061 1061 1103 sic
1092 1060 1315 1104 abscondit
1345 1061 1556 1115 interpres
1588 1057 1715 1101 Dido-

116 1132 282 1175 tianus:
326 1133 459 1189 „quin
502 1133 632 1175 etiam
675 1133 712 1174 si
744 1132 894 1175 feceris
925 1130 1090 1189 aliquas
1123 1130 1452 1189 philosophandi
1482 1131 1716 1186 intercape-

115 1202 249 1255 dines,
289 1204 352 1247 ita
393 1207 536 1247 tamen
567 1209 618 1246 ut
646 1205 877 1261 posteriora
911 1207 982 1246 tua
1013 1203 1152 1245 studia
1183 1202 1398 1260 prioribus
1430 1202 1719 1244 constantiora

116 1274 279 1319 fuerint
303 1289 352 1318 ac
377 1274 656 1332 prolixiora'’.
689 1274 782 1328 Quo
809 1275 920 1318 facto
946 1288 1098 1318 sanum
1125 1273 1301 1331 quidem
1329 1287 1501 1316 sensum
1530 1272 1716 1330 praebet,

115 1345 189 1390 sed
221 1346 356 1390 sumit
387 1344 551 1404 aliquid
581 1359 606 1389 a
637 1347 841 1403 scriptore
868 1346 980 1403 quod
1008 1360 1092 1389 non
1118 1345 1239 1389 offert
1264 1343 1354 1388 ille.
1388 1344 1574 1387 Ubinam
1601 1344 1718 1386 enim

114 1417 234 1462 istud
259 1421 346 1461 ‚twa
383 1418 521 1461 studia
558 1415 750 1475 legitur?
791 1417 1015 1474 Nusquam
1061 1423 1111 1460 ut
1143 1417 1291 1474 opinor
1301 1429 1312 1467 3
1346 1415 1418 1458 sed
1450 1419 1500 1458 ut
1531 1429 1643 1458 nunc
1675 1429 1718 1458 se

45 1486 47 1490 ’
113 1488 236 1533 loeus
258 1489 402 1541 habet,
429 1490 742 1546 comparativos
766 1490 873 1532 istos
901 1489 1133 1541 ἑδραιότερα
1161 1492 1204 1532 61
1229 1487 1462 1540 μακρότερα
1491 1486 1544 1529 ad
1563 1485 1714 1537 ὕστερα

116 1561 500 1613 διαλείμματα
541 1561 698 1604 referre
729 1563 940 1618 cogimur,
972 1562 1035 1604 ita
1067 1564 1116 1603 ut
1148 1561 1410 1604 contrarium
1445 1559 1715 1602 obtineamus

115 1634 210 1677 eius
243 1646 335 1690 quo
375 1646 483 1690 opus
513 1635 592 1676 est.
632 1631 768 1675 Miros
801 1633 917 1675 enim
942 1633 1162 1689 profectus
1194 1631 1295 1675 facit
1326 1632 1408 1673 iste
1441 1631 1515 1687 qui
1546 1643 1714 1686 semper

114 1703 296 1760 lonqiora
320 1703 515 1748 admittit
537 1702 768 1747 intervalla
794 1704 984 1747 virtutis.
1016 1704 1166 1760 Neque
1193 1703 1277 1746 alio
1293 1702 1420 1746 modo
1439 1703 1578 1744 sanari
1593 1701 1715 1745 locus

42 1770 45 1789 ³
111 1780 253 1835 potest
283 1788 414 1833 quam
445 1776 524 1820 hac
555 1777 907 1833 transpositione:
942 1776 998 1818 τοὶ
1031 1776 1072 1819 δὲ
1107 1775 1283 1829 πρότερα
1316 1776 1392 1817 τῶν
1427 1773 1611 1826 ὑστέρων.

175 1845 286 1893 ’77Β
332 1848 388 1900 τῶ
421 1848 456 1890 δ’
487 1842 581 1890 εὖτε
616 1847 750 1899 πτερὰ
783 1848 953 1898 γίγνετο

43 1959 46 1961 ,
111 1920 152 1964 ei
181 1920 392 1963 nimirum
424 1920 499 1976 qui
530 1933 643 1962 nnnc
674 1919 904 1976 opponitur
934 1918 1023 1962 illis
1055 1920 1130 1976 qui
1162 1918 1364 1962 deficiunt
1390 1918 1591 1974 quoniam
1619 1915 1712 1959 nul-

110 1990 175 2035 los
205 1992 397 2035 sentiunt
427 1991 656 2048 profectus.

123 2083 126 2092 ¹
154 2060 261 2107 'Gur
298 2065 448 2107 autem
487 2060 557 2105 illi
587 2061 679 2105 alae
711 2060 933 2105 crescunt?
965 2062 1014 2105 δι’
1047 2060 1251 2113 ὠφέλειαν
1284 2061 1490 2114 φερομένῳ
1525 2059 1592 2103 καὶ
1629 2059 1710 2101 δια-

109 2133 302 2178 κόπτοντι
351 2134 429 2181 τὰς
478 2133 708 2186 προφάσεις
756 2135 857 2190 quia
904 2134 1145 2190 profectum
1186 2135 1372 2177 sentiens
1414 2134 1536 2176 fortis
1578 2132 1626 2174 fit
1667 2136 1711 2175 et

38 2226 41 2227 ⁷
109 2205 320 2262 impletur
363 2219 449 2262 spe.
499 2204 581 2248 Sed
624 2205 726 2262 quid
769 2209 834 2248 est
876 2204 925 2247 δι’
967 2206 1174 2257 ὠφέλειαν
1217 2203 1442 2259 φέρεσθαιῗ
1484 2203 1617 2254 Nihil,
1660 2207 1710 2246 111

38 2279 49 2290 ’·
111 2278 272 2335 opinor.
306 2275 456 2320 Editor
485 2291 537 2320 116
568 2280 878 2320 commemorat
904 2277 1078 2332 quidem
1104 2276 1426 2334 Wyttenbachii
1453 2275 1710 2319 emendatio·

111 2348 224 2400 16111,
257 2351 365 2405 q'uae
394 2349 439 2391 in
471 2352 640 2391 textum
673 2348 812 2391 fuerat
843 2347 1082 2404 recipienda
1113 2348 1163 2391 δι’
1192 2348 1449 2400 ἀσφάλειαν.
1483 2347 1576 2390 Hoc
1602 2361 1708 2403 opus

50 2469 53 2480 Ι
109 2424 200 2465 est:
245 2419 314 2463 illi
353 2419 550 2463 homines
590 2419 714 2463 firmo
755 2419 958 2462 incedunt
999 2419 1105 2477 pede
1147 2424 1190 2464 et
1232 2422 1277 2463 in
1319 2434 1448 2464 cursu
1491 2434 1581 2470 suo,
1615 2421 1708 2463 sive

107 2490 305 2536 volatum
337 2491 476 2535 dicere
507 2493 660 2543 mavis,
693 2506 777 2535 non
808 2493 1050 2534 remittunt.

122 2563 127 2567 ’
167 2564 229 2607 11).
254 2562 640 2617 ,Quemadmodum
667 2564 912 2620 incipientis
940 2564 1096 2606 amoris
1121 2563 1330 2606 indicium
1349 2567 1412 2606 est
1429 2563 1474 2604 τὸ
1490 2562 1707 2606 δάκνεσθαι

110 2635 182 2678 καὶ
224 2634 375 2686 άλγεῒν
417 2634 712 2685 ἀποσπώμενον
753 2635 823 2688 (ab
855 2648 904 2677 eo
935 2633 1050 2691 quod
1080 2638 1228 2688 amat),
1263 2633 1386 2680 οὕτως
1420 2633 1596 2685 ἄγονται
1633 2635 1707 2685 μὲν

109 2705 186 2751 ὑπὸ
218 2707 473 2760 Φιλοσοφίας
506 2707 650 2749 πολλοὶ
682 2706 750 2748 καὶ
783 2705 943 2758 σφόδρα
973 2722 1025 2756 γε
1052 2707 1281 2759 φιλοτίμως
1313 2706 1703 2756 ἀντιλαμβάνεσθαι

106 2780 178 2821 τοῦ
209 2777 430 2828 μανθάνειν
461 2777 652 2827 δοκοῦσιν,
686 2778 737 2820 ἂν
770 2777 803 2818 δ’
833 2776 1144 2820 α’πέλθωσιν
1172 2778 1248 2820 ὑπὸ
1277 2778 1539 2829 πραγμάτων
1568 2777 1706 2820 ἄλλων

109 2849 178 2893 καὶ
223 2851 426 2902 §oxomen
466 2864 549 2893 non
583 2850 775 2907 graviter
807 2849 973 2902 ferunt;
1009 2853 1156 2892 contra
1185 2851 1259 2906 qui
1293 2863 1390 2893 vere
1422 2854 1538 2893 amat
1569 2850 1706 2907 philo-

109 2919 304 2979 sophiam
334 2935 370 2964 6.
389 2935 430 2979 q.
447 2935 479 2964 s.
