2002 3372
1066 227 1151 270 124

377 347 464 392 21¹7
486 348 524 391 D
571 348 814 391 Antalcidas
854 349 898 390 in
940 347 1212 392 Samothrace
1247 363 1272 392 a
1303 349 1517 392 sacerdote
1549 350 1724 404 rogatus
1754 346 1798 390 τί
1825 346 1903 390 δεί-

316 418 468 472 νότερον
514 418 700 471 δέδρακεν
745 419 783 460 ἐν
826 419 881 471 τῷ
920 418 997 471 βίῳ
1041 419 1279 476 respondit:
1325 434 1436 472 „non
1476 419 1555 461 tibi
1596 417 1668 462 sed
1710 417 1792 463 diis
1821 417 1901 461 hoc

319 488 501 531 dicam''.
552 488 616 533 Of.
661 488 804 532 229D
845 488 920 531 ubi
962 488 1102 532 simile
1141 488 1302 546 aliquid
1345 489 1394 532 de
1437 487 1656 545 Lysandro
1693 490 1902 531 narratur.

315 559 398 602 Sed
429 563 573 602 nostro
606 559 697 602 loco
730 559 860 602 verba
891 558 1066 601 εἴσονται
1100 559 1211 603 αὐτοὶ
1246 561 1279 602 οἱ
1313 561 1391 602 θεοί
1417 561 1476 602 sic
1503 559 1704 603 verterim
1733 559 1900 615 potius:

317 629 578 680 „verisimile
621 633 684 672 est
727 628 825 672 deos
866 629 911 671 id
953 631 1122 673 novisse
1152 633 1220 681 (ut
1248 631 1330 673 tibi
1361 629 1498 672 dicere
1529 643 1635 686 opus
1665 643 1749 672 non
1781 627 1900 681 sit’').

315 700 370 742 Et
400 715 476 757 pro
510 700 721 753 δεινότερον
753 700 1022 755 superlativus
1053 699 1259 758 legendus
1290 700 1475 745 videtur.

376 821 464 864 218
481 822 511 863 A
546 821 629 864 Hic
647 821 922 878 deprehendis
938 823 1091 864 doctum
1108 812 1426 878 compilatorem
1446 821 1735 881 disputantem
1753 823 1901 864 utrum

314 894 480 948 sapiens
519 893 731 949 quoddam
764 893 926 936 dictum
959 893 1087 963 (quod
1118 892 1190 935 ille
1222 894 1365 946 χρείαν
1398 892 1600 949 appellat)
1632 891 1814 936 Socratis
1845 880 1902 935 sit

313 977 365 1005 an
399 964 610 1007 Aristonis
642 963 851 1020 Spartani.
1831 978 1834 981 “

374 1074 461 1117 218
480 1074 517 1117 D
560 1072 829 1126 Corinthum,
858 1089 987 1131 quam
1013 1075 1299 1132 oppugnabat,
1327 1077 1420 1131 capi
1437 1089 1557 1131 posse
1571 1073 1786 1118 intellexit
1801 1089 1900 1118 cum

372 1143 475 1188 εἶδεν
509 1146 553 1186 ἐκ
586 1149 655 1188 τοῦ
687 1147 774 1197 περὶ
808 1146 853 1187 τὸ
887 1151 1027 1198 τεῖχος
1061 1147 1183 1189 τόπου
1217 1147 1404 1197 λαγωοὺς
1437 1146 1717 1192 ἀναστάντας.

372 1215 534 1272 Ecquid
566 1216 610 1258 ἔκ
643 1214 742 1259 rou?

373 1327 513 1370 218F
555 1327 839 1371 Archidamus
880 1329 1023 1371 iunior
1054 1342 1152 1371 cum
1185 1327 1380 1371 suaderet
1411 1327 1582 1385 quidam
1615 1330 1666 1370 ut
1696 1326 1844 1385 procul
1876 1339 1901 1370 a

313 1399 449 1454 patria
481 1400 766 1441 committeret
795 1399 1005 1455 proelium
1303 1387 1307 1391 ⁴
1408 1388 1410 1390 V
1762 1440 1764 1442 .

376 1469 418 1510 οὗ
461 1472 591 1520 τοῦτο,
636 1468 716 1520 ἔφη
751 1470 841 1522 ὁρᾶν
876 1470 947 1520 δεῖ,
982 1470 1079 1511 ἀλλ’
1112 1467 1144 1511 οἱ
1177 1469 1434 1522 μαχούμενοι
1468 1469 1688 1521 κρείσσονες
1722 1472 1799 1512 τῶν
1830 1483 1899 1510 πο-

314 1540 465 1590 λεμίων
499 1539 688 1590 ἐσόμεθα.

370 1610 453 1653 Pro
485 1612 518 1653 οἱ
555 1610 601 1653 Β.
636 1607 682 1653 οἷ.
715 1610 829 1667 Lege
861 1611 908 1654 εἰ.

370 1720 514 1763 219D
562 1721 758 1764 Brasidas
791 1721 842 1764 ad
874 1721 1038 1764 bellum
1071 1722 1285 1779 profectus
1316 1723 1482 1779 ephoris
1514 1723 1704 1779 scripsit:
1749 1711 1751 1714 Α

370 1789 482 1834 οἷο-σοι
516 1792 701 1841 δηλῶμαι
735 1791 874 1843 πράξω
908 1794 1017 1834 κοιτοὶ
1052 1794 1230 1843 πόλεμον
1264 1794 1285 1842 ἢ
1318 1793 1603 1844 τεθναξοῦμαι.

365 1862 448 1905 Pro
494 1862 681 1912 δηλῶμαι
726 1870 920 1920 exspecto
965 1863 1126 1919 aliquid
1169 1864 1281 1920 quod
1326 1866 1494 1914 „iussus
1537 1863 1636 1907 ero’'
1668 1854 1893 1921 significet.

307 1933 372 1974 An
414 1930 526 1975 ἅσσα
561 1932 608 1980 δὴ
641 1935 696 1975 λῶ
729 1935 897 1990 scripsit
930 1933 1151 1976 Brasidas?
1188 1934 1276 1977 Hoc
1307 1948 1455 1978 sensu:
1489 1934 1696 1991 quidquid
1727 1934 1893 1978 consilii

307 2017 453 2059 cepero
484 2003 700 2059 perficiam
730 2005 813 2046 nisi
842 2006 887 2046 in
919 2003 1080 2061 proelio
1114 2004 1311 2048 cecidero.

370 2114 506 2158 2201?
554 2115 602 2157 In
634 2129 716 2172 qua
748 2116 936 2159 barbarie
969 2120 1118 2159 natum
1151 2131 1318 2160 censeas
1351 2118 1566 2162 hominem
1599 2119 1672 2176 qui
1705 2117 1889 2167 ποδαπός

307 2200 383 2242 pro
416 2191 523 2234 ποῖος
556 2185 798 2243 scripserit?

367 2298 506 2341 222ss
549 2302 618 2341 τοῦ
652 2298 692 2340 δὲ
726 2299 850 2349 Κύρου
884 2299 951 2341 τὸν
983 2299 1123 2349 μισθὸν
1156 2299 1474 2351 προπέμψαντος
1496 2305 1590 2346 γτοῖς
1618 2300 1885 2352 στρατιώταις

307 2369 375 2410 καὶ
418 2368 528 2418 ξένια
574 2371 698 2422 αὐτῷ,
741 2369 857 2419 μόνον
901 2368 1034 2420 ἔλαβε
1069 2370 1136 2412 τὸν
1169 2370 1307 2420 μισθὸν
1339 2371 1393 2412 τὰ
1427 2371 1468 2412 δὲ
1499 2369 1608 2420 ξένια
1642 2370 1888 2424 ἀντέπεμψε

306 2438 631 2493 (Callicratidas)

366 2511 496 2554 Estne
527 2511 772 2564 ἀντέπεμψε
808 2511 969 2563 remisit,
1003 2525 1056 2554 an
1087 2512 1320 2564 ἀπέπεμψε
1351 2510 1611 2569 legendum?

365 2631 502 2675 2231?
550 2631 809 2684 Cleomenes,
849 2633 1036 2689 sophista
1068 2633 1231 2676 dicente
1263 2632 1313 2676 de
1339 2634 1512 2684 virtute,
1541 2632 1667 2675 πλείω
1695 2633 1886 2685 ἐγέλασε.

366 2702 476 2754 Quid
507 2703 590 2745 sibi
622 2702 729 2746 velit
758 2703 875 2745 istud
909 2705 1037 2747 πλείω
1069 2705 1232 2756 nescio;
1266 2717 1317 2746 an
1349 2707 1418 2757 τοῦ
1451 2701 1628 2751 εἰωθότος
1661 2702 1848 2747 excidit?

367 2822 454 2865 233
474 2824 509 2865 A
558 2823 643 2865 ἐπεὶ
676 2823 719 2866 δέ
749 2840 812 2871 τις
843 2825 923 2872 τὰς
950 2825 1208 2876 ἀμυγδαλᾶς
1234 2829 1311 2867 τῶν
1339 2828 1516 2876 σκληρῶν
1545 2824 1642 2878 ἑώρα
1670 2825 1887 2869 διπλασίου

306 2892 587 2945 πωλουμένας,
622 2894 707 2945 »μὴ
743 2894 934 2936 σπάνιοι”
967 2894 1047 2948 ἔφη
1084 2895 1144 2947 ,,οἱ
1177 2893 1329 2946 albot?

365 2962 503 3006 Immo
537 2968 612 3006 τῶν
643 2963 902 3015 οὶμυγδκλῶν
936 2965 1012 3012 τὰς
1046 2965 1226 3018 σκληράς
1257 2968 1300 3008 et
1331 2965 1390 3007 sic
1421 2965 1553 3008 vertit
1585 2972 1632 3007 X.
