2002 3372
1054 233 1141 276 246

306 359 429 411 ὁρμήν
461 361 625 402 exstare
659 356 810 398 variam
845 355 1048 398 lectionem
1078 355 1215 409 ὄρεξιν.
1248 357 1294 400 Si
1326 359 1370 399 in
1396 358 1636 413 marginem
1663 359 1743 401 erit
1769 358 1893 401 reiec-

310 435 416 480 tum,
450 430 609 485 optime
647 427 875 484 procedent
908 428 1060 470 omnia.

369 555 425 596 ib.
459 554 618 596 Parum
646 552 816 608 elegans
844 552 922 594 hoc
948 551 1060 607 quod
1088 555 1225 595 cetera
1241 551 1443 595 animalia
1459 556 1642 608 (praeter
1658 553 1893 606 hominem)

311 626 501 679 primum
526 637 625 666 cum
654 636 762 666 nave
789 627 1100 678 comparantur,
1128 636 1234 678 quae
1251 627 1449 665 movetur
1464 623 1636 678 quidem
1652 623 1725 667 sed
1742 637 1895 667 ancora

310 696 531 743 retinetur,
575 692 723 734 deinde
766 692 966 734 dicuntur
1006 696 1228 748 tamquam
1271 693 1402 736 frenis
1433 697 1475 736 et
1506 693 1680 736 habenis
1711 695 1804 750 regi
1833 695 1895 737 ita

315 768 362 806 ut
395 768 552 806 rectam
587 766 757 805 teneant
790 763 919 805 viam.

375 888 514 931 493ss
565 887 643 931 Illa
688 891 887 931 naturam
935 890 1172 943 sequuntur
1214 901 1350 944 neque
1392 887 1475 932 alia
1515 887 1663 946 legum
1707 890 1896 946 praemia

314 973 552 1017 poenasque
584 960 854 1015 respicientes
887 973 1022 1015 neque
1055 959 1181 1009 τιμὰς
1215 958 1449 1010 τρίπαιδας.

375 1030 547 1087 Optime
589 1029 796 1072 ultimum
839 1029 1094 1072 vocabulum
1137 1031 1319 1072 correxit
1356 1029 1615 1081 Doehnerus‚
1649 1031 1716 1075 vir
1746 1032 1899 1075 acutis-

316 1103 463 1151 simus,
497 1100 730 1150 τριπαιδίας
763 1113 982 1156 reponens.
1016 1099 1297 1155 Lepidissime
1329 1099 1521 1143 additur:

377 1172 429 1217 ὥς
463 1171 674 1220 Ῥωμαίων
707 1170 849 1212 πολλοὶ
883 1173 1069 1221 γαμοῦσι
1103 1170 1170 1211 καὶ
1206 1174 1409 1221 γεννῶσιν,
1437 1171 1516 1222 οὐχ
1543 1169 1608 1213 ἵνα
1635 1169 1898 1221 κληρονόμους

318 1240 465 1293 ἔχωσιν
497 1242 595 1282 ἀλλ’
627 1238 691 1282 ἵνα
725 1245 980 1292 κληρονομεῖν
1013 1239 1221 1282 δύνωνται.

378 1311 584 1367 Agnoscis
610 1310 680 1353 hic
705 1312 951 1366 scriptorem
980 1312 1053 1366 qui
1080 1312 1191 1353 vitae
1216 1310 1330 1353 haud
1356 1324 1532 1367 parvam
1559 1313 1724 1368 partem
1742 1311 1900 1356 Romae

320 1382 499 1438 degerit.

381 1506 524 1549 494A
573 1506 726 1549 Omnia
767 1520 872 1563 quae
914 1506 965 1549 ad
1007 1505 1258 1549 animalium
1299 1505 1603 1563 graviditatem
1645 1510 1900 1564 partumque

319 1579 534 1635 pertinent
565 1591 756 1620 enarrare
787 1577 924 1634 pudor
955 1591 1023 1619 me
1057 1581 1177 1620 vetat
1883 1568 1893 1578 ’

381 1649 487 1695 πλὴν
529 1646 590 1689 ὅτι
621 1647 816 1698 γίγνεται
850 1645 1021 1689 ἕκαστον
1056 1648 1188 1689 αὐτῶν
1222 1649 1261 1689 ἕν
1292 1649 1345 1700 τῷ
1380 1647 1653 1702 Φιλοστόργῳ,
1686 1652 1778 1694 ταῖς
1812 1664 1901 1700 προ-

320 1720 457 1768 νοίαις,
492 1723 582 1763 ταῖς
616 1718 858 1769 καρτερίαις,
891 1722 984 1762 ταῖς
1019 1717 1293 1769 ἐγκρατείαις.
1764 1718 1765 1721 ’

379 1789 558 1832 Prorsus
599 1802 668 1830 me
709 1789 824 1845 fugit
865 1802 941 1830 cur
977 1787 1113 1830 editor
1144 1793 1449 1831 commemoret
1481 1788 1788 1840 tantummodo,
1820 1802 1901 1831 non

320 1861 496 1915 recipiat
527 1860 572 1900 in
603 1862 771 1901 textum
803 1859 1024 1915 egregiam
1052 1858 1242 1914 Emperii
1267 1858 1605 1902 emendationem
1631 1857 1802 1901 ἕκαστον
1829 1860 1901 1901 αὖ·

321 1931 397 1970 τῶν
440 1927 493 1971 ἕν.
543 1930 608 1970 An
656 1927 791 1971 ullam
839 1932 963 1984 putat
1010 1930 1244 1985 excogitari
1285 1943 1406 1984 posse
1446 1931 1652 1972 rationem
1695 1943 1777 1986 qua
1817 1930 1898 1972 ista

319 2001 575 2055 praepositio
607 1997 879 2042 defendatur?

380 2124 515 2167 494ss
557 2124 719 2167 Nidum
762 2138 889 2166 suum
928 2124 1242 2167 accuratissime
1273 2124 1508 2180 perfectum
1539 2123 1691 2181 alcyon
1721 2124 1897 2177 ἀκριβῶς

318 2194 490 2241 ὑπέθηκε
536 2196 590 2246 τῷ
635 2194 847 2243 κλύσματι
886 2197 955 2235 τοῦ
990 2194 1187 2242 κύματος.
1232 2193 1412 2250 Operam
1445 2194 1583 2250 perdit
1613 2193 1762 2237 infelix
1793 2195 1900 2245 avis,

317 2267 353 2307 si
397 2271 539 2308 tamen
581 2265 772 2318 merqitur
813 2264 951 2314 nidus,
995 2278 1129 2320 neque
1172 2265 1224 2307 ad
1266 2278 1360 2307 eam
1390 2278 1480 2307 rem
1513 2278 1669 2322 magna
1699 2278 1805 2322 opus
1837 2269 1902 2308 est

317 2350 417 2379 cura
448 2335 673 2389 (ἀκριβῶς).
708 2335 879 2391 Repone
910 2349 1008 2377 cum
1042 2334 1262 2378 Doehnero
1294 2336 1474 2384 ἐπέθηκε.

379 2472 436 2513 ib.
483 2470 589 2513 'Pam
631 2475 822 2514 accurate
864 2475 1007 2514 autem
1049 2470 1149 2513 illae
1191 2484 1290 2514 aves
1330 2470 1481 2513 nidum
1523 2471 1575 2513 ad
1617 2473 1687 2514 sui
1717 2472 1902 2527 eorporis

319 2555 561 2584 mensuram
594 2546 847 2584 construunt

379 2610 481 2653 ὥστε
515 2644 524 2654 .
546 2643 555 2654 .
577 2643 586 2653 .
619 2611 721 2661 μηδὲ
754 2613 971 2653 θάλατταν
1003 2611 1312 2664 παραδέχεσθαι
1344 2611 1445 2662 μηδὲ
1478 2612 1533 2653 τὰ
1568 2611 1794 2665 ἐλάχιστα.

379 2681 476 2724 Iure
508 2682 645 2724 editor
675 2680 801 2723 malit
832 2681 1191 2735 παρεισδέχεσθοιι.
1223 2681 1447 2738 Sequitur:

380 2752 572 2801 μάλιστα
607 2751 641 2792 δ’
674 2752 708 2793 οἱ
741 2752 886 2801 γαλεοὶ
923 2751 1157 2804 ζῳογονοῦσι
1189 2752 1264 2801 μὲν
1297 2752 1335 2793 ἐν
1368 2753 1526 2798 ἑαυτοῖς
1558 2752 1643 2794 κτὲ.

379 2821 497 2863 Istud
525 2821 715 2869 μάλιστα
744 2835 947 2877 quorsum
975 2823 1185 2877 pertineat
1210 2824 1253 2864 in
1282 2822 1467 2864 tenebris
1492 2821 1611 2864 latet.
1640 2821 1676 2863 E
1702 2825 1900 2877 corrupto

320 2891 584 2946 praecedenti
641 2891 887 2943 τάλάχιστα
950 2897 1098 2934 natum
1156 2894 1358 2948 suspicor,
1415 2891 1694 2934 Plutarchum
1754 2895 1899 2935 autem

320 2963 535 3017 scripsisse
568 2962 600 3003 οἱ
634 2960 675 3003 δὲ
707 2962 853 3012 γαλεοὶ
885 2961 920 3014 ζ.
958 2963 1041 3004 κτὲ.
