2002 3372
1098 290 1185 337 514·

353 420 491 467 κλέους
526 420 548 469 ἠ
582 419 783 470 Κάτωνος,
817 414 883 459 ἵνα
913 431 980 466 μοι
1015 415 1364 469 προσδιαλέγηται
1400 415 1470 458 καὶ
1497 414 1742 470 προσκαθίζῃ
1763 417 1843 503 Q
1839 422 1931 461 4811-

352 492 503 544 κροέτής
536 490 717 540 ἕκείνοις;
1854 503 1861 511 “

351 562 626 618 lepidissima,
671 559 742 602 sed
772 559 890 601 vitiis
922 557 1039 614 lepor
1070 561 1236 600 tantum
1270 572 1356 600 non
1387 557 1687 609 absconditur,
1701 558 1765 601 sic
1785 558 1851 601 in
1863 554 1932 604 h-

352 647 441 675 cem
475 630 801 689 protrahendus:
835 643 910 685 pro
943 630 1227 681 θεραπευτικός
1259 643 1357 672 cum
1389 628 1563 672 Reiskio
1593 628 1932 686 leg-umusaeom-

352 702 460 749 τικός
503 716 601 745 nam
645 701 825 743 dubium
868 714 949 742 non
987 703 1051 743 est
1082 701 1184 757 quin
1214 699 1391 757 loquens
1421 699 1648 743 inducatur
1675 701 1745 743 vir
1773 700 1932 757 primas

351 776 396 815 in
438 771 653 829 republica
689 785 818 828 agens
850 774 1004 827 parteS,
1038 774 1082 813 et
1110 785 1193 827 quo
1225 770 1351 814 modo
1384 784 1484 815 vera
1514 769 1641 814 lectio
1668 771 1727 813 sit
1755 768 1932 828 expulsa

352 858 374 886 e
406 849 524 886 textu
556 844 646 885 tuis
677 842 794 885 vides
826 841 974 885 oculis.
1006 840 1116 884 Tum
1148 857 1223 898 pro
1255 847 1379 894 φησιν
1411 845 1487 884 aut
1516 846 1578 894 Φῆ
1610 844 1687 884 aut
1716 839 1933 894 φήσέιίο-

351 928 517 970 gamus,
562 913 728 956 hiatum
761 927 843 955 non
876 916 1115 954 metuentes
1148 914 1206 964 (in
1240 915 1443 955 contextu
1474 910 1696 955 simillimo
1729 909 1866 956 '7'7'aessB
1890 911 1935 954 τί

352 983 416 1027 οὖν
447 982 522 1026 ἔδει
556 983 726 1036 λέγειν).
760 981 951 1039 Denique
978 997 1053 1039 pro
1083 984 1134 1029 ὡς
1170 982 1391 1035 Σωκράτης
1419 977 1577 1029 ἐκείνοις
1603 981 1699 1039 lege
1724 977 1935 1036 δ’Σόκροί-

352 1070 424 1104 της
467 1056 612 1102 ἐκεῖνος
652 1056 796 1111 ipsum
837 1055 980 1097 virum
1022 1057 1239 1109 potentem
1279 1053 1933 1101 311ᾶ108,31;01113011311ὺο111·011111

351 1126 495 1170 videat
537 1140 579 1169 se
621 1129 793 1182 propter
833 1125 1071 1181 potentiam
1113 1138 1235 1166 suam
1266 1138 1291 1167 a
1321 1124 1574 1181 philosopho
1602 1124 1781 1180 inepto
1771 1123 1932 1167 vitari:

354 1211 535 1253 „ergone
567 1196 617 1238 de
649 1195 771 1252 plebe
802 1197 871 1239 vir
901 1195 1001 1238 fiam
1034 1198 1084 1237 ut
1112 1196 1235 1237 iuxta
1267 1195 1454 1238 considat
1486 1207 1745 1289 mecumque
1755 1189 1934 1238 dicarat

351 1266 541 1310 Socrates
573 1264 710 1309 iste?''
1858 1274 1862 1281 ‘

415 1412 550 1457 '776D
591 1412 781 1455 Prudens
813 1411 1090 1468 philosophus
1122 1411 1414 1468 philosophiae
1445 1423 1616 1469 operam
1648 1411 1721 1455 dat
1746 1422 1853 1468 quae
1878 1409 1935 1454 ef·

353 1485 468 1528 fectu
499 1499 583 1527 non
614 1487 766 1534 careat,
793 1482 969 1539 ideoque
997 1485 1238 1539 potentium
1265 1484 1419 1526 animis
1448 1483 1619 1532 ἐντίθησι
1647 1514 1657 1526 .
1676 1512 1686 1526 .
1703 1505 1716 1526 ’.
1740 1481 1935 1535 Φρόνημα

354 1555 422 1598 καὶ
454 1556 625 1607 μέγεθος
655 1555 767 1605 μετὰ
793 1554 1018 1607 πρᾳότητος
1046 1554 1115 1596 καὶ
1145 1554 1402 1607 ἀσφαλείας,
1431 1553 1479 1597 δι’
1504 1551 1555 1596 ὦν
1579 1557 1665 1602 τοῖς
1691 1550 1933 1607 ὑπερέχουσι

355 1627 423 1670 καὶ
456 1627 641 1673 δυνατοῖς
674 1626 880 1676 ὁμιλοῦσιν
912 1625 945 1668 οἱ
978 1625 1175 1668 πολιτικοὶ
1210 1624 1511 1678 προθυμότερον.

413 1698 497 1740 Pro
523 1696 764 1750 ἀσφαλείας
793 1695 859 1738 W.
889 1695 1094 1748 ἀφελείας
1119 1698 1322 1752 reposuit,
1351 1698 1525 1752 optime,
1543 1709 1643 1739 nam
1658 1695 1936 1752 requiruntur

353 1769 535 1811 virtutes
563 1767 717 1823 quibus
743 1766 935 1819 φρόνημα
963 1766 1031 1809 καὶ
1060 1765 1232 1817 μέγεθος
1261 1771 1533 1821 temperentur.
1565 1765 1678 1809 Tum
1703 1779 1805 1809 vero
1829 1764 1935 1823 quid

354 1839 533 1881 efficitur
563 1839 629 1892 (δι’
662 1835 757 1884 ὦνΥί
790 1837 847 1880 Ut
874 1851 971 1879 cum
1001 1838 1182 1879 summis
1208 1839 1315 1881 viris
1342 1836 1704 1894 amplissimisque
1729 1835 1934 1879 libentius

355 1913 575 1953 versentur
606 1940 644 1951 ..
665 1906 810 1964 ‚qui?
841 1908 950 1958 Non,
981 1911 1031 1950 ut
1063 1909 1225 1963 opinor,
1258 1921 1353 1964 pars
1385 1907 1593 1964 quaedam
1624 1908 1800 1959 civium,
1826 1919 1934 1963 quae

355 1984 491 2023 certae
535 1982 705 2036 Operam
746 1978 863 2021 dedit
903 1977 1162 2035 disciplinae,
1204 1978 1277 2021 sed
1319 1991 1464 2022 omnes
1506 1979 1633 2023 cives.
1675 1976 1792 2060 Lege
1833 1990 1934 2034 ergo

355 2055 524 2094 πολῖται
557 2065 632 2108 pro
664 2050 877 2093 πολιτικοί.

418 2183 551 2229 776ss
597 2184 728 2234 ἠξίουν
771 2183 875 2240 qui?
916 2184 1187 2227 Homerusne
1229 2186 1404 2240 eiusque
1436 2185 1644 2241 interpres
1673 2181 1827 2227 Plato?
1866 2183 1934 2226 An

354 2257 495 2312 inepte
531 2257 600 2299 hic
632 2257 796 2299 vitatur
827 2256 983 2307 hiatus,
1016 2269 1096 2298 non
1127 2268 1152 2297 3
1183 2254 1436 2311 philosopho
1465 2256 1558 2311 ipso
1590 2253 1665 2298 sed
1692 2268 1718 2298 a
1748 2253 1932 2306 librario,

356 2329 398 2368 et
430 2325 538 2376 ἠξίου
570 2330 633 2370 est
664 2325 977 2382 reponendum?
1009 2324 1136 2378 (ἠξίου
1168 2325 1413 2371 Homerus).

419 2469 556 2514 ‘777A
600 2471 809 2523 ἀνθρώπων
842 2469 956 2524 ὕβριν
987 2487 1034 2513 τε
1066 2471 1135 2513 καὶ
1169 2470 1353 2522 εὐνομίην
1387 2471 1664 2523 §monimentum

417 2541 544 2584 Hunc
575 2542 870 2584 hexametrum
902 2542 1077 2598 probare
1111 2541 1284 2585 videtur
1315 2541 1379 2592 Β.,
1409 2554 1508 2584 113111
1539 2538 1836 2584 tantummodo
1861 2540 1932 2591 ΙΦ.

356 2625 431 2667 pro
464 2612 535 2665 ὑφ.
568 2614 712 2668 reponi
744 2611 852 2655 vult.
885 2613 971 2655 Nos
995 2611 1372 2669 Wyttenbachium
1399 2624 1627 2668 sequamur
1651 2610 1934 2667 corrigentem

358 2682 578 2734 ἐφορῶντα.

420 2823 552 2868 ‘777ss
593 2826 794 2883 Pingitur
819 2826 1046 2869 Panaetius
1072 2840 1096 2869 3
1122 2826 1317 2882 Scipione
1349 2825 1573 2868 arcessitus
1599 2825 1744 2882 inepte
1768 2837 1933 2881 respon-

358 2895 476 2938 dere:
518 2895 715 2939 lubenter
755 2900 796 2939 te
826 2898 872 2938 in
903 2911 1043 2940 meam
1076 2897 1306 2953 reciperem
1337 2894 1620 2952 disciplinam,
1652 2896 1690 2938 si
1720 2905 1832 2938 esses
1860 2894 1934 2937 ali-

358 2967 452 3021 quis
482 2968 527 3008 in
558 2966 715 3023 ang-ulo
746 2968 892 3010 vivens
922 2968 1066 3024 ibique
1093 2968 1184 3009 καθ’
1212 2965 1390 3019 ἡσυχίαν
1416 2965 1602 3009 ἀναλύων
1628 2963 1932 3017 συλλογισμοὺς

358 3036 426 3078 καὶ
459 3037 675 3090 περιέλκων
707 3037 956 3090 φιλοσόφων.
