2002 3372
34 307 47 384 ,ὲ

30 206 55 298 ξ’

879 216 966 260 217

123 335 160 380 E
186 338 464 394 sequentibus
490 340 604 382 enim
633 343 808 396 apparet
834 340 913 383 hoc
946 339 1226 383 Plutarchum
1251 339 1382 383 velle:
1412 353 1524 391 „non
1549 339 1724 381 omnino

123 409 305 471 eagittas
336 410 510 453 mittere
540 410 613 454 sed
643 424 774 467 prave
807 412 979 453 mittere
1010 425 1080 453 me
1110 412 1282 454 vetabat
1315 409 1567 468 magister’'.

186 478 311 530 „Hoc
351 493 454 538 ergo
494 481 767 525 recordatus’'
811 483 872 525 ait
906 486 978 533 „et
1008 486 1213 539 reputans
1244 496 1330 525 non
1362 496 1463 525 eum
1493 482 1615 524 nobis
1647 495 1725 537 pu-

122 549 269 593 niendi
309 552 472 608 eripere
512 556 765 609 potestatem
814 554 888 609 qui
930 556 1028 609 apte
1069 555 1221 610 punire
1260 567 1336 597 nos
1367 553 1489 596 docet
1521 557 1723 605 πειρῶμαι

38 678 41 679 ⁷
122 622 196 671 τὴν
227 620 352 674 ὀργὴν
383 623 578 686 ἀφαιρεῖν
609 623 742 666 ner-33³.

160 691 289 746 -Quis
329 707 414 737 non
455 693 577 738 videt
618 698 717 737 ante
758 696 949 751 primum
994 694 1256 738 vocabulum
1288 693 1502 738 Graecum
1535 693 1723 752 virgula,

120 778 208 807 non
239 763 444 808 semicolo
474 779 582 822 opus
614 763 734 809 esse?
765 753 849 809 Sed
880 780 965 809 non
1001 766 1145 810 vident
1178 766 1373 810 editores

120 911 126 938 ³
183 900 318 955 4591·
359 911 429 954 καὶ
474 912 597 955 δεινὸν
637 911 763 964 οὐδέν,
808 914 841 955 εἰ
883 916 1050 964 (servus
1092 915 1166 969 qui
1207 912 1408 970 deliquit)
1453 912 1567 955 δώσει
1611 913 1722 963 δίκην

119 981 300 1035 βράδιον,
333 983 432 1026 ἀλλ’
464 983 499 1026 εἰ
533 985 650 1038 ταχὺ
684 984 821 1026 παθὼν
854 985 917 1025 ἀεὶ
951 989 1150 1034 φανεῖται
1184 986 1242 1035 μὴ
1277 983 1437 1026 ἀδικῶν.

180 1053 267 1097 Pro
309 1055 377 1097 αἐί
417 1060 617 1106 φανεῖται
663 1055 916 1112 Madvigius
949 1056 1247 1108 ἀναφανεῖται.
1281 1054 1458 1099 Dubito.
1492 1054 1725 1112 Eleganter

35 1143 37 1145 ·
118 1127 237 1169 enim
267 1126 387 1178 ταχύ
418 1129 462 1169 et
494 1126 562 1170 ἀεί
591 1128 705 1169 inter
735 1140 779 1169 ee
812 1128 970 1184 opponi
1002 1126 1228 1170 videntur:
1273 1126 1324 1169 ad
1351 1140 1531 1183 poenam
1557 1140 1724 1170 sumen-

119 1195 221 1239 dam
261 1201 422 1254 puncto
463 1199 672 1254 temporis
713 1211 820 1254 opus
862 1199 957 1249 erit,
1001 1199 1037 1240 si
1066 1199 1276 1241 iniustam
1308 1199 1513 1241 sumseris
1545 1211 1724 1255 poenam

118 1269 267 1312 insons
296 1267 372 1311 ille
405 1271 447 1311 te
479 1273 570 1312 tota
600 1283 678 1312 sua
709 1270 800 1313 vita
832 1270 1014 1312 iniuriae
1047 1274 1215 1326 arguet.

183 1402 320 1449 4600
362 1404 405 1447 οὖ
439 1436 449 1448 .
471 1436 480 1448 .
501 1436 510 1448 .
531 1436 541 1447 .
575 1406 671 1458 πρὸς
716 1404 853 1454 ἡδονὴν
895 1405 960 1447 δεῖ
999 1402 1186 1457 καθάπερ
1230 1405 1563 1456 ἀπολαύσματος
1598 1406 1719 1458 ὀρέξει

123 1481 196 1526 τῆς
230 1477 427 1529 τιμωρίας
463 1476 743 1529 ἐμφορεῖσθαι.

182 1546 349 1591 Vellem
373 1546 484 1590 illud
511 1547 634 1599 ὀρέξει
661 1548 849 1590 abesset:
884 1561 906 1591 e
932 1548 1282 1604 praecedentibus
1308 1549 1523 1593 inutiliter
1548 1549 1722 1593 illatum

120 1618 306 1671 videtur,
349 1619 424 1662 ubi
467 1618 698 1662 Aristotele
740 1623 912 1662 auctore
954 1620 1326 1676 reprehenduntur
1365 1620 1495 1664 Tusci
1525 1621 1638 1678 quod
1670 1622 1722 1664 ad

120 1691 251 1734 tibiae
296 1694 472 1734 cantum
514 1704 660 1735 servos
700 1691 938 1735 verberent.
989 1690 1084 1734 Hoc
1126 1693 1242 1735 enim
1285 1695 1349 1735 est
1393 1692 1579 1745 καθάπερ
1621 1694 1723 1736 αἰπο-

119 1762 367 1814 naaman-3
402 1766 474 1810 τῆς
510 1763 706 1816 τιμωρίας
740 1763 1022 1816 ἐμφορεῖσθαι.

180 1907 315 1953 460F
355 1907 452 1956 ὄνοις
482 1908 837 1960 ἐμβάλλουσι
863 1910 1195 1962 χαλεπαίνομεν.
1232 1909 1623 1962 „Occurrentibus”
1652 1913 1723 1956 dat

116 1982 350 2038 interpres;
398 1981 576 2024 fortasse
624 1984 751 2032 recte,
801 1996 882 2024 non
933 1985 1077 2024 tamen
1119 1996 1232 2024 nunc
1274 1981 1390 2025 locos
1431 1984 1476 2025 in
1520 1989 1724 2041 promptu

117 2051 254 2096 habeo
283 2052 360 2096 ubi
391 2051 541 2096 eodem
570 2066 697 2095 sensu
728 2051 840 2095 illud
872 2053 1053 2096 verbum
1085 2053 1355 2097 adhibeatur.

182 2193 268 2238 461
284 2194 322 2238 A
355 2193 505 2246 „civis
533 2194 752 2238 Romanus
779 2193 906 2237 sum”
936 2194 1071 2239 mulio
1095 2195 1308 2240 clamabat
1324 2212 1423 2240 cum
1441 2200 1723 2255 magistratus

118 2280 222 2323 eum
253 2265 477 2310 verberare
510 2265 666 2319 vellet3
698 2269 802 2309 tunc
831 2265 905 2310 ille
939 2272 1011 2319 „at
1038 2271 1087 2310 tu
1113 2272 1226 2312 certe
1254 2283 1338 2312 non
1365 2284 1409 2313 es
1437 2272 1600 2327 optimo
1629 2273 1723 2314 iure

119 2337 254 2382 civis’'
286 2336 522 2381 reclamans
555 2336 728 2380 mulum
763 2338 1025 2382 verberabat.

157 2407 303 2452 ·Hanc
342 2407 706 2452 narratiunculam
750 2407 988 2452 Romanam
1021 2413 1064 2453 et
1094 2412 1233 2467 ipsam
1265 2413 1431 2468 origine
1464 2412 1723 2457 Plutarchus

118 2478 188 2523 vel
230 2480 324 2523 eius
360 2483 509 2523 auctor
540 2483 630 2523 tam
663 2484 860 2523 accurate
893 2479 1101 2524 Graecam
1133 2482 1312 2526 riddidit
1343 2488 1393 2526 ut
1425 2485 1556 2527 etiam
1588 2499 1610 2528 e
1644 2485 1722 2528 Ro-

117 2564 246 2594 mano
278 2551 372 2595 cive
404 2551 713 2594 Atheniensem
747 2551 917 2603 faceret,
950 2565 1034 2608 quo
1066 2556 1188 2610 pacto
1222 2558 1313 2597 tota
1346 2560 1549 2598 venustas
1580 2570 1721 2599 narra-

119 2621 353 2674 tiunculae,
401 2623 538 2665 immo
585 2636 687 2666 vero
734 2623 827 2678 ipsa
874 2623 1196 2667 narratiuncula
1244 2626 1385 2681 periit.
1446 2626 1558 2678 Quid
1605 2629 1721 2670 enim

118 2692 371 2736 Atheniensi
397 2707 496 2736 cum
523 2691 620 2750 lege
647 2693 797 2736 Porcia
823 2699 866 2736 et
892 2695 1222 2750 magistratibus
1249 2697 1293 2738 in
1322 2698 1545 2752 provincia
1573 2699 1721 2756 virgas

118 2762 318 2821 expedire
343 2762 622 2807 iubentibus?
650 2764 850 2814 Ῥωμαῖός
880 2765 977 2814 εἰμι.
1017 2765 1076 2808 Σὺ
1106 2766 1146 2809 δέ
1178 2768 1222 2817 γ’
1251 2768 1321 2810 οὐκ
1354 2765 1394 2809 εἷ
1425 2768 1626 2816 Ῥωμαῖος
1661 2771 1721 2812 sic

117 2836 306 2892 genuina
332 2834 553 2879 altercatio
582 2833 742 2879 Graece
769 2835 908 2879 fuerat
934 2836 1158 2881 reddenda.
1193 2838 1247 2881 Et
1275 2853 1387 2882 nunc
1414 2853 1583 2896 quoque
1610 2839 1720 2885 illud

119 2905 161 2948 δέ
193 2921 246 2957 γε
279 2909 423 2949 nostro
453 2905 547 2949 loco
579 2911 644 2949 est
675 2906 981 2963 reponendum,
1014 2909 1090 2951 nbi
1122 2909 1285 2953 codices
1319 2911 1521 2966 praebent
1555 2911 1597 2954 δὲ
1628 2912 1719 2964 μέν,

117 2975 230 3034 quod
263 2976 401 3020 editor
431 2979 491 3020 sic
523 2979 735 3034 corrigere
767 2976 866 3022 vult
897 2982 947 3021 ut
979 2978 1053 3022 fiat
1085 2995 1137 3030 γε
1171 2981 1266 3031 μήν.
1302 2980 1460 3024 Verum
1495 2982 1611 3026 dedit
1643 2982 1720 3027 Co-
