<?xml version="1.0" encoding="UTF-8"?>
<!DOCTYPE html PUBLIC "-//W3C//DTD XHTML 1.0 Transitional//EN"
    "http://www.w3.org/TR/xhtml1/DTD/xhtml1-transitional.dtd">
<html xmlns="http://www.w3.org/1999/xhtml" xml:lang="en" lang="en">
 <head>
  <title>
</title>
<meta http-equiv="Content-Type" content="text/html;charset=utf-8" />
  <meta name='ocr-system' content='tesseract 3.04.00' />
  <meta name='ocr-capabilities' content='ocr_page ocr_carea ocr_par ocr_line ocrx_word'/>
</head>
<body>
  <div class='ocr_page' id='page_1' title='image "./deplutarchoscrip00hartuoft_0023.png"; bbox 0 0 2002 3372; ppageno 0'>
   <div class='ocr_carea' id='block_1_1' title="bbox 896 158 922 202">
    <p class='ocr_par' dir='ltr' id='par_1_1' title="bbox 896 158 922 202">
     <span class='ocr_line' id='line_1_1' title="bbox 896 158 922 202; baseline 0 0"><span class='ocrx_word' id='word_1_1' title='bbox 896 158 922 202; x_wconf 91' lang='grc'><strong>’7</strong></span> 
     </span>
    </p>
   </div>
   <div class='ocr_carea' id='block_1_2' title="bbox 0 0 265 3372">
    <p class='ocr_par' dir='ltr' id='par_1_2' title="bbox 0 0 265 3372">
     <span class='ocr_line' id='line_1_2' title="bbox 17 0 265 440; baseline 0 0"><span class='ocrx_word' id='word_1_2' title='bbox 17 0 265 440; x_wconf 95' lang='lat' dir='ltr'><strong>   </strong></span> 
     </span>
     <span class='ocr_line' id='line_1_3' title="bbox 6 440 95 945; baseline 0 0"><span class='ocrx_word' id='word_1_3' title='bbox 6 440 95 945; x_wconf 95' lang='lat' dir='ltr'><strong>         </strong></span> 
     </span>
     <span class='ocr_line' id='line_1_4' title="bbox 6 945 72 1096; baseline 0 -136"><span class='ocrx_word' id='word_1_4' title='bbox 6 945 72 1096; x_wconf 95' lang='lat' dir='ltr'><strong>  </strong></span> 
     </span>
     <span class='ocr_line' id='line_1_5' title="bbox 0 1096 66 3372; baseline 0 -1633"><span class='ocrx_word' id='word_1_5' title='bbox 0 1096 66 3372; x_wconf 95' lang='lat' dir='ltr'><strong>   </strong></span> 
     </span>
    </p>
   </div>
   <div class='ocr_carea' id='block_1_3' title="bbox 19 281 1707 2708">
    <p class='ocr_par' dir='ltr' id='par_1_3' title="bbox 19 281 1707 1342">
     <span class='ocr_line' id='line_1_6' title="bbox 78 281 1707 352; baseline -0.005 -21"><span class='ocrx_word' id='word_1_6' title='bbox 78 328 90 352; x_wconf 78' lang='lat'><strong>.-</strong></span> <span class='ocrx_word' id='word_1_7' title='bbox 124 335 127 338; x_wconf 51' lang='grc'>,</span> <span class='ocrx_word' id='word_1_8' title='bbox 163 307 232 330; x_wconf 59' lang='lat'><strong>‚1222</strong></span> <span class='ocrx_word' id='word_1_9' title='bbox 267 317 278 330; x_wconf 92' lang='grc'><strong>.</strong></span> <span class='ocrx_word' id='word_1_10' title='bbox 302 283 515 333; x_wconf 60' lang='grc' dir='ltr'><strong>;Μὶι·αοιιΙί</strong></span> <span class='ocrx_word' id='word_1_11' title='bbox 544 284 680 327; x_wconf 83' lang='lat' dir='ltr'><strong>instar</strong></span> <span class='ocrx_word' id='word_1_12' title='bbox 710 286 821 326; x_wconf 89' lang='lat' dir='ltr'><strong>esset</strong></span> <span class='ocrx_word' id='word_1_13' title='bbox 853 283 890 325; x_wconf 91' lang='lat' dir='ltr'><strong>si</strong></span> <span class='ocrx_word' id='word_1_14' title='bbox 917 281 1026 325; x_wconf 91' lang='lat' dir='ltr'><strong>nihil</strong></span> <span class='ocrx_word' id='word_1_15' title='bbox 1053 283 1257 326; x_wconf 84' lang='lat' dir='ltr'><strong>habereut</strong></span> <span class='ocrx_word' id='word_1_16' title='bbox 1284 294 1530 332; x_wconf 90' lang='lat' dir='ltr'><strong>commune;</strong></span> <span class='ocrx_word' id='word_1_17' title='bbox 1562 282 1707 337; x_wconf 87' lang='lat' dir='ltr'><strong>ipsum</strong></span> 
     </span>
     <span class='ocr_line' id='line_1_7' title="bbox 117 346 1705 411; baseline -0.004 -9.168"><span class='ocrx_word' id='word_1_18' title='bbox 78 346 120 395; x_wconf 63' lang='lat'><strong>·-.‘</strong></span> <span class='ocrx_word' id='word_1_19' title='bbox 161 379 172 410; x_wconf 64' lang='lat'>2</span> <span class='ocrx_word' id='word_1_20' title='bbox 196 359 416 401; x_wconf 88' lang='lat' dir='ltr'><strong>·mentum</strong></span> <span class='ocrx_word' id='word_1_21' title='bbox 446 358 580 400; x_wconf 89' lang='lat' dir='ltr'><strong>certas</strong></span> <span class='ocrx_word' id='word_1_22' title='bbox 611 353 886 397; x_wconf 83' lang='lat' dir='ltr'><strong>sententiolas</strong></span> <span class='ocrx_word' id='word_1_23' title='bbox 920 359 1118 411; x_wconf 89' lang='lat' dir='ltr'><strong>certaque</strong></span> <span class='ocrx_word' id='word_1_24' title='bbox 1146 352 1354 397; x_wconf 86' lang='lat' dir='ltr'><strong>vocabula</strong></span> <span class='ocrx_word' id='word_1_25' title='bbox 1386 367 1530 396; x_wconf 90' lang='lat' dir='ltr'><strong>secum</strong></span> <span class='ocrx_word' id='word_1_26' title='bbox 1557 353 1705 395; x_wconf 82' lang='lat' dir='ltr'><strong>trahit.</strong></span> 
     </span>
     <span class='ocr_line' id='line_1_8' title="bbox 32 415 1704 478; baseline -0.006 -2"><span class='ocrx_word' id='word_1_27' title='bbox 32 415 40 462; x_wconf 82' lang='lat'><strong>.¹</strong></span> <span class='ocrx_word' id='word_1_28' title='bbox 72 415 211 490; x_wconf 63' lang='lat' dir='ltr'><strong>5}de</strong></span> <span class='ocrx_word' id='word_1_29' title='bbox 247 429 311 473; x_wconf 70' lang='lat' dir='ltr'><strong>ita</strong></span> <span class='ocrx_word' id='word_1_30' title='bbox 332 463 334 466; x_wconf 28' lang='lat' dir='ltr'>v</span> <span class='ocrx_word' id='word_1_31' title='bbox 357 425 639 477; x_wconf 81' lang='lat' dir='ltr'><strong>Gudemanno</strong></span> <span class='ocrx_word' id='word_1_32' title='bbox 687 427 846 478; x_wconf 85' lang='lat' dir='ltr'><strong>visum,</strong></span> <span class='ocrx_word' id='word_1_33' title='bbox 897 425 970 468; x_wconf 89' lang='lat' dir='ltr'><strong>sed</strong></span> <span class='ocrx_word' id='word_1_34' title='bbox 1017 427 1076 468; x_wconf 92' lang='lat' dir='ltr'><strong>sic</strong></span> <span class='ocrx_word' id='word_1_35' title='bbox 1119 427 1422 469; x_wconf 69' lang='lat' dir='ltr'>ratiocinatur:</span> <span class='ocrx_word' id='word_1_36' title='bbox 1476 422 1704 475; x_wconf 87' lang='lat' dir='ltr'><strong>„libellum</strong></span> 
     </span>
     <span class='ocr_line' id='line_1_9' title="bbox 30 496 1706 560; baseline -0.003 -18"><span class='ocrx_word' id='word_1_37' title='bbox 30 530 34 558; x_wconf 34' lang='grc' dir='ltr'><strong>ς</strong></span> <span class='ocrx_word' id='word_1_38' title='bbox 76 498 587 560; x_wconf 44' lang='lat' dir='ltr'><strong>„pseudoePlutarohoum</strong></span> <span class='ocrx_word' id='word_1_39' title='bbox 627 497 802 541; x_wconf 77' lang='lat' dir='ltr'><strong>Tacitus</strong></span> <span class='ocrx_word' id='word_1_40' title='bbox 844 498 918 540; x_wconf 86' lang='lat' dir='ltr'><strong>vix</strong></span> <span class='ocrx_word' id='word_1_41' title='bbox 954 497 1092 551; x_wconf 76' lang='lat' dir='ltr'><strong>potuit</strong></span> <span class='ocrx_word' id='word_1_42' title='bbox 1123 498 1348 553; x_wconf 82' lang='lat' dir='ltr'><strong>inspicere,</strong></span> <span class='ocrx_word' id='word_1_43' title='bbox 1385 498 1497 539; x_wconf 90' lang='lat' dir='ltr'><strong>certe</strong></span> <span class='ocrx_word' id='word_1_44' title='bbox 1529 509 1612 538; x_wconf 86' lang='lat' dir='ltr'><strong>non</strong></span> <span class='ocrx_word' id='word_1_45' title='bbox 1645 496 1706 537; x_wconf 90' lang='lat' dir='ltr'><strong>in-</strong></span> 
     </span>
     <span class='ocr_line' id='line_1_10' title="bbox 72 566 1704 633; baseline -0.004 -17"><span class='ocrx_word' id='word_1_46' title='bbox 72 566 258 633; x_wconf 56' lang='lat' dir='ltr'><strong>EQexit.</strong></span> <span class='ocrx_word' id='word_1_47' title='bbox 312 569 396 619; x_wconf 87' lang='lat' dir='ltr'><strong>Sed</strong></span> <span class='ocrx_word' id='word_1_48' title='bbox 449 573 574 615; x_wconf 81' lang='lat' dir='ltr'><strong>autea</strong></span> <span class='ocrx_word' id='word_1_49' title='bbox 625 569 742 612; x_wconf 88' lang='lat' dir='ltr'><strong>idem</strong></span> <span class='ocrx_word' id='word_1_50' title='bbox 789 573 1098 625; x_wconf 76' lang='lat' dir='ltr'><strong>argumentum</strong></span> <span class='ocrx_word' id='word_1_51' title='bbox 1146 568 1238 611; x_wconf 86' lang='lat' dir='ltr'><strong>fuse</strong></span> <span class='ocrx_word' id='word_1_52' title='bbox 1286 570 1519 610; x_wconf 87' lang='lat' dir='ltr'><strong>tractatum</strong></span> <span class='ocrx_word' id='word_1_53' title='bbox 1568 569 1632 609; x_wconf 87' lang='lat' dir='ltr'><strong>est</strong></span> <span class='ocrx_word' id='word_1_54' title='bbox 1680 580 1704 609; x_wconf 91' lang='lat' dir='ltr'><strong>a</strong></span> 
     </span>
     <span class='ocr_line' id='line_1_11' title="bbox 91 637 1700 704; baseline -0.004 -18.233"><span class='ocrx_word' id='word_1_55' title='bbox 91 656 264 704; x_wconf 38' lang='lat' dir='ltr'><strong>‘magno</strong></span> <span class='ocrx_word' id='word_1_56' title='bbox 291 644 385 687; x_wconf 84' lang='lat' dir='ltr'><strong>viro</strong></span> <span class='ocrx_word' id='word_1_57' title='bbox 413 665 468 675; x_wconf 91' lang='lat'><strong>-·</strong></span> <span class='ocrx_word' id='word_1_58' title='bbox 497 639 754 699; x_wconf 83' lang='lat' dir='ltr'>Chrysippo,</span> <span class='ocrx_word' id='word_1_59' title='bbox 783 639 1146 696; x_wconf 89' lang='lat' dir='ltr'><strong>quemadmodum</strong></span> <span class='ocrx_word' id='word_1_60' title='bbox 1175 654 1198 682; x_wconf 89' lang='lat' dir='ltr'><strong>e</strong></span> <span class='ocrx_word' id='word_1_61' title='bbox 1225 637 1488 693; x_wconf 83' lang='lat' dir='ltr'><strong>Quintiliano</strong></span> <span class='ocrx_word' id='word_1_62' title='bbox 1512 643 1700 695; x_wconf 87' lang='lat' dir='ltr'><strong>apparet.</strong></span> 
     </span>
     <span class='ocr_line' id='line_1_12' title="bbox 26 706 1702 775; baseline -0.005 -14"><span class='ocrx_word' id='word_1_63' title='bbox 26 726 30 774; x_wconf 67' lang='grc' dir='ltr'>ξ</span> <span class='ocrx_word' id='word_1_64' title='bbox 74 706 218 775; x_wconf 55' lang='lat'><em>‚1130</em></span> <span class='ocrx_word' id='word_1_65' title='bbox 249 713 543 772; x_wconf 80' lang='lat' dir='ltr'><strong>Chrysippum</strong></span> <span class='ocrx_word' id='word_1_66' title='bbox 575 712 799 768; x_wconf 80' lang='lat' dir='ltr'><strong>exscripsit</strong></span> <span class='ocrx_word' id='word_1_67' title='bbox 834 709 1051 754; x_wconf 81' lang='lat' dir='ltr'><strong>Tacitus.’&#39;</strong></span> <span class='ocrx_word' id='word_1_68' title='bbox 1090 710 1148 754; x_wconf 80' lang='lat' dir='ltr'><strong>Et</strong></span> <span class='ocrx_word' id='word_1_69' title='bbox 1180 712 1255 768; x_wconf 90' lang='lat' dir='ltr'><strong>qui</strong></span> <span class='ocrx_word' id='word_1_70' title='bbox 1283 709 1366 754; x_wconf 90' lang='lat' dir='ltr'><strong>loci</strong></span> <span class='ocrx_word' id='word_1_71' title='bbox 1398 713 1511 761; x_wconf 81' lang='lat' dir='ltr'><strong>sunt,</strong></span> <span class='ocrx_word' id='word_1_72' title='bbox 1545 709 1702 766; x_wconf 89' lang='lat' dir='ltr'><strong>quibus</strong></span> 
     </span>
     <span class='ocr_line' id='line_1_13' title="bbox 24 780 1702 844; baseline -0.005 -12"><span class='ocrx_word' id='word_1_73' title='bbox 24 787 29 810; x_wconf 78' lang='lat'>²</span> <span class='ocrx_word' id='word_1_74' title='bbox 80 789 325 844; x_wconf 54' lang='lat' dir='ltr'><strong>meqnam</strong></span> <span class='ocrx_word' id='word_1_75' title='bbox 364 784 613 829; x_wconf 87' lang='lat' dir='ltr'><strong>firmissimo</strong></span> <span class='ocrx_word' id='word_1_76' title='bbox 643 783 922 827; x_wconf 88' lang='lat' dir='ltr'><strong>fundamento</strong></span> <span class='ocrx_word' id='word_1_77' title='bbox 951 782 1070 825; x_wconf 89' lang='lat' dir='ltr'><strong>istud</strong></span> <span class='ocrx_word' id='word_1_78' title='bbox 1100 782 1319 826; x_wconf 87' lang='lat' dir='ltr'><strong>doctrinae</strong></span> <span class='ocrx_word' id='word_1_79' title='bbox 1349 783 1561 825; x_wconf 80' lang='lat' dir='ltr'><strong>innitatur</strong></span> <span class='ocrx_word' id='word_1_80' title='bbox 1592 780 1702 824; x_wconf 85' lang='lat' dir='ltr'><strong>aedi·</strong></span> 
     </span>
     <span class='ocr_line' id='line_1_14' title="bbox 64 845 1319 912; baseline -0.005 -10.227"><span class='ocrx_word' id='word_1_81' title='bbox 64 845 291 906; x_wconf 49' lang='lat' dir='ltr'><strong>{finiunt</strong></span> <span class='ocrx_word' id='word_1_82' title='bbox 314 855 464 901; x_wconf 84' lang='lat' dir='ltr'><strong>Unum</strong></span> <span class='ocrx_word' id='word_1_83' title='bbox 489 855 675 900; x_wconf 83' lang='lat' dir='ltr'><strong>afferam.</strong></span> <span class='ocrx_word' id='word_1_84' title='bbox 708 855 916 912; x_wconf 81' lang='lat' dir='ltr'><strong>Legimus</strong></span> <span class='ocrx_word' id='word_1_85' title='bbox 949 854 1062 911; x_wconf 89' lang='lat' dir='ltr'><strong>apud</strong></span> <span class='ocrx_word' id='word_1_86' title='bbox 1095 853 1319 897; x_wconf 81' lang='lat' dir='ltr'><strong>Tacitum:</strong></span> 
     </span>
     <span class='ocr_line' id='line_1_15' title="bbox 22 921 1699 983; baseline -0.007 -6"><span class='ocrx_word' id='word_1_87' title='bbox 22 921 26 963; x_wconf 55' lang='grc' dir='ltr'><em>ἶ</em></span> <span class='ocrx_word' id='word_1_88' title='bbox 69 947 75 966; x_wconf 68' lang='lat'><em>³</em></span> <span class='ocrx_word' id='word_1_89' title='bbox 109 934 206 976; x_wconf 55' lang='lat' dir='ltr'><strong>{nat</strong></span> <span class='ocrx_word' id='word_1_90' title='bbox 247 940 360 975; x_wconf 82' lang='lat' dir='ltr'><strong>nuno</strong></span> <span class='ocrx_word' id='word_1_91' title='bbox 400 931 528 973; x_wconf 84' lang='lat' dir='ltr'><strong>natus</strong></span> <span class='ocrx_word' id='word_1_92' title='bbox 557 929 697 971; x_wconf 70' lang='lat' dir='ltr'><strong>inians</strong></span> <span class='ocrx_word' id='word_1_93' title='bbox 727 925 961 983; x_wconf 83' lang='lat' dir='ltr'><strong>delegatur</strong></span> <span class='ocrx_word' id='word_1_94' title='bbox 985 924 1220 969; x_wconf 82' lang='lat' dir='ltr'><strong>Graeculae</strong></span> <span class='ocrx_word' id='word_1_95' title='bbox 1253 924 1384 968; x_wconf 89' lang='lat' dir='ltr'><strong>alicui</strong></span> <span class='ocrx_word' id='word_1_96' title='bbox 1416 923 1594 968; x_wconf 91' lang='lat' dir='ltr'><strong>ancillae</strong></span> <span class='ocrx_word' id='word_1_97' title='bbox 1630 925 1699 967; x_wconf 87' lang='lat' dir='ltr'><strong>cui</strong></span> 
     </span>
     <span class='ocr_line' id='line_1_16' title="bbox 22 994 1698 1062; baseline -0.005 -15"><span class='ocrx_word' id='word_1_98' title='bbox 22 1026 25 1050; x_wconf 66' lang='lat'>1</span> <span class='ocrx_word' id='word_1_99' title='bbox 60 1001 358 1062; x_wconf 15' lang='lat' dir='ltr'><strong>&#39;&#39;gradiungitur</strong></span> <span class='ocrx_word' id='word_1_100' title='bbox 398 1014 510 1044; x_wconf 88' lang='lat' dir='ltr'><strong>unus</strong></span> <span class='ocrx_word' id='word_1_101' title='bbox 551 1002 628 1043; x_wconf 89' lang='lat' dir='ltr'><strong>aut</strong></span> <span class='ocrx_word' id='word_1_102' title='bbox 668 997 779 1042; x_wconf 86' lang='lat' dir='ltr'><strong>alter</strong></span> <span class='ocrx_word' id='word_1_103' title='bbox 809 1012 862 1040; x_wconf 84' lang='lat' dir='ltr'><strong>ex</strong></span> <span class='ocrx_word' id='word_1_104' title='bbox 895 998 1095 1040; x_wconf 89' lang='lat' dir='ltr'><strong>omnibus</strong></span> <span class='ocrx_word' id='word_1_105' title='bbox 1126 998 1262 1041; x_wconf 86' lang='lat' dir='ltr'><strong>servis</strong></span> <span class='ocrx_word' id='word_1_106' title='bbox 1295 996 1548 1054; x_wconf 86' lang='lat' dir='ltr'><strong>plerumque</strong></span> <span class='ocrx_word' id='word_1_107' title='bbox 1581 994 1698 1039; x_wconf 86' lang='lat' dir='ltr'><strong>vilis-</strong></span> 
     </span>
     <span class='ocr_line' id='line_1_17' title="bbox 97 1067 1378 1129; baseline -0.007 -10"><span class='ocrx_word' id='word_1_108' title='bbox 97 1074 236 1119; x_wconf 69' lang='lat' dir='ltr'><strong>simus</strong></span> <span class='ocrx_word' id='word_1_109' title='bbox 267 1084 343 1117; x_wconf 82' lang='lat' dir='ltr'><strong>nec</strong></span> <span class='ocrx_word' id='word_1_110' title='bbox 375 1072 578 1129; x_wconf 86' lang='lat' dir='ltr'><strong>cuiquam</strong></span> <span class='ocrx_word' id='word_1_111' title='bbox 609 1071 718 1114; x_wconf 86' lang='lat' dir='ltr'><strong>serio</strong></span> <span class='ocrx_word' id='word_1_112' title='bbox 750 1070 990 1112; x_wconf 88' lang='lat' dir='ltr'><strong>ministerio</strong></span> <span class='ocrx_word' id='word_1_113' title='bbox 1020 1067 1378 1112; x_wconf 87' lang='lat' dir='ltr'><strong>accommodatus.</strong></span> 
     </span>
     <span class='ocr_line' id='line_1_18' title="bbox 20 1139 1695 1198; baseline -0.006 -7"><span class='ocrx_word' id='word_1_114' title='bbox 20 1187 23 1197; x_wconf 29' lang='lat'><em>‹</em></span> <span class='ocrx_word' id='word_1_115' title='bbox 59 1176 61 1178; x_wconf 95' lang='lat'>-</span> <span class='ocrx_word' id='word_1_116' title='bbox 109 1171 112 1175; x_wconf 86' lang='lat'>.</span> <span class='ocrx_word' id='word_1_117' title='bbox 154 1143 218 1190; x_wconf 23' lang='lat' dir='ltr'><strong>In*</strong></span> <span class='ocrx_word' id='word_1_118' title='bbox 238 1152 344 1190; x_wconf 63' lang='lat' dir='ltr'><strong>seam</strong></span> <span class='ocrx_word' id='word_1_119' title='bbox 381 1142 618 1187; x_wconf 72' lang='lat' dir='ltr'><strong>sententiam</strong></span> <span class='ocrx_word' id='word_1_120' title='bbox 661 1141 879 1198; x_wconf 83' lang='lat' dir='ltr'><strong>disputare</strong></span> <span class='ocrx_word' id='word_1_121' title='bbox 918 1142 1110 1184; x_wconf 85' lang='lat' dir='ltr'><strong>cuiusvis</strong></span> <span class='ocrx_word' id='word_1_122' title='bbox 1142 1154 1232 1183; x_wconf 85' lang='lat' dir='ltr'><strong>esse</strong></span> <span class='ocrx_word' id='word_1_123' title='bbox 1264 1154 1434 1191; x_wconf 89' lang='lat' dir='ltr'><strong>censeo;</strong></span> <span class='ocrx_word' id='word_1_124' title='bbox 1469 1139 1541 1182; x_wconf 89' lang='lat' dir='ltr'><strong>sed</strong></span> <span class='ocrx_word' id='word_1_125' title='bbox 1567 1154 1695 1181; x_wconf 80' lang='lat' dir='ltr'><strong>vocem</strong></span> 
     </span>
     <span class='ocr_line' id='line_1_19' title="bbox 19 1209 1694 1272; baseline -0.006 -9"><span class='ocrx_word' id='word_1_126' title='bbox 19 1214 22 1263; x_wconf 71' lang='grc' dir='ltr'>ἐ</span> <span class='ocrx_word' id='word_1_127' title='bbox 62 1236 66 1239; x_wconf 91' lang='grc'><em>·</em></span> <span class='ocrx_word' id='word_1_128' title='bbox 98 1219 250 1263; x_wconf 59' lang='grc' dir='ltr'><strong>ωιιιοιι</strong></span> <span class='ocrx_word' id='word_1_129' title='bbox 291 1216 364 1261; x_wconf 86' lang='lat' dir='ltr'><strong>hic</strong></span> <span class='ocrx_word' id='word_1_130' title='bbox 410 1215 684 1272; x_wconf 78' lang='lat' dir='ltr'><strong>agnoscimus</strong></span> <span class='ocrx_word' id='word_1_131' title='bbox 730 1212 913 1256; x_wconf 86' lang='lat' dir='ltr'><strong>Romani</strong></span> <span class='ocrx_word' id='word_1_132' title='bbox 959 1212 1146 1255; x_wconf 89' lang='lat' dir='ltr'><strong>hominis</strong></span> <span class='ocrx_word' id='word_1_133' title='bbox 1189 1214 1317 1268; x_wconf 85' lang='lat' dir='ltr'><strong>atque</strong></span> <span class='ocrx_word' id='word_1_134' title='bbox 1343 1212 1495 1268; x_wconf 86' lang='lat' dir='ltr'><strong>ipsius</strong></span> <span class='ocrx_word' id='word_1_135' title='bbox 1542 1209 1694 1254; x_wconf 78' lang='lat' dir='ltr'><strong>Taciti.</strong></span> 
     </span>
     <span class='ocr_line' id='line_1_20' title="bbox 97 1283 1530 1342; baseline -0.012 -8"><span class='ocrx_word' id='word_1_136' title='bbox 97 1287 210 1342; x_wconf 78' lang='lat' dir='ltr'><strong>Quid</strong></span> <span class='ocrx_word' id='word_1_137' title='bbox 240 1300 343 1333; x_wconf 81' lang='lat' dir='ltr'><strong>vero</strong></span> <span class='ocrx_word' id='word_1_138' title='bbox 373 1283 590 1331; x_wconf 78' lang='lat' dir='ltr'><strong>Graecus?</strong></span> <span class='ocrx_word' id='word_1_139' title='bbox 1528 1339 1530 1341; x_wconf 21' lang='grc' dir='ltr'>Ι</span> 
     </span>
    </p>

    <p class='ocr_par' dir='ltr' id='par_1_4' title="bbox 50 1350 1695 1556">
     <span class='ocr_line' id='line_1_21' title="bbox 157 1350 1694 1410; baseline -0.007 -7"><span class='ocrx_word' id='word_1_140' title='bbox 157 1358 247 1403; x_wconf 67' lang='grc' dir='ltr'><strong>ἰπὶ</strong></span> <span class='ocrx_word' id='word_1_141' title='bbox 291 1361 358 1402; x_wconf 82' lang='grc' dir='ltr'><strong>νῦν</strong></span> <span class='ocrx_word' id='word_1_142' title='bbox 399 1375 452 1410; x_wconf 64' lang='grc' dir='ltr'><strong>γε</strong></span> <span class='ocrx_word' id='word_1_143' title='bbox 494 1359 540 1402; x_wconf 84' lang='grc' dir='ltr'><strong>τὸ</strong></span> <span class='ocrx_word' id='word_1_144' title='bbox 577 1355 787 1410; x_wconf 72' lang='grc' dir='ltr'><strong><em>γινόμενον</em></strong></span> <span class='ocrx_word' id='word_1_145' title='bbox 821 1361 988 1402; x_wconf 76' lang='grc' dir='ltr'><strong><em>πολλοῖς</em></strong></span> <span class='ocrx_word' id='word_1_146' title='bbox 1025 1354 1337 1408; x_wconf 76' lang='grc' dir='ltr'><strong><em>ὑπεργέλοιστόν</em></strong></span> <span class='ocrx_word' id='word_1_147' title='bbox 1371 1354 1480 1396; x_wconf 73' lang='grc' dir='ltr'><strong><em>ἐστιν</em></strong></span> <span class='ocrx_word' id='word_1_148' title='bbox 1514 1386 1524 1396; x_wconf 92' lang='grc'><strong>.</strong></span> <span class='ocrx_word' id='word_1_149' title='bbox 1545 1386 1554 1396; x_wconf 94' lang='grc'><strong>.</strong></span> <span class='ocrx_word' id='word_1_150' title='bbox 1575 1385 1585 1396; x_wconf 83' lang='grc'><strong>.</strong></span> <span class='ocrx_word' id='word_1_151' title='bbox 1619 1350 1694 1405; x_wconf 54' lang='lat' dir='ltr'><strong>&amp;sta</strong></span> 
     </span>
     <span class='ocr_line' id='line_1_22' title="bbox 50 1427 1695 1485; baseline -0.005 -11"><span class='ocrx_word' id='word_1_152' title='bbox 50 1458 58 1467; x_wconf 42' lang='grc' dir='ltr'>υ</span> <span class='ocrx_word' id='word_1_153' title='bbox 99 1429 136 1485; x_wconf 52' lang='grc' dir='ltr'><strong>δ’</strong></span> <span class='ocrx_word' id='word_1_154' title='bbox 164 1429 215 1479; x_wconf 71' lang='grc' dir='ltr'><strong><em>ἂν</em></strong></span> <span class='ocrx_word' id='word_1_155' title='bbox 246 1428 408 1484; x_wconf 73' lang='grc' dir='ltr'><strong><em>εὕρωσιν</em></strong></span> <span class='ocrx_word' id='word_1_156' title='bbox 440 1429 688 1482; x_wconf 71' lang='grc' dir='ltr'><strong><em>’ἀνδράποδον</em></strong></span> <span class='ocrx_word' id='word_1_157' title='bbox 716 1428 953 1477; x_wconf 75' lang='grc' dir='ltr'><strong><em>οἰνόληπτον</em></strong></span> <span class='ocrx_word' id='word_1_158' title='bbox 983 1428 1050 1470; x_wconf 80' lang='grc' dir='ltr'><strong>καὶ</strong></span> <span class='ocrx_word' id='word_1_159' title='bbox 1081 1427 1237 1480; x_wconf 81' lang='grc' dir='ltr'><strong><em>λίχνον,</em></strong></span> <span class='ocrx_word' id='word_1_160' title='bbox 1266 1427 1361 1479; x_wconf 81' lang='grc' dir='ltr'><strong>πρὸς</strong></span> <span class='ocrx_word' id='word_1_161' title='bbox 1391 1428 1535 1468; x_wconf 74' lang='grc' dir='ltr'><strong><em>πᾶσαν</em></strong></span> <span class='ocrx_word' id='word_1_162' title='bbox 1563 1441 1695 1478; x_wconf 71' lang='grc' dir='ltr'>πραγ-</span> 
     </span>
     <span class='ocr_line' id='line_1_23' title="bbox 97 1488 1525 1556; baseline -0.004 -10"><span class='ocrx_word' id='word_1_163' title='bbox 97 1502 280 1555; x_wconf 74' lang='grc' dir='ltr'><strong><em>ματείαν</em></strong></span> <span class='ocrx_word' id='word_1_164' title='bbox 313 1500 537 1556; x_wconf 71' lang='grc' dir='ltr'><strong><em>ἄχρηστον,</em></strong></span> <span class='ocrx_word' id='word_1_165' title='bbox 571 1500 699 1554; x_wconf 81' lang='grc' dir='ltr'><strong><em>τούτῳ</em></strong></span> <span class='ocrx_word' id='word_1_166' title='bbox 732 1488 1244 1553; x_wconf 57' lang='grc' dir='ltr'><strong><em>Φέροντεζὺποβοὶλλουσι</em></strong></span> <span class='ocrx_word' id='word_1_167' title='bbox 1277 1498 1371 1546; x_wconf 81' lang='grc' dir='ltr'><strong><em>τοὺς</em></strong></span> <span class='ocrx_word' id='word_1_168' title='bbox 1403 1499 1525 1546; x_wconf 81' lang='grc' dir='ltr'><strong><em>υἱούς.</em></strong></span> 
     </span>
    </p>

    <p class='ocr_par' dir='ltr' id='par_1_5' title="bbox 6 1569 1696 2279">
     <span class='ocr_line' id='line_1_24' title="bbox 157 1569 1695 1629; baseline -0.005 -11"><span class='ocrx_word' id='word_1_169' title='bbox 157 1573 355 1622; x_wconf 69' lang='lat' dir='ltr'><strong>Profecto</strong></span> <span class='ocrx_word' id='word_1_170' title='bbox 397 1572 644 1618; x_wconf 85' lang='lat' dir='ltr'><strong>mirandum</strong></span> <span class='ocrx_word' id='word_1_171' title='bbox 686 1575 850 1616; x_wconf 89' lang='lat' dir='ltr'><strong>tantam</strong></span> <span class='ocrx_word' id='word_1_172' title='bbox 892 1586 984 1615; x_wconf 91' lang='lat' dir='ltr'><strong>esse</strong></span> <span class='ocrx_word' id='word_1_173' title='bbox 1025 1586 1147 1629; x_wconf 92' lang='lat' dir='ltr'><strong>posse</strong></span> <span class='ocrx_word' id='word_1_174' title='bbox 1191 1569 1498 1614; x_wconf 86' lang='lat' dir='ltr'><strong>vocabulorum</strong></span> <span class='ocrx_word' id='word_1_175' title='bbox 1546 1569 1695 1612; x_wconf 89' lang='lat' dir='ltr'><strong>discre-</strong></span> 
     </span>
     <span class='ocr_line' id='line_1_25' title="bbox 50 1639 1615 1706; baseline -0.006 -14.051"><span class='ocrx_word' id='word_1_176' title='bbox 50 1661 54 1675; x_wconf 82' lang='grc'><strong><em>·</em></strong></span> <span class='ocrx_word' id='word_1_177' title='bbox 95 1647 288 1706; x_wconf 77' lang='lat' dir='ltr'><strong>pantiam</strong></span> <span class='ocrx_word' id='word_1_178' title='bbox 318 1647 365 1690; x_wconf 87' lang='lat' dir='ltr'><strong>in</strong></span> <span class='ocrx_word' id='word_1_179' title='bbox 396 1645 564 1689; x_wconf 88' lang='lat' dir='ltr'><strong>duobus</strong></span> <span class='ocrx_word' id='word_1_180' title='bbox 593 1644 699 1688; x_wconf 89' lang='lat' dir='ltr'><strong>locis</strong></span> <span class='ocrx_word' id='word_1_181' title='bbox 732 1648 822 1688; x_wconf 85' lang='lat' dir='ltr'><strong>tam</strong></span> <span class='ocrx_word' id='word_1_182' title='bbox 853 1643 1154 1701; x_wconf 86' lang='lat' dir='ltr'><strong>pervulgatam</strong></span> <span class='ocrx_word' id='word_1_183' title='bbox 1188 1657 1279 1686; x_wconf 89' lang='lat' dir='ltr'><strong>rem</strong></span> <span class='ocrx_word' id='word_1_184' title='bbox 1313 1639 1615 1686; x_wconf 79' lang='lat' dir='ltr'><strong>tractantibus!</strong></span> 
     </span>
     <span class='ocr_line' id='line_1_26' title="bbox 156 1713 1632 1772; baseline -0.005 -9"><span class='ocrx_word' id='word_1_185' title='bbox 156 1717 214 1764; x_wconf 73' lang='lat' dir='ltr'><strong>Et</strong></span> <span class='ocrx_word' id='word_1_186' title='bbox 245 1719 347 1763; x_wconf 72' lang='lat' dir='ltr'><strong>sunt</strong></span> <span class='ocrx_word' id='word_1_187' title='bbox 377 1720 517 1761; x_wconf 77' lang='lat' dir='ltr'><strong>cetera</strong></span> <span class='ocrx_word' id='word_1_188' title='bbox 548 1730 573 1761; x_wconf 84' lang='lat' dir='ltr'><strong>a</strong></span> <span class='ocrx_word' id='word_1_189' title='bbox 605 1714 888 1760; x_wconf 81' lang='lat' dir='ltr'><strong>Gudemanno</strong></span> <span class='ocrx_word' id='word_1_190' title='bbox 920 1714 1086 1772; x_wconf 88' lang='lat' dir='ltr'><strong>prolata</strong></span> <span class='ocrx_word' id='word_1_191' title='bbox 1116 1714 1272 1758; x_wconf 88' lang='lat' dir='ltr'><strong>indicia</strong></span> <span class='ocrx_word' id='word_1_192' title='bbox 1304 1713 1632 1758; x_wconf 85' lang='lat' dir='ltr'><strong>eiusdemmodi.</strong></span> 
     </span>
     <span class='ocr_line' id='line_1_27' title="bbox 38 1783 1695 1842; baseline -0.004 -8"><span class='ocrx_word' id='word_1_193' title='bbox 38 1827 39 1830; x_wconf 62' lang='grc'>,</span> <span class='ocrx_word' id='word_1_194' title='bbox 99 1814 102 1819; x_wconf 88' lang='grc'><em>·</em></span> <span class='ocrx_word' id='word_1_195' title='bbox 155 1789 239 1842; x_wconf 77' lang='lat' dir='ltr'><strong>Sed</strong></span> <span class='ocrx_word' id='word_1_196' title='bbox 270 1790 497 1833; x_wconf 82' lang='lat' dir='ltr'><strong>mittamus</strong></span> <span class='ocrx_word' id='word_1_197' title='bbox 527 1787 750 1840; x_wconf 82' lang='lat' dir='ltr'><strong>Tacitum3</strong></span> <span class='ocrx_word' id='word_1_198' title='bbox 783 1787 835 1831; x_wconf 88' lang='lat' dir='ltr'><strong>ad</strong></span> <span class='ocrx_word' id='word_1_199' title='bbox 865 1786 1064 1831; x_wconf 89' lang='lat' dir='ltr'><strong>libellum</strong></span> <span class='ocrx_word' id='word_1_200' title='bbox 1096 1790 1290 1830; x_wconf 89' lang='lat' dir='ltr'><strong>nostrum</strong></span> <span class='ocrx_word' id='word_1_201' title='bbox 1323 1786 1561 1829; x_wconf 85' lang='lat' dir='ltr'><strong>redeamus.</strong></span> <span class='ocrx_word' id='word_1_202' title='bbox 1602 1783 1695 1828; x_wconf 92' lang='lat' dir='ltr'><strong>Hoc</strong></span> 
     </span>
     <span class='ocr_line' id='line_1_28' title="bbox 94 1859 1693 1921; baseline -0.006 -13"><span class='ocrx_word' id='word_1_203' title='bbox 94 1870 265 1921; x_wconf 78' lang='lat' dir='ltr'><strong>quoque</strong></span> <span class='ocrx_word' id='word_1_204' title='bbox 294 1861 812 1920; x_wconf 76' lang='lat' dir='ltr'><strong>egregie‘demonstravit</strong></span> <span class='ocrx_word' id='word_1_205' title='bbox 845 1859 1202 1917; x_wconf 77' lang='lat' dir='ltr'><strong>wyttenbachius</strong></span> <span class='ocrx_word' id='word_1_206' title='bbox 1233 1873 1363 1916; x_wconf 89' lang='lat' dir='ltr'><strong>quam</strong></span> <span class='ocrx_word' id='word_1_207' title='bbox 1395 1860 1452 1901; x_wconf 90' lang='lat' dir='ltr'><strong>sit</strong></span> <span class='ocrx_word' id='word_1_208' title='bbox 1482 1859 1693 1909; x_wconf 85' lang='lat' dir='ltr'><strong>ieiunum,</strong></span> 
     </span>
     <span class='ocr_line' id='line_1_29' title="bbox 90 1927 1694 1992; baseline -0.006 -12"><span class='ocrx_word' id='word_1_209' title='bbox 90 1933 218 1987; x_wconf 84' lang='lat' dir='ltr'><strong>exile,</strong></span> <span class='ocrx_word' id='word_1_210' title='bbox 249 1932 414 1992; x_wconf 85' lang='lat' dir='ltr'><strong>puerile</strong></span> <span class='ocrx_word' id='word_1_211' title='bbox 442 1932 561 1976; x_wconf 86' lang='lat' dir='ltr'><strong>istud</strong></span> <span class='ocrx_word' id='word_1_212' title='bbox 592 1930 848 1989; x_wconf 91' lang='lat' dir='ltr'><strong>opusculum</strong></span> <span class='ocrx_word' id='word_1_213' title='bbox 883 1931 935 1974; x_wconf 89' lang='lat' dir='ltr'><strong>ab</strong></span> <span class='ocrx_word' id='word_1_214' title='bbox 969 1945 1017 1974; x_wconf 90' lang='lat' dir='ltr'><strong>eo</strong></span> <span class='ocrx_word' id='word_1_215' title='bbox 1044 1931 1220 1974; x_wconf 89' lang='lat' dir='ltr'><strong>demum</strong></span> <span class='ocrx_word' id='word_1_216' title='bbox 1250 1929 1438 1987; x_wconf 85' lang='lat' dir='ltr'><strong>intelligi</strong></span> <span class='ocrx_word' id='word_1_217' title='bbox 1464 1927 1694 1986; x_wconf 87' lang='lat' dir='ltr'><strong>quipaulo</strong></span> 
     </span>
     <span class='ocr_line' id='line_1_30' title="bbox 43 2002 1694 2063; baseline -0.006 -11.042"><span class='ocrx_word' id='word_1_218' title='bbox 43 2023 45 2025; x_wconf 91' lang='lat'>·</span> <span class='ocrx_word' id='word_1_219' title='bbox 93 2007 301 2052; x_wconf 78' lang='lat' dir='ltr'><strong>attentius</strong></span> <span class='ocrx_word' id='word_1_220' title='bbox 340 2004 510 2063; x_wconf 82' lang='lat' dir='ltr'><strong>legerit,</strong></span> <span class='ocrx_word' id='word_1_221' title='bbox 553 2017 653 2047; x_wconf 85' lang='lat' dir='ltr'><strong>nam</strong></span> <span class='ocrx_word' id='word_1_222' title='bbox 686 2004 824 2046; x_wconf 87' lang='lat' dir='ltr'><strong>obiter</strong></span> <span class='ocrx_word' id='word_1_223' title='bbox 856 2004 1080 2060; x_wconf 82' lang='lat' dir='ltr'><strong>aspicienti</strong></span> <span class='ocrx_word' id='word_1_224' title='bbox 1114 2002 1238 2046; x_wconf 87' lang='lat' dir='ltr'><strong>facile</strong></span> <span class='ocrx_word' id='word_1_225' title='bbox 1271 2002 1362 2046; x_wconf 90' lang='lat' dir='ltr'><strong>fieri</strong></span> <span class='ocrx_word' id='word_1_226' title='bbox 1394 2015 1516 2058; x_wconf 89' lang='lat' dir='ltr'><strong>posse</strong></span> <span class='ocrx_word' id='word_1_227' title='bbox 1549 2006 1598 2043; x_wconf 85' lang='lat' dir='ltr'><strong>ut</strong></span> <span class='ocrx_word' id='word_1_228' title='bbox 1629 2003 1694 2042; x_wconf 87' lang='lat' dir='ltr'><strong>sat</strong></span> 
     </span>
     <span class='ocr_line' id='line_1_31' title="bbox 91 2070 1694 2137; baseline -0.006 -14"><span class='ocrx_word' id='word_1_229' title='bbox 91 2079 244 2137; x_wconf 77' lang='lat' dir='ltr'><strong>magni</strong></span> <span class='ocrx_word' id='word_1_230' title='bbox 267 2078 397 2136; x_wconf 85' lang='lat' dir='ltr'><strong>pretii</strong></span> <span class='ocrx_word' id='word_1_231' title='bbox 427 2075 635 2120; x_wconf 85' lang='lat' dir='ltr'><strong>videatur.</strong></span> <span class='ocrx_word' id='word_1_232' title='bbox 667 2074 782 2134; x_wconf 84' lang='lat' dir='ltr'><strong>Ergo</strong></span> <span class='ocrx_word' id='word_1_233' title='bbox 814 2090 897 2118; x_wconf 88' lang='lat' dir='ltr'><strong>non</strong></span> <span class='ocrx_word' id='word_1_234' title='bbox 930 2074 1177 2118; x_wconf 86' lang='lat' dir='ltr'><strong>mirandum</strong></span> <span class='ocrx_word' id='word_1_235' title='bbox 1213 2074 1328 2131; x_wconf 88' lang='lat' dir='ltr'><strong>quod</strong></span> <span class='ocrx_word' id='word_1_236' title='bbox 1360 2073 1584 2118; x_wconf 89' lang='lat' dir='ltr'><strong>meditatio</strong></span> <span class='ocrx_word' id='word_1_237' title='bbox 1616 2070 1694 2114; x_wconf 86' lang='lat' dir='ltr'><strong>illa</strong></span> 
     </span>
     <span class='ocr_line' id='line_1_32' title="bbox 94 2144 1696 2206; baseline -0.005 -11"><span class='ocrx_word' id='word_1_238' title='bbox 94 2148 361 2200; x_wconf 73' lang='lat' dir='ltr'><strong>scholastica,</strong></span> <span class='ocrx_word' id='word_1_239' title='bbox 393 2162 502 2206; x_wconf 83' lang='lat' dir='ltr'><strong>quae</strong></span> <span class='ocrx_word' id='word_1_240' title='bbox 533 2148 740 2198; x_wconf 73' lang='grc' dir='ltr'><strong><em>ἀνώνυμος</em></strong></span> <span class='ocrx_word' id='word_1_241' title='bbox 772 2147 1165 2198; x_wconf 85' lang='lat' dir='ltr'><strong>circumferebatur,</strong></span> <span class='ocrx_word' id='word_1_242' title='bbox 1199 2146 1250 2189; x_wconf 91' lang='lat' dir='ltr'><strong>de</strong></span> <span class='ocrx_word' id='word_1_243' title='bbox 1283 2160 1516 2203; x_wconf 88' lang='lat' dir='ltr'><strong>puerorum</strong></span> <span class='ocrx_word' id='word_1_244' title='bbox 1548 2144 1696 2188; x_wconf 88' lang='lat' dir='ltr'><strong>educa-</strong></span> 
     </span>
     <span class='ocr_line' id='line_1_33' title="bbox 97 2213 1696 2279; baseline -0.007 -11.592"><span class='ocrx_word' id='word_1_245' title='bbox 97 2222 229 2272; x_wconf 73' lang='lat' dir='ltr'><strong>tione,</strong></span> <span class='ocrx_word' id='word_1_246' title='bbox 269 2213 392 2279; x_wconf 82' lang='lat' dir='ltr'><strong>illius</strong></span> <span class='ocrx_word' id='word_1_247' title='bbox 422 2222 488 2263; x_wconf 82' lang='lat' dir='ltr'><strong>est</strong></span> <span class='ocrx_word' id='word_1_248' title='bbox 517 2218 680 2263; x_wconf 83' lang='lat' dir='ltr'><strong>adiecta</strong></span> <span class='ocrx_word' id='word_1_249' title='bbox 712 2219 911 2276; x_wconf 89' lang='lat' dir='ltr'><strong>operibus</strong></span> <span class='ocrx_word' id='word_1_250' title='bbox 942 2219 991 2261; x_wconf 76' lang='grc' dir='ltr'><strong>δι’</strong></span> <span class='ocrx_word' id='word_1_251' title='bbox 1024 2215 1067 2260; x_wconf 85' lang='grc' dir='ltr'><strong>οὗ</strong></span> <span class='ocrx_word' id='word_1_252' title='bbox 1099 2218 1246 2271; x_wconf 85' lang='lat' dir='ltr'><strong>(verba</strong></span> <span class='ocrx_word' id='word_1_253' title='bbox 1279 2217 1381 2260; x_wconf 90' lang='lat' dir='ltr'><strong>haec</strong></span> <span class='ocrx_word' id='word_1_254' title='bbox 1412 2216 1600 2259; x_wconf 89' lang='lat' dir='ltr'><strong>Himerii</strong></span> <span class='ocrx_word' id='word_1_255' title='bbox 1632 2229 1696 2258; x_wconf 92' lang='lat' dir='ltr'><strong>so-</strong></span> 
     </span>
    </p>

    <p class='ocr_par' dir='ltr' id='par_1_6' title="bbox 31 2284 1697 2351">
     <span class='ocr_line' id='line_1_34' title="bbox 99 2289 1697 2351; baseline -0.005 -14.327"><span class='ocrx_word' id='word_1_256' title='bbox 99 2291 286 2351; x_wconf 74' lang='lat' dir='ltr'><strong>phistae)</strong></span> <span class='ocrx_word' id='word_1_257' title='bbox 327 2290 490 2336; x_wconf 71' lang='grc' dir='ltr'><strong><em>πάντας</em></strong></span> <span class='ocrx_word' id='word_1_258' title='bbox 536 2291 747 2332; x_wconf 77' lang='grc' dir='ltr'><strong><em>ἐπαίδευον</em></strong></span> <span class='ocrx_word' id='word_1_259' title='bbox 784 2291 817 2332; x_wconf 91' lang='lat' dir='ltr'><strong>ii</strong></span> <span class='ocrx_word' id='word_1_260' title='bbox 853 2291 928 2346; x_wconf 92' lang='lat' dir='ltr'><strong>qui</strong></span> <span class='ocrx_word' id='word_1_261' title='bbox 960 2289 1113 2332; x_wconf 88' lang='lat' dir='ltr'><strong>multis</strong></span> <span class='ocrx_word' id='word_1_262' title='bbox 1142 2293 1238 2346; x_wconf 90' lang='lat' dir='ltr'><strong>post</strong></span> <span class='ocrx_word' id='word_1_263' title='bbox 1269 2290 1361 2331; x_wconf 92' lang='lat' dir='ltr'><strong>eius</strong></span> <span class='ocrx_word' id='word_1_264' title='bbox 1393 2291 1578 2331; x_wconf 88' lang='lat' dir='ltr'><strong>mortem</strong></span> <span class='ocrx_word' id='word_1_265' title='bbox 1610 2300 1697 2329; x_wconf 84' lang='lat' dir='ltr'><strong>sae-</strong></span> 
     </span>
    </p>

    <p class='ocr_par' dir='ltr' id='par_1_7' title="bbox 34 2359 1700 2708">
     <span class='ocr_line' id='line_1_35' title="bbox 99 2359 1695 2409; baseline -0.006 0"><span class='ocrx_word' id='word_1_266' title='bbox 99 2362 210 2409; x_wconf 81' lang='lat' dir='ltr'><strong>culis</strong></span> <span class='ocrx_word' id='word_1_267' title='bbox 248 2361 376 2406; x_wconf 81' lang='lat' dir='ltr'><strong>laude</strong></span> <span class='ocrx_word' id='word_1_268' title='bbox 417 2361 642 2405; x_wconf 84' lang='lat' dir='ltr'><strong>literarum</strong></span> <span class='ocrx_word' id='word_1_269' title='bbox 685 2361 904 2404; x_wconf 87' lang='lat' dir='ltr'><strong>florebant.</strong></span> <span class='ocrx_word' id='word_1_270' title='bbox 947 2361 1018 2404; x_wconf 85' lang='lat' dir='ltr'><strong>Sic</strong></span> <span class='ocrx_word' id='word_1_271' title='bbox 1059 2361 1221 2404; x_wconf 88' lang='lat' dir='ltr'><strong>factum</strong></span> <span class='ocrx_word' id='word_1_272' title='bbox 1265 2363 1329 2403; x_wconf 88' lang='lat' dir='ltr'><strong>est</strong></span> <span class='ocrx_word' id='word_1_273' title='bbox 1372 2364 1422 2402; x_wconf 90' lang='lat' dir='ltr'><strong>ut</strong></span> <span class='ocrx_word' id='word_1_274' title='bbox 1454 2359 1695 2402; x_wconf 88' lang='lat' dir='ltr'><strong>multorum</strong></span> 
     </span>
     <span class='ocr_line' id='line_1_36' title="bbox 34 2432 1698 2491; baseline -0.003 -13"><span class='ocrx_word' id='word_1_275' title='bbox 34 2467 43 2491; x_wconf 57' lang='lat'>3</span> <span class='ocrx_word' id='word_1_276' title='bbox 99 2438 310 2480; x_wconf 86' lang='lat' dir='ltr'><strong>tereretur</strong></span> <span class='ocrx_word' id='word_1_277' title='bbox 345 2434 542 2476; x_wconf 85' lang='lat' dir='ltr'><strong>manibus</strong></span> <span class='ocrx_word' id='word_1_278' title='bbox 573 2438 616 2476; x_wconf 88' lang='lat' dir='ltr'><strong>et</strong></span> <span class='ocrx_word' id='word_1_279' title='bbox 649 2432 801 2476; x_wconf 87' lang='lat' dir='ltr'><strong>multis</strong></span> <span class='ocrx_word' id='word_1_280' title='bbox 837 2432 1223 2476; x_wconf 87' lang='lat' dir='ltr'><strong>commacularetur</strong></span> <span class='ocrx_word' id='word_1_281' title='bbox 1253 2434 1385 2484; x_wconf 84' lang='lat' dir='ltr'><strong>vitiis,</strong></span> <span class='ocrx_word' id='word_1_282' title='bbox 1418 2433 1557 2487; x_wconf 89' lang='lat' dir='ltr'><strong>iisque</strong></span> <span class='ocrx_word' id='word_1_283' title='bbox 1591 2444 1698 2487; x_wconf 87' lang='lat' dir='ltr'><strong>quae</strong></span> 
     </span>
     <span class='ocr_line' id='line_1_37' title="bbox 40 2503 1697 2563; baseline -0.003 -13"><span class='ocrx_word' id='word_1_284' title='bbox 40 2542 41 2545; x_wconf 58' lang='grc'>,</span> <span class='ocrx_word' id='word_1_285' title='bbox 99 2507 146 2551; x_wconf 77' lang='lat' dir='ltr'><strong>i‘n</strong></span> <span class='ocrx_word' id='word_1_286' title='bbox 187 2506 341 2563; x_wconf 86' lang='lat' dir='ltr'><strong>quovis</strong></span> <span class='ocrx_word' id='word_1_287' title='bbox 380 2505 508 2548; x_wconf 89' lang='lat' dir='ltr'><strong>obvia</strong></span> <span class='ocrx_word' id='word_1_288' title='bbox 548 2504 657 2548; x_wconf 92' lang='lat' dir='ltr'><strong>libro</strong></span> <span class='ocrx_word' id='word_1_289' title='bbox 700 2506 1006 2561; x_wconf 63' lang='lat' dir='ltr'><strong>manuscripto.</strong></span> <span class='ocrx_word' id='word_1_290' title='bbox 1051 2505 1143 2561; x_wconf 84' lang='lat' dir='ltr'><strong>Age</strong></span> <span class='ocrx_word' id='word_1_291' title='bbox 1187 2506 1274 2547; x_wconf 88' lang='lat' dir='ltr'><strong>iam</strong></span> <span class='ocrx_word' id='word_1_292' title='bbox 1308 2503 1516 2560; x_wconf 89' lang='lat' dir='ltr'><strong>quaedam</strong></span> <span class='ocrx_word' id='word_1_293' title='bbox 1549 2517 1697 2546; x_wconf 88' lang='lat' dir='ltr'><strong>eorum</strong></span> 
     </span>
     <span class='ocr_line' id='line_1_38' title="bbox 43 2575 1700 2633; baseline -0.003 -11"><span class='ocrx_word' id='word_1_294' title='bbox 43 2612 45 2614; x_wconf 77' lang='lat'><em>-</em></span> <span class='ocrx_word' id='word_1_295' title='bbox 100 2576 244 2622; x_wconf 83' lang='lat' dir='ltr'><strong>eluere</strong></span> <span class='ocrx_word' id='word_1_296' title='bbox 285 2591 487 2620; x_wconf 88' lang='lat' dir='ltr'><strong>conemur</strong></span> <span class='ocrx_word' id='word_1_297' title='bbox 508 2575 552 2631; x_wconf 90' lang='lat'><strong>¹).</strong></span> <span class='ocrx_word' id='word_1_298' title='bbox 598 2575 753 2619; x_wconf 82' lang='lat' dir='ltr'><strong>Simul&#39;</strong></span> <span class='ocrx_word' id='word_1_299' title='bbox 781 2577 851 2619; x_wconf 90' lang='lat' dir='ltr'><strong>hic</strong></span> <span class='ocrx_word' id='word_1_300' title='bbox 892 2575 982 2619; x_wconf 91' lang='lat' dir='ltr'><strong>illic</strong></span> <span class='ocrx_word' id='word_1_301' title='bbox 1024 2577 1161 2633; x_wconf 90' lang='lat' dir='ltr'><strong>ipsius</strong></span> <span class='ocrx_word' id='word_1_302' title='bbox 1203 2577 1422 2632; x_wconf 89' lang='lat' dir='ltr'><strong>scriptoris</strong></span> <span class='ocrx_word' id='word_1_303' title='bbox 1454 2575 1700 2618; x_wconf 88' lang='lat' dir='ltr'><strong>notabimus</strong></span> 
     </span>
     <span class='ocr_line' id='line_1_39' title="bbox 34 2649 694 2708; baseline -0.003 -16"><span class='ocrx_word' id='word_1_304' title='bbox 34 2685 41 2692; x_wconf 74' lang='lat'><strong>.</strong></span> <span class='ocrx_word' id='word_1_305' title='bbox 98 2649 384 2708; x_wconf 64' lang='lat' dir='ltr'><strong>,proprietates</strong></span> <span class='ocrx_word' id='word_1_306' title='bbox 414 2649 694 2705; x_wconf 88' lang='lat' dir='ltr'><strong>ineptiasque.</strong></span> 
     </span>
    </p>
   </div>
   <div class='ocr_carea' id='block_1_4' title="bbox 45 1584 60 1628">
    <p class='ocr_par' dir='ltr' id='par_1_8' title="bbox 45 1584 60 1628">
     <span class='ocr_line' id='line_1_40' title="bbox 45 1584 60 1628; textangle 90"><span class='ocrx_word' id='word_1_307' title='bbox 45 1584 60 1628; x_wconf 68' lang='grc'><strong>4.-“</strong></span> 
     </span>
    </p>
   </div>
   <div class='ocr_carea' id='block_1_5' title="bbox 104 2742 366 2750">
    <p class='ocr_par' dir='ltr' id='par_1_9' title="bbox 104 2742 366 2750">
     <span class='ocr_line' id='line_1_41' title="bbox 104 2742 366 2750; baseline 0 622"><span class='ocrx_word' id='word_1_308' title='bbox 104 2742 366 2750; x_wconf 95' lang='lat' dir='ltr'><strong> </strong></span> 
     </span>
    </p>
   </div>
   <div class='ocr_carea' id='block_1_6' title="bbox 34 2791 1704 2997">
    <p class='ocr_par' dir='ltr' id='par_1_10' title="bbox 27 2791 1704 2997">
     <span class='ocr_line' id='line_1_42' title="bbox 106 2791 1703 2837; baseline -0.003 -10"><span class='ocrx_word' id='word_1_309' title='bbox 106 2832 110 2835; x_wconf 44' lang='grc'><strong>,</strong></span> <span class='ocrx_word' id='word_1_310' title='bbox 149 2794 185 2837; x_wconf 91' lang='lat'><strong>1)</strong></span> <span class='ocrx_word' id='word_1_311' title='bbox 210 2793 402 2836; x_wconf 69' lang='lat' dir='ltr'><strong>Prin-quam</strong></span> <span class='ocrx_word' id='word_1_312' title='bbox 425 2792 597 2836; x_wconf 80' lang='lat' dir='ltr'><strong>quidquam</strong></span> <span class='ocrx_word' id='word_1_313' title='bbox 622 2792 655 2824; x_wconf 89' lang='lat' dir='ltr'><strong>in</strong></span> <span class='ocrx_word' id='word_1_314' title='bbox 681 2792 854 2824; x_wconf 72' lang='lat' dir='ltr'><strong>Moralibue</strong></span> <span class='ocrx_word' id='word_1_315' title='bbox 877 2792 1043 2824; x_wconf 85' lang='lat' dir='ltr'><strong>emendare</strong></span> <span class='ocrx_word' id='word_1_316' title='bbox 1067 2802 1172 2830; x_wconf 81' lang='lat' dir='ltr'><strong>coner,</strong></span> <span class='ocrx_word' id='word_1_317' title='bbox 1194 2791 1333 2824; x_wconf 86' lang='lat' dir='ltr'><strong>indicare</strong></span> <span class='ocrx_word' id='word_1_318' title='bbox 1355 2791 1425 2823; x_wconf 85' lang='lat' dir='ltr'><strong>volo</strong></span> <span class='ocrx_word' id='word_1_319' title='bbox 1446 2801 1592 2824; x_wconf 86' lang='lat' dir='ltr'><strong>errorem</strong></span> <span class='ocrx_word' id='word_1_320' title='bbox 1614 2802 1632 2824; x_wconf 84' lang='lat' dir='ltr'><strong>a</strong></span> <span class='ocrx_word' id='word_1_321' title='bbox 1654 2802 1703 2823; x_wconf 89' lang='lat' dir='ltr'><strong>me</strong></span> 
     </span>
     <span class='ocr_line' id='line_1_43' title="bbox 38 2846 1704 2894; baseline -0.004 -11"><span class='ocrx_word' id='word_1_322' title='bbox 38 2875 44 2894; x_wconf 63' lang='lat'><em>3</em></span> <span class='ocrx_word' id='word_1_323' title='bbox 103 2849 140 2884; x_wconf 80' lang='lat' dir='ltr'><strong>in</strong></span> <span class='ocrx_word' id='word_1_324' title='bbox 167 2849 250 2882; x_wconf 72' lang='lat' dir='ltr'><strong>Vitis</strong></span> <span class='ocrx_word' id='word_1_325' title='bbox 273 2848 485 2881; x_wconf 70' lang='lat' dir='ltr'><strong>commissum.</strong></span> <span class='ocrx_word' id='word_1_326' title='bbox 516 2847 644 2882; x_wconf 77' lang='lat' dir='ltr'><strong>Fesellit</strong></span> <span class='ocrx_word' id='word_1_327' title='bbox 667 2847 773 2879; x_wconf 83' lang='lat' dir='ltr'><strong>oculos</strong></span> <span class='ocrx_word' id='word_1_328' title='bbox 797 2857 881 2879; x_wconf 81' lang='lat' dir='ltr'><strong>meos</strong></span> <span class='ocrx_word' id='word_1_329' title='bbox 904 2846 1009 2879; x_wconf 82' lang='lat' dir='ltr'><strong>brevis</strong></span> <span class='ocrx_word' id='word_1_330' title='bbox 1034 2846 1151 2879; x_wconf 80' lang='lat' dir='ltr'><strong>Naberi</strong></span> <span class='ocrx_word' id='word_1_331' title='bbox 1176 2846 1340 2879; x_wconf 83' lang='lat' dir='ltr'><strong>annotatio</strong></span> <span class='ocrx_word' id='word_1_332' title='bbox 1364 2847 1402 2878; x_wconf 78' lang='lat' dir='ltr'><strong>ml</strong></span> <span class='ocrx_word' id='word_1_333' title='bbox 1427 2848 1537 2878; x_wconf 78' lang='lat' dir='ltr'><strong>Artax.</strong></span> <span class='ocrx_word' id='word_1_334' title='bbox 1561 2847 1613 2884; x_wconf 70' lang='lat'><strong>24,</strong></span> <span class='ocrx_word' id='word_1_335' title='bbox 1641 2858 1704 2889; x_wconf 84' lang='lat' dir='ltr'><strong>quo</strong></span> 
     </span>
     <span class='ocr_line' id='line_1_44' title="bbox 34 2901 1704 2946; baseline -0.002 -9.013"><span class='ocrx_word' id='word_1_336' title='bbox 34 2939 38 2942; x_wconf 68' lang='grc'><em>,</em></span> <span class='ocrx_word' id='word_1_337' title='bbox 102 2905 224 2938; x_wconf 63' lang='lat' dir='ltr'><strong>netum</strong></span> <span class='ocrx_word' id='word_1_338' title='bbox 246 2909 293 2936; x_wconf 77' lang='lat' dir='ltr'><strong>est</strong></span> <span class='ocrx_word' id='word_1_339' title='bbox 318 2905 353 2936; x_wconf 71' lang='lat' dir='ltr'><strong>ut</strong></span> <span class='ocrx_word' id='word_1_340' title='bbox 378 2903 530 2936; x_wconf 74' lang='lat' dir='ltr'><strong>nescirem</strong></span> <span class='ocrx_word' id='word_1_341' title='bbox 556 2902 658 2935; x_wconf 82' lang='lat' dir='ltr'><strong>multo</strong></span> <span class='ocrx_word' id='word_1_342' title='bbox 682 2905 754 2934; x_wconf 65' lang='lat' dir='ltr'><strong>ante</strong></span> <span class='ocrx_word' id='word_1_343' title='bbox 779 2913 828 2934; x_wconf 90' lang='lat' dir='ltr'><strong>me</strong></span> <span class='ocrx_word' id='word_1_344' title='bbox 851 2903 1026 2946; x_wconf 79' lang='lat' dir='ltr'><strong>reposuisse</strong></span> <span class='ocrx_word' id='word_1_345' title='bbox 1044 2903 1136 2935; x_wconf 81' lang='lat' dir='ltr'><strong>illum</strong></span> <span class='ocrx_word' id='word_1_346' title='bbox 1159 2901 1289 2943; x_wconf 77' lang='grc' dir='ltr'><strong><em>φθάνειν</em></strong></span> <span class='ocrx_word' id='word_1_347' title='bbox 1310 2901 1484 2940; x_wconf 68' lang='grc' dir='ltr'><strong><em>ἀλλήλους</em></strong></span> <span class='ocrx_word' id='word_1_348' title='bbox 1503 2913 1561 2945; x_wconf 85' lang='lat' dir='ltr'><strong>pro</strong></span> <span class='ocrx_word' id='word_1_349' title='bbox 1579 2901 1704 2943; x_wconf 74' lang='grc' dir='ltr'><strong><em>φθονεῖν</em></strong></span> 
     </span>
     <span class='ocr_line' id='line_1_45' title="bbox 109 2957 285 2997; baseline -0.017 -4"><span class='ocrx_word' id='word_1_350' title='bbox 109 2957 285 2997; x_wconf 67' lang='grc' dir='ltr'><strong><em>ἀλλήλοις.</em></strong></span> 
     </span>
    </p>
   </div>
  </div>
 </body>
</html>
