2002 3372
1123 265 1211 308 480

381 401 461 445 ego
502 389 553 430 ab
598 387 846 430 auditoribus
893 390 990 442 peto
1036 391 1086 429 ut
1132 388 1329 432 benevole
1370 393 1540 433 vetusta
1579 391 1664 434 ista
1699 391 1957 448 accijiafltl'

440 459 498 500 At
538 459 651 500 enim
693 459 767 514 qui
797 458 939 514 potuit
968 472 1086 501 senem
1117 460 1285 502 tantum
1317 474 1422 516 opus
1454 460 1574 504 brevi
1605 460 1957 507 absolvewnem-

379 527 505 584 pore?
547 529 735 585 Magnus
774 532 852 580 est,
895 528 1088 580 concedo,
1130 531 1319 573 vitarum
1361 544 1578 584 numerus,
1617 531 1958 588 quas2jins1libros

378 600 468 655 ipse
501 599 677 655 digessit
708 598 978 642 Plutarchus.
1010 599 1122 642 Sunt
1153 602 1268 644 vitae
1299 601 1371 653 46,
1401 600 1502 644 libri
1532 606 1678 647 autem
1707 603 1851 648 m‘fius
1881 602 1957 654 23,

380 669 587 726 siquidem
627 684 709 712 non
750 683 895 712 omnes
937 668 1195 714 Graecorum
1237 673 1352 715 vitae
1384 686 1506 715 suam
1537 673 1620 716 sibi
1649 673 1956 731 -habentqprae-

379 741 595 783 sationem.
634 740 784 782 Libros
814 745 957 783 autem
989 740 1090 784 illos
1121 742 1290 785 biennio
1323 743 1408 785 fere
1440 757 1528 786 esse
1559 745 1824 846 conscriptos
1840 744 1956 789 haud

379 815 536 853 temere
567 811 818 854 coniicimus
849 811 1060 867 siquidem
1783 829 1786 832 ⁴

441 881 463 922 1
509 881 551 923 et
577 880 686 924 liber
713 881 739 923 5
766 881 1091 934 (Demosthenes
1118 887 1161 926 et
1187 882 1350 937 Cicero)
1376 883 1419 926 et
1445 884 1565 928 1.12
1588 884 1689 938 (Dio
1709 889 1775 929 et
1781 850 1958 941 Brutus)

379 954 421 994 et
460 951 570 994 liber
611 951 791 995 ultimus
823 952 1027 1005 (Theseus
1059 957 1101 996 et
1132 953 1358 1008 Romulus)
1388 953 1569 998 dedicati
1603 959 1704 1000 sunt
1733 957 1830 1000 uni
1828 956 1958 1001 80110

377 1022 610 1073 Senecioni,
641 1024 714 1078 qui
746 1027 789 1065 et
820 1022 914 1066 aliis
946 1025 1069 1066 annis
1101 1028 1144 1066 et
1174 1037 1212 1066 a.
1249 1023 1333 1068 107
1366 1024 1514 1068 consul
1545 1026 1647 1069 fuit.-

439 1092 466 1135 2
507 1093 624 1135 Perit
650 1086 790 1136 omnis
817 1099 1017 1137 venustas
1041 1094 1162 1137 illius
1190 1097 1531 1151 comparationis,
1560 1109 1684 1153 aqua
1698 1096 1957 1142 vitass'hesei

377 1164 540 1219 incipit,
572 1164 655 1206 nisi
687 1167 827 1207 totum
859 1179 965 1221 opus
995 1179 1080 1208 uno
1113 1166 1233 1221 quasi
1265 1169 1404 1209 tractu
1434 1168 1479 1209 in
1509 1166 1649 1210 lucem
1677 1167 1857 1224 prodiit»

438 1233 464 1276 3
508 1234 642 1276 Moris
673 1248 783 1277 nunc
814 1239 877 1278 est
910 1239 1180 1279 contemnere
1211 1240 1254 1279 et
1285 1250 1479 1292 spernere
1511 1239 1957 1296 argumentumquod

380 1318 431 1356 „e
471 1304 667 1347 silentio’'
702 1305 868 1349 dicitur.
911 1307 969 1349 At
998 1320 1320 1363 nonnumquam
1349 1307 1427 1352 illo
1457 1307 1624 1352 firmius
1652 1312 1958 1367 argumentum

378 1389 429 1419 ne
470 1375 574 1433 fingi
615 1377 788 1432 quidem
828 1382 982 1433 potest.
1026 1377 1153 1420 Velut
1185 1378 1268 1428 hic,
1302 1391 1430 1434 quem
1461 1379 1842 1426 absurdum-fieret*
1860 1384 1958 1437 post

377 1447 540 1504 aliquas
583 1449 692 1490 vitas
733 1448 866 1490 editas
906 1447 1016 1490 illud
1058 1462 1163 1505 opus
1203 1450 1453 1506 abrumpere
1494 1455 1620 1507 etque
1660 1451 1958 1508 postnmultos

378 1532 507 1561 annos
548 1520 797 1571 instaurare,
841 1520 1059 1563 neverbo
1101 1519 1273 1576 quidem
1314 1519 1547 1565 lectoribus¹
1568 1523 1769 1566 *monitis-
1793 1534 1869 1566 our
1889 1524 1958 1566 sita

377 1590 530 1644 egeris,
570 1589 705 1632 immo
750 1602 849 1631 vero
890 1603 1016 1632 omne
1054 1590 1170 1633 istud
1212 1589 1552 1637 dissimulantem
1586 1592 1957 1637 scribendi-‹inter-

379 1657 567 1702 vallum!
1096 1674 1098 1676 ¹
1679 1697 1701 1712 .‚
1801 1699 1804 1712 ἰ
1854 1696 1856 1698 .

436 1729 527 1772 Iam
575 1744 656 1786 quo
698 1730 844 1773 ordine
885 1730 950 1773 illi
992 1730 1091 1774 libri
1132 1733 1279 1788 scripti
1318 1734 1404 1775 sint
1443 1734 1602 1789 partim
1642 1734 1753 1777 iam»
1771 1736 1954 1785 constat,

376 1802 533 1855 partim
573 1799 700 1856 paulo
742 1802 868 1843 etiam
915 1803 1151 1844 accuratius
1193 1816 1321 1858 quam
1362 1802 1498 1860 vulgo
1527 1802 1577 1846 fit
1607 1803 1955 1859 potsstzdofiniri.

377 1869 553 1914 Constat
577 1885 678 1928 ergo
703 1872 814 1913 inter
841 1885 1011 1914 omnes:
1039 1873 1228 1915 vitarum
1245 1877 1586 1929 compar-starum
1599 1873 1764 1916 ultimae
1774 1875 1956 1930 scriptas

377 1955 466 1984 esse
491 1940 655 1994 Thesei,
684 1941 952 1998 Romulique,
979 1943 1160 1998 quintum
1185 1943 1316 1986 fuisse
1343 1943 1504 1986 librum
1532 1945 1607 2000 qui
1628 1943 1956 1988 Demosthenem

377 2015 419 2054 et
449 2010 710 2064 Ciceronem,
741 2012 929 2054 decimum
961 2014 1035 2069 qui
1065 2012 1274 2056 Periclem
1300 2017 1343 2056 et
1368 2013 1857 2066 Fabium,de
1883 2015 1957 2070 qui

377 2082 555 2124 Dionem
583 2086 625 2124 et
652 2082 838 2125 Brutum
863 2084 1106 2126 contineret.
1135 2084 1276 2140 Atque
1296 2084 1364 2126 his
1380 2083 1478 2127 addi
1493 2084 1955 2142 possuntotinmhaeo:

414 2151 541 2194 vliber
587 2154 662 2208 qui
707 2153 929 2208 Lyeurqum
975 2158 1018 2196 et
1058 2154 1226 2196 Numam
1270 2153 1523 2198 continebat·
1552 2154 1956 2209 ultimorumvnuus

375 2223 505 2265 fuisse
537 2222 730 2266 videtur:
763 2223 865 2280 quid
897 2225 1012 2266 enim
1037 2226 1189 2267 attinet
1213 2225 1259 2266 iu
1283 2225 1539 2280 praefatione
1568 2224 1713 2268 ultimi
1737 2223 1956 2279 (1111108008-

375 2292 602 2345 Romulus)
632 2294 691 2337 sic
722 2295 928 2337 scribere:
964 2296 1193 2350 „quoniam
1220 2294 1408 2339 Numam
1433 2297 1597 2352 scripsi,
1623 2295 1956 2347 addatur-etiam

375 2364 628 2415 Romulus'',
656 2366 692 2407 si
717 2366 802 2407 iam
831 2369 926 2422 post
953 2364 1140 2408 Numam
1167 2365 1322 2421 aliquot
1346 2363 1955 2423 vitarumflibrifflmdierunt‘l

374 2434 468 2478 Non
509 2439 650 2477 tamen
687 2439 751 2478 est
783 2435 1083 2491 paenultimus
1102 2435 1210 2478 liber
1238 2435 1645 2493 LycurgusoNuma,
1670 2437 1956 2480 secuti-enim

375 2508 475 2547 sunt
504 2504 1094 2562 Agis—Cleomenes÷Graechi,
1133 2506 1184 2549 cf.
1219 2504 1502 2550 mecm-XII:
1537 2511 1671 2564 „quae
1702 2508 1760 2551 sit
1790 2506 1955 2551 utilitas

374 2577 686 2618 exercitationis
711 2575 844 2628 illius,
872 2590 955 2632 qua
981 2578 1104 2632 pueri
1125 2576 1293 2619 discunt
1309 2582 1507 2633 paratum
1522 2577 1676 2621 habene
1691 2591 1954 2634 responsum,

373 2645 535 2702 legitur
577 2647 622 2688 in
665 2648 756 2689 vita
797 2647 1017 2703 Lyeurqi’u
1065 2649 1200 2691 secuti
1242 2649 1372 2691 etiam
1415 2648 1856 2703 &asilaus-Pompeius
1893 2651 1954 2702 (v.

376 2717 504 2772 Ages.
538 2718 588 2758 4:
634 2716 683 2759 de
725 2717 981 2773 ephororum
1023 2719 1065 2760 in
1109 2717 1327 2775 republica
1358 2720 1549 2774 potentia
1579 2719 1785 2775 seriptum
1817 2721 1881 2762 est
1909 2720 1954 2761 in

378 2788 471 2830 vita
501 2787 708 2842 Lycuryi).
1513 2822 1517 2826 .
1815 2807 1817 2809 ·

435 2857 879 2900 Demetrius-Antonius
926 2859 1074 2914 scripti
1118 2861 1218 2900 sunt
1265 2862 1362 2915 post
1410 2858 1578 2901 librum.
1608 2857 1697 2902 XII
1736 2857 1955 2913 (Dionem-

376 2927 577 2980 Brutum)
609 2942 648 2970 v.
681 2929 779 2971 Aut.
817 2927 871 2970 69
904 2929 978 2971 ubi
1009 2928 1199 2985 legentes
1232 2929 1478 2986 relegantur
1507 2929 1560 2972 ad
1591 2928 1713 2972 Brut.
1746 2929 1818 2972 504

437 2997 556 3039 Vitae
591 2998 783 3039 Demetrii
813 3002 856 3041 et
888 2999 1068 3050 Antonii,
1101 2999 1391 3055 exemplorum
1423 2998 1599 3042 illorum
1633 2998 1952 3042 deterrentium·
