2002 3372
884 276 971 320 389

132 404 245 450 utile
263 403 478 462 praedicat
502 401 666 457 (nvn
692 415 755 459 pr.
777 400 862 454 10).
896 400 1005 453 Quid
1032 400 1144 458 quod
1166 401 1249 443 cibi
1266 403 1475 457 potusque
1492 403 1550 457 (p.
1572 398 1727 454 746132)

132 480 355 534 patronam
397 475 499 518 facit
537 472 760 517 Thaliam:
794 462 896 516 haec
928 473 1043 515 enim
1076 476 1145 526 (ut
1176 473 1456 516 disertissima
1487 473 1623 529 ipsius
1657 486 1727 515 ve-

131 548 467 604 hastisstmsque
505 545 678 589 afferam
719 544 870 596 verba)
915 545 1186 594 κοινωνητικὸν
1228 549 1336 587 ποιεῖ
1375 544 1444 587 καὶ
1479 545 1728 595 συμποτικὸν

133 617 481 672 &da-adpetat:
512 615 582 661 καὶ
619 614 838 668 θηριώδους.

136 688 384 748 «τ’Βὶςέὼεν
405 702 507 733 vero
536 690 642 732 istos
673 689 902 743 tristesque
932 686 1099 730 Stoicos
1126 687 1236 730 ferre
1262 702 1344 730 non
1372 691 1482 744 post,
1506 701 1589 730 non
1617 686 1730 744 quod

133 770 281 806 eorum
322 759 480 818 placita
520 762 743 803 aversetur
783 760 845 812 (in
885 759 1011 802 rebus
1053 759 1323 816 gravissimis
1362 760 1475 802 inter
1507 758 1655 802 Stoam
1686 761 1729 801 et

131 833 408 878 Academiam
455 844 580 888 saepe
626 844 813 888 magnus
860 834 925 872 est
972 833 1218 884 consensus)
1265 830 1339 873 sed
1383 829 1496 887 quod
1535 831 1620 887 ipsi
1660 828 1730 873 vel

131 905 502 949 maxtimsxzsevera
533 915 611 945 sua
644 905 880 958 praecepta,
913 900 1175 958 simulatque
1206 900 1354 944 lucelli
1385 901 1548 959 aliquid
1580 901 1730 958 volup-

134 977 287 1020 tatisve
328 973 580 1025 ostenditur,
623 975 754 1016 missa
792 974 960 1024 iaciant,
994 972 1104 1029 quod
1138 973 1394 1030 sapientiam
1426 987 1564 1026 suam,
1597 974 1730 1016 etiam

133 1047 208 1090 ubi
239 1046 419 1090 minime
451 1058 558 1101 opus
584 1047 662 1097 est,
691 1044 936 1096 obtrudant,
963 1043 1144 1100 denique
1171 1043 1282 1100 quod
1309 1058 1479 1101 semper
1504 1049 1547 1087 et
1570 1044 1730 1100 ubique

130 1117 430 1164 molestissimi
469 1117 557 1159 sint
598 1116 794 1159 homines
836 1115 909 1159 sed
946 1117 1174 1172 praecipue
1207 1116 1531 1167 „comissatores
1554 1113 1584 1168 ¹)
1616 1114 1731 1158 haud

131 1204 232 1236 sane
271 1187 528 1234 oommodi”.
572 1185 826 1245 Cognoscite
869 1201 981 1230 nunc
1024 1201 1047 1230 e
1091 1186 1324 1230 Plutarcho
1366 1186 1434 1240 (Q.
1479 1185 1526 1231 O.
1559 1185 1652 1238 VII,
1686 1185 1731 1239 ’7)

132 1260 273 1307 illum
300 1259 595 1312 βαθυπώγωνα
638 1259 838 1312 σοφιστὴν
870 1259 954 1302 ἀπὸ
987 1263 1063 1308 τῆς
1097 1260 1248 1310 Στοᾶς,
1281 1257 1395 1301 idem
1429 1257 1654 1301 Plutarchi
1688 1261 1731 1300 et

133 1332 312 1379 hueiani
341 1331 563 1385 (momina
594 1345 702 1387 quae
734 1333 935 1387 stupeant
966 1329 1077 1386 quod
1109 1328 1422 1387 deprendantur
1445 1327 1654 1382 ibidem'')
1681 1327 1732 1371 de

132 1405 188 1449 iis
211 1403 370 1449 tuisse*
401 1401 614 1446 iudicium
653 1401 872 1454 videbitis,
905 1415 1040 1458 neque
1072 1402 1160 1444 iam
1192 1400 1446 1444 dubitabitis
1479 1401 1555 1456 qui
1584 1413 1731 1443 veram

132 1484 284 1521 eorum
314 1474 557 1532 depinxerit
587 1475 825 1532 imaginem
857 1477 1052 1530 uterque.

148 1556 150 1584 ἰ
175 1546 315 1601 Quod
347 1549 492 1591 autem
523 1545 578 1590 ad
602 1544 918 1603 philosophiam
947 1547 1116 1596 attinet,
1144 1545 1414 1601 ipsissimum
1441 1543 1608 1588 habetis
1633 1542 1733 1585 Plu-

129 1618 331 1665 *tarohum
364 1633 406 1676 p.
436 1616 591 1669 6501),
624 1617 698 1660 ubi
730 1616 913 1670 Sullam,
950 1631 1078 1674 quem
1110 1617 1292 1660 maximi
1323 1617 1460 1660 facere
1492 1615 1614 1667 solet,
1642 1619 1733 1672 ety-

133 1689 329 1749 mologia
367 1694 518 1747 (eaque
559 1688 793 1733 admodum
823 1689 1021 1742 absurda)
1053 1692 1248 1732 utentem
1281 1688 1448 1731 inducit
1480 1687 1532 1730 ad
1564 1686 1733 1730 demon-

132 1762 359 1807 strandum
388 1775 518 1820 quare
549 1775 668 1805 senes
701 1765 790 1804 tam
822 1760 945 1805 facile
977 1761 1256 1804 inebrientur.

128 1860 133 1886 5
181 1833 307 1879 Nam
348 1834 425 1878 vix
466 1832 702 1890 quidquam
746 1832 981 1876 Plutarcho
1022 1833 1164 1890 magis
1201 1831 1287 1874 fuit
1317 1844 1571 1888 persuasum
1603 1844 1729 1887 quam

133 1906 268 1953 verbs*
302 1916 404 1950 cum
435 1905 562 1949 rebus
593 1904 727 1948 simul
758 1908 858 1950 nata
890 1908 1019 1962 atque
1052 1918 1199 1948 rerum
1230 1902 1503 1961 singularum
1534 1906 1734 1946 naturam

133 1990 295 2026 aarum*
320 1977 583 2029 nominibus·⁸
609 1975 744 2033 prodi.
788 1975 888 2019 Ideo
925 1975 1071 2019 nullus
1104 1977 1196 2018 eius
1228 1974 1336 2018 liber
1367 1973 1733 2032 etymologiarum

133 2049 221 2092 fuit
248 2047 416 2106 plenior
446 2061 575 2105 quam
609 2046 683 2090 ille
716 2049 764 2090 de
790 2048 938 2099 anima,
966 2049 1090 2090 cuius
1115 2047 1410 2104 fragmentum
1436 2045 1734 2090 tantummodo

132 2133 355 2178 superesse
395 2124 461 2165 est
501 2133 578 2163 cur
620 2133 892 2176 summopere
935 2118 1180 2163 doleamus:
1224 2118 1294 2162 hic
1325 2119 1441 2162 enim
1474 2117 1734 2161 Plutarchus

134 2191 206 2238 vel
245 2193 435 2236 maxime
475 2205 570 2235 eam
612 2190 908 2248 philosophiae
951 2204 1051 2234 suae
1082 2194 1250 2248 partem
1283 2191 1481 2247 proponit
1512 2203 1620 2246 quae
1651 2190 1735 2245 ipsi

135 2265 227 2310 visa
257 2268 324 2308 est
352 2263 634 2308 sanctissima.
669 2264 810 2320 Atque
842 2262 1068 2306 Platonem
1102 2262 1244 2306 nescio
1276 2275 1329 2305 an
1361 2260 1528 2304 nullam
1561 2262 1614 2304 ob
1640 2274 1735 2304 cau-

131 2346 227 2380 eam
267 2333 506 2379 admiretur
545 2334 688 2391 magis
730 2347 858 2391 quam
893 2333 1005 2391 quod
1037 2332 1174 2388 ἴχνεσι
1207 2337 1291 2380 τοῖς
1326 2331 1497 2385 ὀνόμασι
1531 2336 1608 2375 τῶν
1640 2333 1734 2377 θεῶν

128 2405 384 2460 ,ἀνευρίσκειν
407 2404 544 2450 ohne
577 2407 651 2455 τὴν
685 2404 1080 2459 aavausvwwss).

178 2477 252 2522 -Et
293 2489 372 2521 suo
411 2478 506 2521 iure
548 2476 774 2521 Platonem
817 2481 994 2521 exornat
1036 2475 1260 2520 laudibus:
1293 2476 1408 2519 hunc
1440 2476 1557 2518 enim
1591 2477 1733 2518 totum

133 2553 252 2594 tenet
291 2549 517 2592 memoria.
560 2546 695 2592 Cuius
736 2550 799 2592 rei
843 2548 1177 2592 disertissimum
1220 2547 1298 2591 hoc
1341 2552 1405 2590 est
1436 2548 1733 2590 ‘testimonium

135 2620 263 2678 quod
285 2618 393 2674 (718
406 2618 475 2672 G),
521 2621 789 2677 arrogantiae
831 2622 991 2664 crimen
1035 2635 1120 2663 non
1163 2621 1344 2671 veritus,
1385 2634 1577 2675 nusquam
1621 2618 1734 2675 apud

135 2691 362 2737 Platonem
402 2690 492 2748 legi
534 2691 717 2735 affirmat
757 2691 868 2735 illud
900 2692 918 2734 ο·
953 2690 1038 2739 θεὸς
1071 2691 1136 2734 ἀεὶ
1170 2696 1413 2744 ysaaci-pff,
1447 2691 1645 2747 quamvis
1677 2691 1734 2733 sit

135 2764 231 2820 ipsa
250 2763 470 2810 :sententia
504 2776 633 2819 quam
665 2764 853 2806 maxime
887 2762 1121 2806 Platonica.

197 2833 292 2877 Hoc
317 2839 382 2877 est
408 2848 484 2877 cur
510 2848 645 2891 neque
671 2849 745 2879 nos
771 2836 965 2892 graviter
990 2835 1179 2878 feramus
1205 2847 1341 2890 neque
1367 2833 1560 2890 graviter
1581 2831 1734 2876 tulisse

181 3009 215 3050 1)
237 3007 312 3041 Sine
336 3007 415 3041 vitio
440 3007 573 3040 metrico
597 3007 828 3052 lepidissimum
855 3018 979 3041 versum
1005 3006 1232 3040 Terentianum
1258 3007 1408 3050 adaptare
1432 3004 1506 3038 hnic
1525 3004 1733 3050 disputationi

138 3073 202 3097 non
224 3062 328 3106 potui.
683 3070 685 3075 ¹
