2002 3372
1907 0 2002 163 Ἐκ

1147 211 1203 256 68

451 344 734 389 Θεμιστοκλῆς
777 337 810 378 δ’
843 335 960 378 εἰπὼν
1002 335 1050 380 ὥς
1094 335 1165 377 οὐκ
1209 335 1257 389 ἐᾷ
1290 334 1648 377 καθεύδειν-αὑτὸν
1681 333 1779 376 ἀλλ’
1811 333 1856 377 h
1887 336 1963 375 τῶν

391 408 519 451 ὕπνων
563 410 745 455 ἀνίστησι
791 407 835 448 τὸ
879 404 1110 447 Μιλτιάδου
1153 405 1353 457 τρόπαιον,
1396 406 1465 446 οὐκ
1508 405 1677 446 ἐπαινῶν
1719 403 1836 454 μόνον
1877 402 1963 446 οὐδὲ

390 479 604 533 θαυμάζων
637 478 882 528 καταφανὴς
917 473 960 524 ἦν
993 475 1107 523 εὐθὺς
1139 475 1254 518 ἀλλὰ
1287 476 1354 518 καὶ
1388 474 1513 527 ζηλῶν
1547 475 1614 516 κα)
1646 474 1908 525 μιμούμενος.

448 550 542 593 Non
588 553 686 592 sunt
724 547 907 604 profecto
948 547 1123 591 obscura
1164 546 1266 589 haec
1307 551 1348 588 et
1391 550 1531 589 tamen
1573 559 1739 603 semper
1779 559 1858 603 ego
1879 545 1959 589 ,hic

385 621 621 664 haerebam,
670 619 750 661 Sed
796 632 871 660 cur
916 618 1144 660 haesissem
1191 617 1500 674 antiquioribus
1546 616 1721 660 demum
1759 617 1961 674 inspectis

386 691 641 734 editionibus
671 688 875 739 intellexi,
907 690 951 730 in
978 688 1132 744 quibus
1156 687 1255 730 inde
1281 702 1304 730 a
1331 687 1520 740 τρόπαιον
1546 688 1605 730 sic
1631 690 1732 730 sunt
1757 686 1959 744 disposita

386 762 535 804 verba:
579 762 648 803 οὐκ
691 761 858 801 ἐπαινῶν
902 759 1031 810 μόνον,
1076 759 1171 814 οὐδὲΙ
1206 757 1435 810 θαυμάζων,
1476 758 1591 801 ἀλλὰ
1625 757 1693 800 καὶ
1726 757 1854 811 ζηλῶν
1886 757 1956 802 καὶ

385 833 631 882 μιμούμενος
676 830 787 876 εὐθὺς
831 827 875 878 ἦν
917 830 1179 881 καταφανής.
1224 829 1338 882 Quae
1369 843 1444 872 cur
1475 828 1790 872 conturbaverit
1820 827 1957 872 editor

386 901 570 946 Graecus
600 903 704 944 scire
735 899 953 958 pervelim.
987 899 1114 942 Hunc
1147 901 1259 942 enim
1292 900 1371 942 sibi
1401 899 1543 942 locum
1571 898 1819 943 adverbium
1844 898 1958 947 εὐθύς

384 972 561 1029 flagitat
581 973 656 1014 ubi
689 970 819 1014 simul
850 985 948 1029 cum
982 970 1109 1023 ζηλῶν
1143 970 1209 1011 καὶ
1244 971 1490 1020 μιμούμενος
1516 973 1560 1012 et
1584 983 1684 1012 cum
1709 969 1957 1019 καταφανὴς

385 1042 428 1091 ἦν
460 1044 584 1099 iungi
615 1043 771 1098 possit:
807 1040 968 1092 „statim
1000 1040 1302 1083 documentum
1330 1039 1446 1082 dedit
1471 1054 1516 1083 se
1539 1040 1703 1083 imitari
1727 1038 1868 1083 velle”
1895 1042 1957 1082 et:

385 1114 499 1163 „iam
531 1118 638 1164 tum,
682 1125 779 1154 cum
811 1111 912 1153 haec
944 1110 1121 1160 dicebat,
1153 1111 1315 1153 imitari
1347 1109 1656 1166 quodammodo
1685 1108 1956 1166 incipiebat&

443 1183 498 1226 85
519 1181 551 1226 O
592 1182 829 1225 Alexander
853 1180 962 1224 nihil
988 1182 1159 1238 optabat
1185 1182 1324 1237 magis
1350 1194 1476 1237 quam
1505 1185 1555 1223 ut
1579 1181 1624 1223 in
1644 1181 1778 1224 vitam
1802 1179 1958 1223 rediret

382 1254 608 1303 Homerus,
641 1254 714 1309 qui
746 1266 841 1295 suas
873 1266 939 1294 res
970 1255 1110 1308 gestas
1142 1255 1351 1294 cantaret:
1385 1251 1453 1304 νέῳ
1486 1252 1520 1294 δ’
1548 1250 1653 1302 ἀνδρὶ
1681 1249 1956 1302 βελτιουμένῳ

381 1324 426 1365 τὸ
459 1324 544 1373 ἦθος
578 1324 730 1370 οὐδενὸς
764 1323 853 1375 ἔρως
888 1322 1096 1373 ἐμφύεται
1128 1325 1291 1372 μᾶλλον
1324 1321 1345 1371 ἢ
1379 1326 1517 1369 καλοῖς
1549 1321 1745 1373 καγαθοῖς
1768 1320 1957 1373 ἀνδράσιν

382 1395 790 1446 ἐγκαλλωπίσασθαι.

441 1465 580 1509 Insere
613 1468 682 1506 τοῦ
717 1468 811 1521 post
843 1464 879 1513 ἤ.
910 1463 987 1505 Est
1019 1464 1132 1506 enim
1164 1462 1315 1509 οὐδενὸς
1349 1465 1511 1512 μᾶλλον
1544 1462 1565 1511 ἢ
1595 1465 1668 1504 τοῦ
1701 1462 1793 1513 syn.

442 1536 496 1579 85
515 1537 550 1578 Ε
597 1536 678 1589 Qui
709 1549 898 1591 unquam
931 1549 973 1577 se
1005 1534 1159 1576 divites
1189 1533 1356 1576 futuros
1387 1533 1608 1591 desperant
1637 1532 1764 1576 nihili
1792 1533 1954 1576 faciunt

379 1622 530 1663 parvas
577 1609 803 1663 impensas,
853 1605 976 1655 μηδὲν
1026 1604 1190 1655 οἰόμενοι
1238 1606 1414 1653 ποιήσειν
1462 1604 1578 1656 μέγα
1623 1604 1669 1646 τὸ
1705 1603 1834 1657 »μικρῷ
1877 1619 1953 1646 τινι

380 1677 696 1730 προστιθέμενον.

438 1748 611 1804 Optimo
636 1749 729 1790 iure
757 1747 954 1790 Reiskius
981 1747 1024 1788 τὸ
1054 1746 1205 1798 μακρὸν
1233 1746 1371 1796 μικρᾷ,
1398 1745 1499 1788 licet
1523 1748 1690 1801 spernat
1715 1744 1761 1787 id
1787 1758 1952 1800 quoque

378 1819 744 1876 wyttenbachius.
787 1819 923 1861 Nemo
956 1819 1068 1860 enim
1101 1821 1189 1859 tam
1219 1817 1374 1859 insanit
1407 1820 1454 1859 ut
1485 1816 1625 1860 credat
1654 1829 1744 1859 rem
1773 1829 1949 1872 parvam

376 1905 572 1946 nunquam
603 1890 693 1932 fieri
724 1902 926 1944 magnam
959 1888 1126 1930 etiamsi
1157 1886 1283 1928 addas
1314 1888 1353 1929 ei
1384 1900 1511 1942 quam
1543 1887 1788 1929 maximam.

435 1960 496 2002 De
529 1960 801 2016 sequentibus
832 1962 1021 2014 repetam
1052 1957 1121 2000 hic
1155 1971 1261 2013 quae
1293 1958 1441 2013 scripsi
1474 1957 1636 2000 Mnem.
1673 1955 1802 2007 1908,
1834 1954 1946 1998 216:

441 2030 547 2082 „sed
576 2045 659 2086 quo
687 2032 863 2086 quisque
889 2030 1063 2085 propius
1088 2028 1261 2071 accessit
1287 2027 1338 2070 ad
1365 2026 1625 2083 opulentiam
1643 2041 1691 2070 eo
1706 2026 1756 2070 fit
1771 2027 1946 2083 parcior.

379 2101 448 2144 Sic
480 2103 552 2157 qui
584 2102 666 2143 sibi
697 2115 747 2143 ne
779 2101 1059 2142 minimorum
1090 2098 1260 2155 quidem
1290 2102 1560 2154 peccatorum
1593 2099 1760 2141 veniam
1779 2096 1864 2140 dat

439 2172 555 2220 δῆλός
601 2173 707 2213 ἐστιν
751 2171 819 2220 ἤδη
868 2187 904 2211 τι
947 2170 1117 2222 καθαρὸν
1160 2170 1359 2219 κτώμενος
1398 2169 1527 2222 ἐαυτῷ
1560 2168 1627 2211 καὶ
1661 2168 1741 2212 οὐδ’
1773 2168 1951 2211 ὁπωσοῦν

378 2243 498 2292 ἀξιῶν
528 2243 800 2296 ῥυπαίνεσθαι.

438 2314 552 2370 Lege
599 2314 637 2354 ἐν
681 2313 825 2363 ἐαυτῷ,
869 2310 1017 2353 deinde
1060 2310 1235 2353 observa
1267 2323 1390 2365 quam
1426 2311 1568 2366 inepte
1600 2323 1710 2352 nunc
1740 2309 1806 2351 bie
1835 2307 1947 2350 idem

377 2384 541 2426 dicatur
582 2387 625 2426 et
667 2396 795 2438 quam
837 2383 893 2423 sit
935 2384 1123 2424 contorta
1165 2383 1388 2422 structura.
1445 2380 1624 2436 Utrique
1664 2377 1795 2423 simul
1834 2376 1947 2422 malo

375 2454 608 2497 medeberis
647 2457 690 2495 et
718 2453 1062 2496 venustissimam
1096 2450 1322 2493 Plutarcho
1353 2450 1499 2493 reddes
1530 2451 1781 2494 sententiam
1813 2447 1947 2499 ἀξιοῦν

374 2524 575 2582 legendo:
621 2524 791 2576 καθαρόν
832 2539 870 2565 τι
913 2523 979 2564 καὶ
1013 2523 1081 2564 οὐκ
1115 2521 1248 2572 ἀξιοῦν
1281 2522 1554 2575 ῥυπαίνεσθαι,
1586 2521 1683 2578 puri
1713 2518 1874 2576 aliquid
1905 2522 1948 2562 et

376 2596 487 2651 quod
519 2595 654 2652 pollui
685 2593 980 2651 dedignetur'’.
1989 2580 1992 2583 ¹

435 2666 550 2718 Quae
581 2680 691 2708 nunc
722 2678 888 2721 quoque
919 2677 1019 2706 vera
1052 2663 1265 2706 videntur.

437 2736 620 2792 Opponit
651 2735 799 2778 deinde
830 2734 955 2777 modo
987 2735 1126 2777 citatis
1158 2734 1260 2776 haec
1291 2734 1490 2789 scriptor:

436 2808 479 2848 τὸ
514 2807 552 2847 δὲ
581 2807 703 2856 μηδὲν
732 2805 879 2848 οἴεσθαι
910 2803 1202 2857 καταισχύνειν
1231 2803 1345 2855 μέγα
1375 2804 1469 2854 μηδ’
1497 2802 1608 2856 ἔχειν
1627 2802 1814 2854 εὐχερεῖς
1843 2805 1952 2843 ποιεῖ

376 2876 444 2918 καὶ
480 2878 689 2927 ὀλιγώρους
725 2877 818 2927 πρὸς
855 2877 908 2918 τὰ
942 2876 1082 2927 μικροὶ.
1411 2882 1414 2884 ’

434 2947 502 2989 Sic
533 2947 885 3003 Wyttenbachius
928 2947 1002 3001 qui
1037 2944 1329 2997 καταισχύνειν
1362 2946 1464 2987 bene
1495 2945 1797 2999 interpretatur
1833 2941 1948 2983 dede-
