2002 3372
1089 203 1175 245 316

344 325 634 368 emendatione
676 326 815 377 (ταῦτ’
845 325 888 365 οὐ
930 337 1005 380 pro
1047 327 1217 378 ταῦτα),
1251 339 1333 382 qua
1365 328 1512 383 utique
1544 340 1649 383 opus
1680 341 1769 372 esse
1801 331 1916 372 totus

342 399 564 439 contextus
596 395 763 445 clamat,
797 396 915 451 sequi
948 394 1070 438 debet
1100 410 1184 439 non
1216 401 1343 439 tamen
1372 411 1524 440 verum
1554 413 1658 449 nam,
1689 398 1802 456 quod
1827 411 1916 442 sex-

342 468 497 510 centies
539 471 587 509 ut
627 466 696 509 hic
736 480 816 508 non
859 465 1067 522 particula
1108 467 1191 519 γάρ
1223 468 1293 510 sed
1319 468 1526 524 particula
1554 485 1608 520 γε
1639 469 1914 526 significatur.

341 537 422 580 Sed
454 537 530 580 hoc
562 537 677 587 leve;
712 534 849 578 multo
879 537 1056 592 gravius
1087 540 1151 580 est
1181 538 1292 594 quod
1322 540 1405 582 isto
1437 542 1598 589 μισοῦσι
1629 541 1718 596 ipse
1748 539 1916 586 Plutar-

334 609 457 660 chus,
487 609 560 663 qui
585 608 702 650 nobis
729 620 856 663 quam
882 608 1068 650 maxime
1098 609 1220 651 vivus
1246 609 1386 652 stabat
1411 613 1508 652 ante
1532 609 1687 664 oculos,
1711 610 1917 655 occiditur

340 682 382 720 et
422 681 608 720 necatur.
652 677 760 729 Quid
793 676 935 720 enim?
974 678 1188 722 Lubenter
1219 694 1263 722 se
1294 680 1363 722 hic
1394 680 1670 738 philosophus
1698 682 1754 736 iis
1784 681 1914 731 adnu-

341 751 475 790 merat
518 749 591 804 qui
630 749 713 804 ipsi
754 748 954 791 monendi
985 753 1098 802 sunt,
1130 750 1415 807 vituperandi,
1448 751 1698 809 corrigendi.
1738 751 1915 809 Semper

338 823 380 860 et
405 819 560 874 ubique
588 833 756 861 omnem
784 820 893 862 vitat
918 822 1219 877 arrogantiam,
1249 822 1502 873 ἀρεταλόγος
1528 837 1663 880 neque
1689 826 1753 873 est
1778 836 1914 880 neque

339 889 475 933 videri
515 888 623 932 vult.
665 889 722 932 Et
762 904 875 933 nunc
917 904 1081 947 quoque
1112 892 1202 934 odio
1233 893 1315 935 sibi
1346 907 1435 936 esse
1464 893 1690 942 nonnullos
1718 893 1914 939 'homines

339 961 514 1002 minime
546 960 799 1013 dissimulat,
832 961 904 1003 sed
935 961 1113 1005 invidere
1142 976 1185 1005 se
1217 962 1325 1014 aliis,
1356 963 1483 1019 idque
1513 965 1566 1007 iis
1598 966 1671 1020 qui
1696 966 1742 1016 in
1768 965 1914 1017 virtute

337 1030 492 1072 faciant
532 1045 790 1087 progressus,
834 1039 902 1074 ne'
926 1031 1128 1075 simulare
1170 1033 1341 1088 quidem
1381 1037 1522 1090 potest
1533 1048 1545 1087 ;
1585 1034 1827 1081 invidorum
1869 1025 1913 1078 se

336 1102 484 1144 turbae
525 1103 676 1144 eximit
704 1116 838 1158 neque
870 1104 1025 1144 metuit
1057 1105 1319 1160 arrogantiae
1351 1106 1523 1157 crimen,
1555 1108 1599 1148 et
1629 1107 1913 1162 optimoqui-

326 1171 430 1214 ydem
477 1174 570 1214 iure
618 1174 781 1215 eximit.
829 1173 932 1226 Quis
977 1175 1091 1216 enim
1139 1174 1380 1231 aequalium
1422 1180 1498 1219 aut
1538 1179 1804 1233 posterorum
1843 1175 1913 1221 vel

336 1244 539 1300 suspicari
568 1245 708 1299 potuit
740 1244 818 1287 hoc
849 1243 1131 1287 Plutarchum
1161 1244 1368 1289 laborasse
1401 1245 1535 1290 vitio?

397 1353 528 1397 537F
570 1354 587 1396 ὅ
618 1353 759 1405 Φθόνος
802 1353 983 1398 ἅπτεται
1027 1355 1219 1405 μάλιστα
1251 1361 1327 1398 τῶν
1358 1361 1544 1409 χρηστῶν
1580 1389 1589 1400 .
1610 1388 1620 1400 .
1640 1389 1650 1400 .
1671 1389 1680 1400 .
1715 1358 1811 1407 ἠθῶν
1841 1358 1909 1401 καὶ

334 1425 562 1476 προσώπων.
1712 1419 1713 1422 ¹
1740 1471 1743 1473 ,
1779 1418 1782 1422 r

394 1495 522 1538 Haud
565 1509 685 1552 saepe
727 1498 785 1538 sic
827 1498 949 1553 iungi
985 1497 1149 1540 videbis
1189 1498 1300 1539 inter
1331 1512 1373 1540 se
1406 1513 1528 1540 morea
1560 1503 1602 1541 et
1632 1498 1909 1552 πρόσωπα,

335 1580 441 1621 quae
468 1581 549 1610 vox
576 1567 644 1609 hic
671 1566 732 1608 nil
758 1566 873 1609 aliud
900 1581 1029 1622 quam
1053 1567 1237 1610 latinum
1256 1568 1486 1623 „persona”
1503 1568 1742 1625 significare
1758 1573 1908 1626 potest.

395 1687 529 1730 538A
573 1689 589 1730 ὃ
623 1686 744 1740 ἥλιος,
780 1687 829 1731 ὧν
861 1688 910 1731 ἂν
944 1689 1039 1740 ὑπὲρ
1073 1694 1246 1742 κορυφῆς
1273 1691 1458 1742 γένηται,
1494 1691 1908 1744 καταχεόμενος

333 1759 378 1801 τὸ
410 1760 496 1810 Φῶς
527 1759 547 1803 ἢ
582 1760 827 1802 παντάπασι
862 1762 933 1808 τὴν
965 1748 1082 1803 σκιοὶν
1117 1762 1275 1804 οὶνεῖλεν
1308 1762 1329 1811 ἢ
1363 1763 1510 1814 μικρὰν
1543 1763 1740 1811 ἐποίησεν.

393 1829 603 1881 Quorsum
642 1830 757 1872 istud
787 1829 976 1873 medium?
1008 1831 1155 1874 Nonne
1187 1835 1261 1874 aut
1293 1832 1514 1885 κατκχέων
1544 1833 1788 1891 legendum,
1819 1838 1907 1886 aut,

333 1899 469 1943 deleto
498 1901 543 1943 τὸ
571 1904 672 1952 Φῶς,
690 1905 909 1957 tamquam
919 1902 1124 1957 paninum
1140 1902 1249 1945 illud
1267 1903 1575 1956 καταχεόμενος
1592 1903 1907 1961 accipiendum?

393 2020 525 2064 538C
564 2021 608 2064 τὸ
639 2022 747 2074 ῥηθὲν
779 2021 855 2064 ὑπό
887 2038 989 2069 τινος
1022 2024 1220 2065 τῶν“καθ’
1253 2024 1362 2073 ἡμᾶς
1396 2029 1612 2077 σοφιστῶν,
1638 2022 1698 2068 ὅτι
1729 2024 1851 2075 ἥδισθ’
1872 2026 1905 2068 οἱ

332 2093 566 2143 Φθονοῦντες
601 2092 791 2145 ἐλεοῦσιν,
824 2094 971 2143 ἀληθές
1006 2094 1128 2136 ἐστιν.

390 2160 505 2204 Scire
548 2161 755 2217 pervelim
799 2165 892 2219 quis
923 2163 996 2207 ille
1028 2166 1083 2206 sit
1115 2166 1188 2221 qui
1221 2179 1364 2208 veram
1396 2169 1438 2208 et
1470 2167 1649 2210 minime
1680 2165 1902 2223 vulgarem

329 2232 435 2274 hauc
473 2234 725 2275 sententiam
758 2237 846 2276 tam
877 2233 1014 2290 lepide
1046 2236 1291 2278 enuntiarit.
1325 2236 1390 2278 An
1423 2239 1518 2292 post
1546 2235 1672 2283 illum
1703 2237 1904 2293 aequalem

328 2302 542 2356 sophistam
572 2304 662 2359 ipse
693 2302 948 2347 Plutarchus
978 2303 1111 2348 latet?
1143 2305 1287 2348 Etiam
1319 2320 1425 2362 quae
1452 2308 1599 2350 statim
1625 2310 1906 2352 annectuntur

329 2374 501 2429 egregia
530 2378 652 2415 sunt:
1729 2384 1732 2387 ⁴

388 2441 489 2485 ὥστε
524 2444 591 2484 καὶ
626 2443 760 2496 ταύτῃ
794 2445 988 2496 μεγάλην
1021 2443 1121 2488 εἶναι
1154 2448 1230 2488 τῶν
1263 2448 1398 2488 παθῶν
1429 2446 1641 2498 διαφοράν,
1673 2447 1802 2495 ὦς’·τό
1829 2448 1903 2498 μὲν

328 2519 447 2562 μῖσος
489 2513 572 2555 οὔτ’
612 2515 888 2567 εὐτυχούντων
931 2515 1023 2559 οὔτε
1067 2516 1371 2569 δυστυχούντων
1414 2518 1672 2570 ἀφίστασθαι
1704 2517 1901 2571 πέφυκεν,

329 2584 346 2626 ὁ
378 2584 418 2626 δὲ
451 2584 591 2636 Φθόνος
625 2586 720 2637 πρὸς
754 2587 825 2635 τὴν
858 2589 1014 2639 ἀμφοῖν
1047 2587 1275 2639 ὑπερβολὴν
1309 2589 1572 2641 ἀπαγορεύει.

388 2654 435 2696 In
479 2656 633 2711 quibus
673 2660 844 2700 notetur
883 2657 992 2701 illud
1036 2659 1295 2712 ἀφίστασθαι
1337 2659 1534 2711 πέφυκεν,
1575 2659 1700 2716 quod,
1732 2661 1768 2702 ei
1799 2660 1902 2717 quid

326 2725 463 2776 video,
506 2726 619 2769 haud
661 2727 880 2770 infirmum
922 2730 1091 2784 praebet
1122 2728 1457 2773 sustentaculum
1489 2731 1752 2776 coniecturae
1783 2745 1901 2775 meae

329 2796 594 2839 ἐπιτείνεσθαι
626 2800 858 2851 πεφυκέναι
891 2799 995 2852 <537
1009 2800 1076 2852 E).
1110 2800 1192 2844 Sed
1224 2802 1373 2844 haereo
1403 2802 1447 2844 in
1479 2800 1686 2857 particula
1716 2802 1766 2849 ὡς
1794 2815 1900 2857 quae

325 2879 475 2922 parum
518 2872 614 2923 apte
655 2869 878 2925 respondet
919 2870 1184 2926 praecedeuti
1215 2871 1360 2924 ταύτῃ.
1403 2870 1550 2914 Nonne
1583 2870 1651 2916 vel
1682 2867 1742 2914 ὅτι
1775 2871 1845 2915 vel
1877 2870 1901 2926 ᾖ

325 2935 583 2992 legendum?
