2002 3372
1075 205 1160 248 150

385 330 441 371 ib.
491 330 570 379 ἐγὼ
605 329 644 370 δὲ
677 329 839 376 τίθεμαι
874 328 943 371 καὶ
978 329 1049 377 τὴν
1083 327 1352 381 Ἀλεξάνδρου
1387 329 1595 376 τελευτήν.

389 398 523 441 Verba
565 413 687 440 sensu
721 412 835 440 cassa
866 400 1032 441 sanavit
1062 398 1198 441 editor
1231 397 1417 442 Graecus
1450 400 1584 452 τύχην
1617 402 1713 443 ante
1744 399 1908 449 τίθεμαι

327 469 558 528 inserendo.
603 467 665 512 Cf.
715 468 847 511 3l9P
893 469 972 519 ἐγὼ
1007 468 1045 511 δὲ
1085 469 1151 510 καὶ
1186 469 1458 521 Κλεοπάτραν
1490 470 1618 518 αὐτὴν
1649 470 1780 522 τύχην
1813 469 1910 512 Kal-

332 555 448 590 σαρος
482 541 633 588 τίθημι.

391 609 646 665 Utrumque,
690 610 826 659 τίθημι
871 613 913 652 et
955 610 1134 661 τίθεμαιι,
1180 610 1262 653 dici
1294 611 1464 654 videtur
1495 612 1540 653 in
1572 611 1650 654 hac
1680 610 1910 654 locutione.

332 680 615 722 Praetulerim
649 684 790 723 tamen
822 682 999 730 τίθεμαι.
1033 680 1096 725 Of.
1130 686 1282 724 notum
1312 681 1441 724 illud:
1475 683 1602 725 οἰωνὸν
1635 682 1776 732 ἐθέμην
1808 693 1909 725 καλ-

335 752 471 793 λίνικα
506 752 560 792 σαὶ
594 751 742 804 στέφη.

595 1016 647 1055 DE
678 1003 925 1057 ALEXANDRI
956 1026 1093 1058 MAG-NI
1123 1027 1319 1058 FORTUNA
1352 1027 1433 1058 AU'P
1469 1027 1661 1059 VIRTUTB.

399 1160 462 1201 Ex
520 1160 666 1202 eodem
725 1165 824 1203 sunt
877 1175 1029 1217 genere
1076 1161 1121 1203 hi
1167 1160 1304 1204 libelli
1352 1165 1478 1217 atque
1524 1160 1599 1204 ille
1646 1162 1695 1204 de
1739 1161 1918 1204 Fortuna

344 1232 622 1274 Romanorum.
669 1224 806 1282 „Sunt
847 1232 977 1289 ergo''
1020 1232 1174 1274 dixerit
1217 1231 1372 1288 aliquis
1404 1233 1609 1275 morosior
1642 1232 1921 1289 „sophisticae

341 1301 742 1357 disputatiunculae,
786 1302 931 1358 quales
974 1317 1022 1345 eo
1065 1307 1255 1359 tempore
1297 1302 1533 1358 permultae
1571 1303 1834 1346 habebantur
1869 1302 1922 1344 ab

346 1373 569 1428 utriusque
612 1372 761 1428 populi
801 1373 1169 1424 declamatoribus,
1212 1373 1339 1429 idque
1370 1375 1433 1415 ita
1465 1378 1514 1415 ut
1544 1372 1707 1416 bellum
1738 1375 1851 1416 inter
1879 1387 1923 1416 se

340 1448 536 1500 gererent
563 1443 822 1486 rhetoricum
849 1443 1030 1486 Romani
1056 1442 1315 1499 Graecique:
1349 1444 1394 1485 hi
1421 1443 1663 1486 Romanum
1688 1444 1919 1500 imperium

341 1514 567 1565 Fortunae,
605 1514 671 1556 1111
702 1514 863 1557 Virtuti
896 1514 1036 1557 deberi
1069 1514 1260 1557 solebant
1290 1515 1596 1565 demonstrare;
1639 1516 1698 1557 sic
1734 1514 1922 1557 Fortuna

341 1599 548 1641 magnum
581 1586 741 1628 factum
768 1600 855 1628 esse
882 1585 1174 1628 Alexandrum
1202 1585 1380 1628 Romani
1405 1585 1728 1636 contendebant,
1752 1585 1919 1628 Virtute

342 1654 536 1698 Graeci''.
579 1656 791 1699 Lubenter
830 1656 1009 1699 concedo
1041 1671 1123 1698 non
1156 1670 1244 1698 esse
1275 1658 1501 1699 inventum
1532 1671 1556 1698 a
1586 1655 1818 1699 Plutarcho
1850 1670 1921 1698 no-

342 1742 446 1770 vum
489 1727 716 1783 quodpiam
758 1726 980 1770 literarum
1021 1741 1170 1783 genus,
1211 1727 1283 1769 sed
1325 1740 1452 1768 usum
1490 1740 1589 1768 eum
1620 1728 1687 1769 sui
1718 1728 1922 1783 temporis

342 1812 429 1840 esse
470 1812 609 1850 more,
651 1798 840 1853 addoque
881 1800 1024 1853 ipsum
1066 1797 1192 1839 illum
1234 1799 1437 1853 temporis
1469 1811 1634 1839 morem
1666 1801 1709 1839 et
1741 1797 1791 1840 ab
1824 1796 1919 1839 aliis

342 1873 384 1911 et
415 1882 438 1910 a
467 1868 696 1910 Plutarcho
727 1871 817 1924 ipso
849 1868 1154 1918 introductum,
1197 1869 1270 1923 qui
1302 1869 1368 1909 sui
1401 1869 1603 1924 temporis
1635 1881 1732 1924 pars
1765 1881 1920 1924 magna

341 1939 485 1981 fuerit.
527 1938 608 1981 Sed
641 1954 722 1981 non
753 1939 833 1981 hoc
865 1939 1004 1981 solum
1040 1943 1102 1980 est
1132 1938 1434 1994 inquirendum
1465 1940 1510 1980 in
1542 1951 1668 1994 quem
1698 1937 1921 1991 literarum

342 2010 544 2052 historiae
575 2008 764 2052 loculum
795 2009 903 2052 liber
934 2009 1086 2065 aliquis
1118 2011 1172 2051 sit
1206 2009 1457 2060 condendus,
1491 2008 1629 2052 multo
1662 2010 1836 2052 maioris
1861 2013 1925 2051 est

344 2082 550 2122 momenti
589 2080 831 2137 intelligere
864 2094 947 2137 qua
978 2082 1139 2123 ratione
1171 2084 1475 2136 argumentum
1507 2079 1693 2136 aliquod,
1725 2081 1922 2136 quamvis

344 2153 400 2192 sit
442 2150 725 2198 decantatum,
768 2152 959 2206 scriptor,
1003 2150 1054 2192 de
1098 2164 1179 2206 quo
1221 2152 1376 2206 agitur,
1410 2151 1658 2194 tractaverit
1669 2163 1680 2203 ς
1713 2151 1772 2193 sic
1804 2151 1919 2193 enim

343 2222 434 2276 ipse
467 2220 603 2276 qualis
628 2221 757 2263 fuerit
782 2221 1024 2278 intelligere
1050 2235 1289 2276 possumus.
1323 2219 1627 2264 Commendare
1653 2234 1695 2263 se
1723 2219 1923 2263 Romanis

345 2291 601 2333 Plutarchus
644 2291 861 2344 studebat3
904 2292 1086 2334 Romam
1118 2293 1232 2333 enim
1264 2297 1437 2334 venerat
1467 2294 1518 2333 ut
1547 2292 1748 2348 ingenuis
1778 2292 1920 2347 pueris

345 2363 482 2417 prima
515 2362 862 2418 „philosophiae”
896 2376 995 2404 suae
1029 2362 1211 2405 traderet
1242 2361 1464 2414 elementa,
1496 2361 1662 2404 adultos
1687 2363 1922 2417 praeceptis

345 2434 432 2474 suis
465 2436 720 2475 sustentaret
751 2432 1051 2488 solareturque.
1086 2432 1220 2488 Opera
1252 2446 1353 2488 ergo
1386 2434 1423 2474 ei
1457 2431 1591 2474 danda
1623 2437 1712 2474 erat
1743 2435 1793 2474 ut
1824 2445 1923 2474 suae

345 2503 461 2544 daret
504 2502 723 2545 facundiae
765 2503 1041 2545 documenta:
1085 2504 1190 2544 scire
1232 2502 1437 2545 debebant
1477 2501 1660 2544 Romani
1691 2501 1851 2544 nobiles
1882 2506 1923 2544 et

346 2572 539 2628 opulenti
580 2576 649 2615 cui
683 2575 890 2629 magistro
922 2588 1075 2629 pueros
1106 2587 1218 2623 suos,
1252 2575 1322 2615 cui
1354 2574 1563 2615 mentium
1596 2572 1759 2615 medico
1789 2579 1923 2615 semet

343 2646 456 2699 ipsos
487 2649 624 2686 essent
655 2646 936 2686 commissuri.
971 2646 1109 2700 Atque
1140 2645 1315 2686 initium
1349 2645 1389 2686 ei
1414 2648 1503 2686 erat
1529 2642 1767 2686 faciendum
1793 2643 1845 2685 ab
1873 2657 1921 2686 ea

345 2729 388 2756 re
406 2729 510 2770 quae
527 2717 766 2757 communis
783 2720 846 2758 est
862 2717 1055 2758 omnium
1074 2715 1295 2757 hominum
1314 2714 1533 2757 doctorum
1548 2713 1920 2769 literatorumque:

346 2787 478 2827 oratio
516 2790 602 2827 erat
645 2786 836 2828 habenda
877 2800 960 2828 non
1005 2785 1056 2827 ad
1089 2799 1209 2827 reum
1246 2784 1552 2827 defendendum
1585 2783 1923 2827 accusandumve

347 2856 413 2897 vel
442 2856 491 2897 ad
520 2856 659 2912 legem
688 2856 944 2898 suadendam
973 2860 1047 2897 aut
1073 2855 1407 2898 dissuadendam.
1442 2854 1523 2907 Qui
1550 2858 1714 2910 poterat
1739 2855 1924 2910 peregri-

348 2940 425 2967 nus
459 2930 500 2968 et
531 2929 706 2983 ignotus
733 2927 872 2968 subito
901 2941 944 2968 se
970 2928 1013 2967 in
1042 2926 1202 2968 medias
1229 2940 1293 2968 res
1321 2930 1363 2968 et
1388 2927 1431 2967 in
1457 2927 1593 2981 ipsam
1621 2924 1767 2981 populi
1782 2926 1918 2967 vitam
