2002 3372
1056 266 1142 308 336

375 389 511 433 556D
553 389 618 431 Ad
657 387 1031 430 demonstrandum
1062 392 1322 445 quantopere
1354 389 1590 432 facinorum
1621 392 1889 434 suorum-sre-

314 461 553 504 cordatione
594 460 779 514 torqueri
821 457 994 500 debeant
1031 459 1065 500 ii
1097 460 1172 514 qui
1203 458 1430 502 crudeliter
1461 461 1666 518 etimpie
1695 465 1888 518 egerunt,

313 546 458 575 eorum
505 532 643 572 utitur
688 527 880 583 exemplo
926 542 1031 584 quos
1076 531 1207 571 etiam
1256 533 1367 572 recte
1416 530 1623 574 factorum
1663 533 1890 588 poeni-teet.

314 601 388 655 [Et
426 600 596 643 adhibet
626 600 694 641 hic
723 602 868 641 notam
900 597 1022 641 illam
1053 598 1238 655 figuram
1269 599 1604 656 enthymematis
1636 602 1679 644 οὐ
1711 601 1796 654 γὰρ
1825 601 1891 651 διὶ-

314 687 388 713 που
422 703 431 713 .
452 703 460 713 .
481 703 519 713 ..
553 670 626 720 μὲν
661 699 670 711 .
691 701 700 711 .
721 700 729 711 .
750 699 759 711 .
799 668 862 719 δέ,
908 682 1016 724 quae
1059 672 1149 711 tota
1190 670 1463 725 perturbetur
1503 672 1585 713 nisi
1624 671 1888 723 membrum,

314 741 424 796 quod
464 740 539 783 1110
580 739 622 781 δέ
664 741 915 791 annectitur,
961 753 985 782 a
1017 739 1363 795 praecedentibus
1395 741 1689 785 tantummodo
1720 741 1891 799 virgula

313 815 541 867 separetur,
569 825 666 861 non,
694 815 742 852 ut
769 813 833 852 est
858 813 900 853 et
928 809 1041 865 apud
1068 809 1131 862 B.,
1148 810 1390 866 'semicolo.]
1423 811 1491 854 Sic
1521 811 1632 868 quod
1662 815 1890 870 argentum

314 881 473 924 dederit
514 886 639 937 atque
673 880 774 923 adeo
808 879 1000 922 debitum
1030 880 1260 924 reddiderit
1292 880 1406 924 dolet
1439 913 1478 924 ..
1498 913 1507 924 .
1529 913 1538 925 .
1572 880 1694 939 quis?
1723 882 1842 926 Num
1871 882 1890 925 ὃ

313 956 490 1003 φαῦλος,
532 957 582 994 ut
622 955 685 994 est
725 952 770 992 iu
811 948 1052 993 codicibus?
1092 951 1275 994 Minime
1315 950 1440 995 vero!
1484 950 1608 996 Certa
1648 953 1787 1009 specie
1821 953 1891 996 hic

314 1036 419 1078 opus
463 1025 526 1064 est
572 1036 654 1064 non
695 1020 954 1074 improborum
996 1022 1144 1074 (nimis
1187 1021 1344 1064 durum
1385 1021 1463 1065 hoc
1501 1021 1777 1076 vocabulum)
1819 1022 1892 1066 sed

313 1093 527 1136 communi
575 1091 718 1147 aliquo
765 1098 807 1134 et
853 1090 1105 1148 pervulgato
1153 1091 1437 1135 laborantium
1481 1094 1600 1137 vitio.
1641 1092 1891 1137 Rectissime

313 1178 414 1220 ergo
450 1163 514 1206 W.
547 1165 798 1215 φιλάργυρος
832 1164 1036 1218 reposuit.

374 1308 505 1352 5561?
552 1306 627 1351 οἷον
675 1325 691 1350 ε
684 1309 907 1351 ν’ταῦθα
958 1308 1149 1357 δήπουθεν
1196 1307 1368 1359 λέγεται
1403 1310 1533 1352 ἐλθεῖν
1565 1310 1753 1353 Αἴσωπον
1787 1341 1798 1353 .
1816 1341 1826 1353 .
1846 1341 1858 1354 .
1879 1340 1890 1353 .

313 1396 421 1427 οπως
455 1412 464 1422 .
486 1411 494 1422 .
516 1411 524 1422 .
546 1411 555 1422 .
591 1387 625 1421 Δ
640 1383 818 1430 ελφῶν
851 1379 1010 1431 ἑκαστῳ
1042 1379 1226 1432 διανείμῃ
1258 1382 1365 1428 μνᾶς
1398 1379 1616 1431 τέσσαρας.

374 1450 422 1493 v.
458 1450 510 1494 ad
540 1465 581 1506 p.
616 1449 763 1492 553E.

375 1584 507 1629 557ss
550 1586 645 1629 Non
685 1585 922 1628 laudandus
964 1585 1201 1628 Alexander
1233 1586 1314 1641 vqui
1345 1589 1441 1641 post
1473 1589 1536 1628 tot
1568 1585 1735 1629 saecula
1764 1585 1892 1629 Bran-

314 1657 536 1700 chidarum
564 1658 712 1700 urbem
739 1658 945 1708 vastarit,
957 1658 1216 1708 Ἀγαθοκλῆς
1243 1656 1283 1699 δὲ
1312 1657 1379 1698 καὶ
1409 1657 1482 1699 σὺν
1507 1656 1660 1708 γέλωτι
1676 1656 1894 1710 χλευάζων

315 1729 576 1780 Κερκυραίους
622 1729 847 1779 ἐρωτῶντας
882 1759 893 1771 .
913 1759 922 1769 .
941 1759 951 1771 .
974 1759 984 1771 .
1015 1729 1206 1783 sequitur
1247 1727 1351 1785 quid
1391 1725 1615 1785 Corcyraei
1649 1729 1892 1785 rogaverint

315 1802 358 1841 et
387 1798 488 1855 quid
520 1798 782 1854 responderit
813 1803 1034 1855 tyrannus.

374 1870 558 1912 Minime
589 1870 659 1912 1110
690 1868 886 1925 equidem
917 1882 1015 1911 cum
1048 1868 1095 1912 B.
1129 1869 1201 1910 καί
1233 1867 1476 1919 deleverim,
1502 1883 1604 1912 nam
1627 1869 1687 1912 sic
1713 1868 1798 1912 duo
1822 1868 1895 1912 illi·

315 1941 440 1984 duces
470 1943 583 1982 inter
615 1954 658 1982 se
689 1941 845 1996 opponi
876 1940 1051 1982 debent:
1088 1954 1198 1990 „non
1228 1939 1464 1982 laudandus
1495 1939 1746 1990 Alexander,
1780 1940 1895 1996 Aga*

314 2011 476 2054 thocles
506 2026 595 2053 vero
629 2011 744 2052 etiam
776 2043 785 2053 .
807 2042 815 2052 .
836 2041 845 2051 .
866 2010 907 2052 .'’
940 2009 1023 2053 Sed
1053 2024 1164 2052 nunc
1195 2011 1428 2066 requiritur
1453 2010 1635 2054 verbum
1662 2009 1893 2068 quod'gra-

317 2084 413 2125 vius
454 2081 614 2137 aliquid
656 2094 784 2137 quam
825 2096 903 2123 non
947 2081 1112 2122 laudari
1153 2080 1377 2137 significet,
1419 2080 1509 2125 sed:
1530 2081 1608 2124 hoc
1648 2080 1776 2133 deest,
1806 2082 1893 2124 nisi

315 2154 410 2208 quis
451 2152 560 2194 mihi
602 2151 710 2196 illud
741 2150 958 2207 aliquanto
988 2155 1084 2207 post
1115 2158 1292 2207 sequens
1324 2148 1414 2194 εἶπε
1445 2153 1599 2208 opponi
1629 2150 1758 2204 velit,
1790 2153 1892 2195 satis

315 2224 428 2265 enim
456 2222 634 2265 absurde
662 2222 840 2265 dicitur:
873 2236 983 2272 „non
1009 2221 1245 2266 laudandus
1263 2221 1529 2265 Alexander.
1549 2253 1560 2265 .
1579 2254 1589 2265 .
1609 2253 1619 2264 .
1636 2220 1892 2278 Agathocles

315 2308 416 2338 vero
447 2295 575 2336 etiam
609 2326 617 2335 .
639 2325 648 2336 .
670 2325 679 2335 .
699 2326 708 2335 .
741 2292 895 2336 dixit’'.
927 2292 1040 2349 Lege
1072 2306 1172 2350 ergo
1199 2289 1316 2344 ὦφλε
1348 2292 1515 2343 γέλωτα
1542 2305 1617 2348 pro
1643 2292 1714 2335 σὺν
1739 2292 1891 2343 γέλωτι

316 2369 365 2407 ut
402 2365 503 2407 haec
534 2364 687 2406 habeas
719 2365 880 2419 optime
911 2364 1197 2406 cahaerentia:
1233 2377 1342 2414 „non
1373 2361 1609 2405 laudandus
1641 2361 1890 2413 Alexander,

315 2434 522 2478 ridiculus
553 2449 640 2477 vero
672 2433 930 2491 Agathocles
961 2433 1088 2476 fuit''.
1482 2440 1486 2444 ⁴
1660 2438 1662 2441 '
1799 2438 1803 2441 ’
1829 2438 1833 2440 ’

378 2581 505 2624 557F
537 2586 621 2628 τοῖς
653 2580 811 2632 σφόδρα
844 2581 1119 2632 πυρέττουσιν,
1153 2580 1222 2622 ἐάν
1257 2581 1288 2620 θ’
1319 2577 1361 2622 ἓν
1392 2579 1555 2629 ἱμάτιον
1583 2578 1653 2620 ε’άν
1679 2594 1727 2620 τε
1751 2576 1890 2619 πολλὰ

317 2653 656 2703 περιβεβλημένοι
693 2653 949 2704 τυγχάνωσι,
982 2650 1110 2694 ταύτὸ
1143 2653 1287 2700 καῦμα
1320 2650 1389 2692 καὶ
1423 2650 1709 2701 παραπλήσιον
1739 2649 1890 2701 (immo

318 2724 339 2771 ἢ
373 2725 669 2775 παραπλήσιον,
702 2737 799 2765 nam
834 2723 974 2773 „idem
1001 2727 1039 2763 et
1065 2720 1206 2764 simile
1234 2720 1466 2763 absurdum
1490 2719 1604 2771 est’')
1634 2716 1740 2770 ὅμως
1771 2718 1805 2760 δ’
1833 2718 1893 2764 εἷς’

319 2794 578 2844 παραμυθίαν
611 2795 786 2844 ἀφελεῖν
819 2795 864 2835 τὸ
895 2793 1060 2840 πλῆθος.
1150 2798 1153 2800 ’

377 2863 667 2919 Aequabiliter
706 2865 752 2905 in
790 2866 934 2906 omnes
966 2877 1088 2919 saepe
1118 2864 1233 2907 iusto
1264 2862 1448 2904 severior
1478 2862 1543 2903 est
1572 2859 1620 2902 Β.
1662 2859 1890 2915 Receptam

318 2935 431 2974 enim
474 2936 662 2989 oportuit
698 2935 903 2989 optimam
932 2936 1068 2989 ipsius
1099 2932 1460 2975 emendationem:
1493 2930 1598 2980 ὅμως
1629 2930 1664 2972 δ’
1697 2930 1799 2976 εἰκὸς
1830 2930 1890 2976 εἷς

319 3019 362 3045 π.
396 3006 436 3045 οὶ.
472 3021 509 3045 τ.
542 3020 586 3046 π.
621 3003 790 3059 Alioqui
821 3003 1059 3047 infinitivus
1092 3004 1264 3055 ἀφελεῖν
1297 3016 1378 3044 11011
1411 3001 1536 3044 habet
1561 2999 1670 3043 unde
1697 2999 1895 3055 pendeat.¹

1977 295 1982 392 1

1980 459 2002 472 *⁴

1982 475 2002 496 «ι

1982 497 2002 529 i?
