2002 3372
1079 266 1174 344 472ὶ

330 396 536 442 sonantes,
579 391 651 433 sed
694 389 903 432 scribendi
945 387 1072 431 finem
1113 389 1246 432 facere
1289 389 1423 433 solere
1454 404 1552 432 cum
1585 391 1908 446 materiamine&

330 463 533 512 hauserit,
567 461 742 504 fortasse
772 458 995 506 flosculum
1027 459 1230 516 aliquem,
1258 462 1295 504 si
1320 462 1381 503 ita
1407 474 1474 503 res
1499 461 1716 513 ferretj'eae
1738 465 1910 520 ‘W‘

330 532 588 575 additurum.
630 530 711 573 Sed
753 530 831 573 hoc
864 543 948 572 non
978 534 1043 572 est
1063 531 1193 585 finire
1222 532 1454 573 orationem
1485 545 1636 574 verum
1663 531 1908 587 aha-pm.

330 603 556 655 Quaedam,
595 601 770 644 fortasse
813 600 965 652 multa,
1006 600 1171 644 desunt.
1217 600 1286 644 Sic
1317 601 1365 643 fit
1395 605 1446 644 ut
1474 601 1588 645 haud
1622 600 1910 648 faessefflmni

328 677 524 715 naturam
572 670 880 726 consiliumque
927 670 1156 714 describa's.‘
1199 671 1318 723 Quod
1364 675 1413 714 ut
1455 675 1598 715 tamen
1628 671 1908 729 =aliqffl0nus

328 744 463 786 facere
502 743 652 797 possis,
697 741 1007 784 observandum
1049 746 1113 784 est
1155 741 1300 784 decem
1332 742 1398 784 his
1430 743 1604 799 paginis
1628 742 1746 788 hand
1775 750 1908 800 pinca

328 813 414 870 leg-i
438 812 631 868 exempla
657 814 913 868 nominaque
939 826 991 855 ex
1007 812 1184 855 historia
1201 813 1382 855 Romana
1398 815 1543 869 petita.
1572 812 1762 871 Velutip'„
1777 813 1908 861 'WfflA

329 885 387 926 sic
414 884 678 938 disputatur:
711 881 844 934 „Cato
868 885 959 939 ipse
985 883 1036 925 ab
1063 884 1249 926 exercitu
1275 885 1500 940 navigavit
1525 887 1576 927 ut
1591 883 1907 929 Athenodorum

329 954 577 1005 adduceret;
613 957 656 996 et
687 953 842 1009 Scipio,
875 967 973 996 cum
1006 967 1105 996 eum
1137 955 1325 996 misisset
1356 958 1525 998 senatus
1636 962 1639 983 ³
1690 975 1702 997 -ι
1728 962 1841 1000 siat„

508 1027 801 1080 inspecturum
834 1025 1040 1075 homines,
1074 1026 1147 1080 qui
1181 1024 1252 1067 fidi
1285 1027 1443 1081 quique
1473 1027 1661 1082 protervi
1687 1038 1763 1070 «11,
1795 1032 1865 1070 m»

328 1096 581 1138 Panaetium
629 1097 861 1146 arcessivit,
883 1106 886 1109 ·
906 1095 1264 1152 quemadmodum
1312 1095 1442 1138 tradit
1488 1095 1908 1152 Poffldonwmszssnid

329 1180 438 1208 nunc
478 1166 635 1208 diceret
668 1164 923 1209 Panaetius?
964 1166 1032 1208 An
1063 1165 1164 1208 hoc:
1199 1167 1236 1208 si
1267 1166 1373 1209 Bato
1406 1180 1515 1210 esses
1548 1166 1616 1211 vel
1646 1166 1908 1225 Polydeuces

328 1236 398 1279 vel
440 1236 549 1279 alius
579 1238 772 1293 privatus
803 1238 1018 1293 quispiam
1050 1238 1124 1293 qui
1154 1237 1272 1279 urbis
1303 1237 1487 1294 effugere
1518 1237 1909 1296 strepitum-*pollet

329 1312 379 1350 ut
418 1309 463 1349 in
506 1307 647 1363 aliquo
689 1307 847 1364 angulo
888 1307 1162 1365 syllogismos
1203 1313 1388 1350 necteret
1418 1307 1700 1366 solva-etque}
1721 1308 1908 1365 dicenter

330 1383 372 1421 te
411 1380 455 1420 in
488 1392 630 1421 meam
671 1380 907 1433 reciperem·
945 1377 1213 1434 disciplinam
1242 1383 1400 1435 tuaque
1432 1382 1574 1423 uterer
1603 1379 1907 1437 familiaritate,

328 1463 439 1492 nunc
482 1463 582 1492 vero
623 1463 723 1492 cum
761 1448 936 1492 Aemilii
965 1448 1091 1491 Pauli
1122 1451 1178 1492 sis
1210 1449 1323 1492 filius
1354 1451 1420 1492 bis
1449 1450 1670 1495 consulatu
1700 1451 1909 1495 funestet

332 1521 540 1576 Scipionis
573 1521 760 1563 Africani
790 1534 932 1576 nepos,
964 1534 989 1563 a
1018 1534 1100 1577 quo
1128 1520 1318 1564 devictus
1346 1521 1572 1574 Hannibal,
1599 1527 1760 1566 tecum
1759 1521 1908 1579 dispu-

329 1595 418 1633 tare
451 1590 575 1633 nolo’'
589 1589 605 1632 ἱ)
1656 1628 1660 1634 1

389 1661 505 1703 Haec
549 1675 751 1717 quorsum
794 1665 984 1718 spectent
1015 1664 1116 1705 satis
1148 1667 1211 1705 est
1243 1664 1538 1719 perspicuum:
1571 1627 1826 1715 restituam
1837 1663 1907 1707 hio

333 1731 498 1789 Cynici,
541 1731 770 1775 Plutarcho
812 1732 1019 1788 aequales,
1062 1733 1216 1789 quibus
1258 1738 1427 1790 turpem
1470 1735 1645 1778 servire
1656 1735 1906 1789 seruitutem

328 1802 500 1845 videtur
527 1801 804 1859 philosophus
830 1805 904 1859 qui
929 1805 1041 1846 intra
1071 1805 1385 1860 „potentiorum
1414 1803 1591 1848 limina'’
1614 1806 1751 1851 vitam
1772 1804 1906 1862 degit.

390 1873 453 1914 Ab
498 1872 575 1915 hac
621 1873 844 1915 iactatione
894 1873 1118 1916 hominum
1165 1888 1466 1930 usquequaque
1511 1889 1588 1919 sua
1626 1874 1906 1932 gloriantium

327 1944 489 1986 virtute
529 1947 571 1985 et
602 1942 796 1986 libertate
829 1958 957 2000 quam
989 1944 1297 1988 alienissimum
1331 1945 1462 1988 fuisse
1491 1944 1773 1991 Plutarchum
1798 1947 1907 1990 entis

327 2016 413 2057 iam
446 2015 1584 2060 novimus..
1622 2047 1638 2058 ..
1715 2019 1817 2057 s-*Jtss

389 2083 577 2139 Denique
620 2099 702 2127 non
734 2085 945 2127 orationem
977 2085 1084 2128 hanc
1116 2099 1205 2128 esse
1237 2086 1308 2128 sed
1342 2086 1567 2129 diatribam
1597 2089 1822 2144 suspicor,
1824 2091 1906 2131 aut

326 2157 409 2211 ipsi
441 2155 677 2197 dedicatam
707 2156 955 2211 imperatori
986 2156 1176 2199 Romano
1210 2162 1284 2199 aut
1316 2158 1408 2200 viro
1439 2159 1513 2214 qui
1539 2171 1711 2242 magna
1720 2159 1785 2211 in
1791 2157 1906 2202 Urbe

326 2225 504 2282 polleret
536 2227 803 2268 auctoritate.

389 2296 594 2352 Sequitur
622 2295 795 2339 libellus

807 2368 873 2408 Ad
894 2368 1119 2423 principem
1150 2368 1405 2412 ineruditum.
1892 2412 1895 2413 γ

386 2438 470 2480 Η1ο
509 2452 608 2481 vero
651 2437 819 2489 titulus,
853 2441 1050 2494 quamvis
1081 2440 1226 2482 minus
1258 2441 1314 2482 sit
1346 2440 1549 2483 verbosus
1580 2408 1718 2484 multo
1739 2443 1831 2485 est
1842 2442 1905 2484 in-

326 2511 480 2566 eptior;
513 2513 602 2551 tam
634 2522 787 2564 parum
819 2511 935 2551 enim
961 2514 1216 2566 argumento
1243 2510 1355 2567 quod
1382 2514 1587 2554 tractatur
1612 2510 1837 2567 respondet,
1854 2515 1906 2555 ut

326 2581 377 2622 ab
409 2581 500 2635 ipso
530 2579 760 2622 Plutarcho
790 2579 908 2622 istud.
938 2579 1082 2623 libello
1116 2595 1270 2624 nomen
1301 2581 1489 2624 inditum
1523 2596 1612 2626 esse
1638 2583 1794 2627 vineit
1818 2596 1904 2626 cre-

327 2650 468 2692 dibile.
503 2650 615 2693 Nam
647 2649 756 2692 nihil
787 2649 903 2693 aliud
931 2650 1245 2694 demonstratur
1271 2665 1400 2708 quam
1425 2652 1525 2695 hoc:
1555 2653 1789 2709 principem
1812 2653 1905 2710 phi-

325 2720 550 2776 losophum
579 2734 668 2762 esse
696 2720 856 2763 debere.
891 2721 1161 2775 F‘raymentum
1178 2722 1255 2765 hoc
1274 2735 1440 2778 quoque
1457 2726 1540 2766 est:
1565 2721 1722 2766 ultima
1736 2722 1903 2774 desunt,

325 2805 424 2833 nam
469 2793 528 2833 sic
569 2805 621 2833 ne
661 2790 916 2834 Plutarchus
949 2792 1120 2848 quidem
1152 2791 1284 2835 ullam
1315 2792 1550 2836 clauderet
1559 2793 1901 2849 disputationem.

327 2861 447 2913 Quod
479 2875 563 2917 quo
595 2864 735 2918 magis
766 2861 929 2905 eluceat
955 2862 1168 2919 simulque
1193 2865 1326 2906 totius
1351 2863 1451 2906 libri
1476 2862 1735 2907 consilium
1720 2879 1783 2908 m
1782 2864 1903 2909 oltra
1989 2886 1991 2888 ·

326 2935 506 2987 ponatur
535 2930 642 2982 luce,
675 2930 882 2974 ultimum
914 2936 1042 2988 caput
1073 2933 1142 2975 hic
1175 2936 1314 2976 totum
1347 2933 1504 2976 refero·

389 3001 530 3052 „Fieri
556 3016 639 3044 non
668 3005 808 3058 potest
834 3006 897 3054 ut,
926 3003 1001 3047 ubi
1025 3004 1080 3047 sit
1108 3004 1310 3060 pot-entia,
1338 3005 1443 3047 vitia
1457 3003 1629 3049 lateant.
1657 2970 1900 3062 Epilopsici,
