2002 3372
868 206 955 251 297

171 331 268 376 Non
321 334 466 375 tamen
519 330 646 388 plane
693 329 956 387 spernendus
1002 329 1350 385 abiiciendusque
1397 326 1572 371 libellus
1619 327 1711 370 hic:

109 401 226 447 lectu
266 402 383 447 haud
413 402 673 446 iniucundus
705 406 784 454 est,
817 401 1067 456 disputatio,
1100 400 1202 444 licet
1233 401 1369 443 acrior
1399 399 1588 442 acerbior
1619 413 1715 442 con·

109 475 280 518 citatior
321 475 380 517 sit
411 487 539 530 quam
576 488 650 530 pro
681 472 904 516 Plutarchi
937 471 1116 515 lenitate
1149 477 1192 515 et
1222 471 1566 522 mansuetudine,
1600 470 1714 513 haud

43 572 46 574 v
110 557 287 602 parvam
329 544 458 588 habet
498 544 774 588 convincendi
816 545 924 595 vim,
967 542 1163 599 exempla
1205 543 1331 585 rebus
1373 540 1714 585 demonstrandis

110 618 212 659 sunt
242 616 480 672 aptissima,
513 619 555 658 et
587 616 760 658 omnino
788 613 929 657 multa
956 614 1026 656 hic
1052 613 1261 671 leguntur
1288 627 1396 670 quae
1424 614 1602 670 cog-nitu
1629 614 1715 655 sint

110 685 379 744 dignissima.
428 685 499 730 Sic
541 687 616 743 qui
657 687 760 729 artis
803 685 991 729 medicae
1035 685 1138 728 dant
1179 698 1352 742 operam
1398 684 1603 727 historiae
1649 683 1715 726 lu-

109 757 267 801 bentur
307 761 578 815 cognoscent,
611 757 656 800 id
699 757 813 814 quod
857 772 898 814 p.
935 755 1073 799 5241)
1111 755 1314 814 legimus,
1356 754 1477 798 illius
1510 757 1715 812 temporis

109 827 300 886 medicos
342 829 422 872 hoc
458 842 559 885 prae
602 829 754 872 ceteris
793 829 1090 886 investigasse,
1125 827 1297 885 febr-ine
1327 827 1541 870 laboraret
1572 828 1610 870 is
1641 829 1716 883 qui

109 900 192 943 sibi
233 899 348 944 male
385 914 475 943 esse
506 903 859 957 conquereretur;
894 914 1023 957 quam
1055 901 1091 942 si
1123 914 1206 942 non
1239 900 1453 942 inveniret
1484 902 1582 941 tum
1614 911 1714 941 eum

109 970 252 1014 nentis
282 969 473 1014 laborare
506 971 654 1014 morbo
685 971 963 1015 intellexisse.
1006 971 1201 1014 Fortasse
1231 972 1320 1013 iam
1352 969 1545 1013 Platonis
1577 973 1716 1012 aetate

36 1051 37 1055 ’
109 1041 262 1086 eodem
287 1042 417 1086 modo
445 1055 572 1100 agere
600 1042 756 1086 medici
782 1042 986 1094 solebant,
1012 1042 1226 1098 siquidem
1254 1043 1300 1084 in
1327 1040 1552 1084 Phaedone
1582 1039 1715 1085 1050

34 1158 42 1170 „
109 1112 322 1171 legimus:
365 1113 416 1158 ἂν
459 1113 536 1167 ἔρῃ,
580 1110 608 1167 ᾧ
650 1114 700 1156 ἂν
743 1115 907 1165 σώματι
942 1114 985 1155 τί
1019 1114 1260 1164 ἐγγένηται,
1295 1113 1468 1163 νοσήσει,
1498 1112 1566 1164 ἐρῶ
1601 1108 1629 1165 ᾧ
1665 1111 1714 1155 ἂν

110 1183 298 1238 πυρετός.

179 1331 242 1376 Ad
271 1331 470 1390 singulos
499 1330 600 1375 libri
631 1332 744 1376 locos
776 1333 878 1376 haec
910 1335 1089 1375 annoto:

175 1402 316 1448 5231)
349 1405 480 1447 καίτοι
510 1405 687 1451 πολλοὺς
716 1403 767 1447 ἂν
793 1403 897 1446 εἴποι
925 1420 1004 1455 τις,
1034 1401 1094 1446 ὅτι
1123 1406 1287 1454 μᾶλλον
1317 1403 1493 1445 ἐθέλουσι
1522 1408 1715 1446 πλουτεῖν

117 1477 189 1520 καὶ
222 1476 612 1527 κακοδαιμονοῦντες
647 1476 669 1526 ἢ
704 1476 896 1529 μακάριοι
929 1476 1119 1527 γενέσθαι
1153 1475 1285 1523 δόντες
1321 1476 1522 1527 ἀργύριον.

171 1548 284 1600 Iure,
327 1551 378 1592 ut
419 1549 582 1605 opinor,
625 1547 818 1591 Naberus
860 1548 979 1591 istud
1021 1548 1093 1590 καί
1125 1548 1298 1590 eximit:
1331 1547 1571 1601 simpliciter
1602 1548 1716 1590 enim

111 1621 226 1664 inter
254 1633 300 1664 se
327 1621 486 1677 opponi
512 1619 667 1663 deb‘ent
694 1620 740 1663 τὸ
768 1620 1081 1669 κακοδαιμονεῖν
1108 1624 1150 1663 et
1179 1621 1223 1662 τὸ
1252 1619 1479 1672 μακαρίους
1509 1618 1716 1672 γενέσθαι,

114 1691 411 1750 emphaticam
442 1691 558 1734 istud
591 1691 658 1734 vel
686 1695 760 1734 aut
794 1691 914 1734 etiam
945 1691 1051 1735 dicti
1082 1690 1200 1735 tollit
1230 1692 1532 1734 urbanitatem.

173 1827 307 1874 5240
349 1833 447 1870 πῖν’
470 1827 706 1882 ποριζόντων
753 1829 770 1871 o‘
814 1829 889 1879 μὲν
925 1830 1056 1877 ἐνδεὴς
1091 1829 1160 1871 καὶ
1194 1827 1342 1880 ἄπορος
1377 1828 1589 1871 παύσεται
1622 1829 1715 1876 ἴσως

112 1899 254 1943 ἑστίαν
287 1899 545 1950 κτησάμενος
579 1900 600 1949 ἢ
635 1900 829 1952 θησαυρὸν
862 1900 994 1952 εὑρών,
1032 1900 1053 1949 ἣ
1086 1901 1213 1947 Φίλου
1241 1900 1517 1951 βοηθήσαντος
1551 1901 1717 1947 ἐκτίσας

112 1971 180 2014 καὶ
215 1971 493 2023 ἀπαλλαγεὶς
525 1974 597 2014 τοῦ
631 1971 843 2014 δανειστοῦ

111 2047 158 2086 at
187 2055 343 2086 avarus
372 2042 631 2086 insatiabilis
663 2047 742 2094 est,
776 2043 891 2086 hunc
922 2043 1052 2086 habet
1085 2043 1299 2087 morbum.

171 2113 257 2157 Hic
286 2113 489 2157 Reiskius
520 2115 758 2157 rectissime
792 2128 868 2171 pro
902 2114 1137 2166 ποριζόντων
1171 2114 1283 2172 legit
1310 2114 1589 2168 ποριζομένων,
1619 2130 1718 2159 nam

111 2183 165 2228 de
191 2183 364 2228 homine
395 2185 540 2227 vietum
566 2190 779 2242 quaerente
805 2199 944 2229 sermo
970 2200 1059 2229 esse
1086 2186 1223 2230 debet.
1252 2185 1335 2230 Sed
1363 2189 1560 2244 graviore
1587 2189 1717 2230 etiam

112 2255 260 2299 morbo
306 2255 472 2300 laborat
511 2255 645 2309 locus,
693 2257 769 2313 qui
809 2272 889 2313 qua
931 2257 1088 2299 ratione
1128 2259 1184 2300 sit
1227 2257 1439 2301 sanandus
1470 2257 1609 2309 video,
1643 2274 1718 2315 quo

111 2327 226 2388 verbo
261 2341 345 2370 non
390 2327 529 2371 video.
575 2328 775 2371 Primum
820 2328 936 2371 istud
979 2327 1072 2375 ἴσως
1118 2328 1243 2385 plane
1276 2329 1376 2372 hinc
1408 2334 1473 2372 est
1504 2328 1717 2372 alienum:

112 2394 373 2445 afferendum
403 2404 468 2443 est
499 2413 585 2443 non
617 2399 780 2456 aliquid
814 2399 928 2456 quod
951 2400 1139 2455 fortasse
1170 2400 1242 2443 sed
1275 2399 1440 2457 aliquid
1473 2400 1588 2457 quod
1615 2405 1719 2443 certo

21 2479 24 2483 '
47 2496 49 2499 v
113 2470 188 2514 fiat
219 2475 263 2515 et
295 2485 458 2526 semper.
495 2470 657 2514 Deinde
683 2470 865 2514 absurde
894 2471 1013 2513 ἑστία
1041 2471 1110 2514 hic
1136 2471 1330 2514 infertur.
1365 2473 1430 2514 An
1458 2474 1532 2529 qui
1559 2477 1718 2516 certam

112 2542 242 2586 habet
271 2541 416 2585 sedem
450 2541 678 2598 focumqus
709 2542 762 2584 ob
796 2555 888 2584 eam
925 2541 1058 2585 solam
1092 2557 1263 2586 causam
1297 2543 1437 2586 nullos
1471 2544 1600 2587 habet
1632 2559 1719 2587 me-

21 2610 23 2623 *
76 2648 79 2651 .
112 2614 254 2656 tuitve
305 2612 554 2664 creditores,
608 2611 726 2656 nullo
775 2627 869 2656 aere
910 2612 1049 2656 alieno
1091 2612 1333 2670 premitur?
1386 2615 1497 2668 Quid
1538 2617 1582 2657 in
1625 2617 1720 2658 istis

113 2682 209 2732 ἴσως
251 2683 394 2727 ἑστίαν
435 2683 568 2727 lateat
610 2685 763 2734 nescio,
807 2684 879 2727 sed
924 2686 1160 2740 requiritur
1201 2684 1366 2742 aliquid
1399 2700 1482 2742 quo
1514 2691 1719 2742 quaestum

30 2765 32 2767 ’
105 2755 224 2813 facit
254 2754 424 2812 aliquis,
459 2755 658 2812 quodque
691 2756 731 2798 ei
758 2760 1000 2812 praesentes
1028 2757 1227 2812 praebeat
1254 2771 1469 2808 nummos,
1499 2762 1604 2814 puta
1624 2773 1720 2812 pro-

114 2825 356 2868 curationem
388 2824 592 2883 aliquam,
627 2825 814 2869 aliamve
846 2840 937 2869 rem
971 2827 1082 2870 unde
1114 2827 1282 2870 lucrum
1319 2842 1486 2884 sperare
1521 2831 1667 2884 possit.

177 2972 314 3027 5251>
353 2972 594 3031 Byzantini,
622 2976 696 3030 qui
724 2973 951 3018 moechum
980 2974 1257 3031 deprehendit
1283 2975 1394 3032 apud
1426 2990 1606 3019 uxorem
1633 2979 1719 3019 tur-
