2002 3372
865 223 952 268 163

105 347 218 392 dicet
244 346 484 400 „formulae
510 347 720 405 quaedam
745 351 859 399 sunt,
885 348 1042 405 quibus
1066 347 1179 390 nihil
1205 346 1361 391 melius
1378 347 1702 403 accuratiusque

106 420 350 477 excogitare
375 422 611 476 potuerunt
635 420 992 476 praestantissimi
1009 421 1205 463 omnium
1223 418 1492 462 saeculorum
1508 418 1702 461 homines

104 490 159 535 ad
201 504 324 535 suam
362 490 415 534 de
447 491 575 535 rebus
606 491 888 534 sanctissimis
921 492 1166 548 opinionem
1193 490 1544 542 enuntiandam’'‚
1576 494 1705 546 atque

46 575 49 577 ·
106 564 199 607 veri
234 563 469 622 gravisque
501 563 582 606 hoc
614 576 704 606 esse
734 562 926 620 theologi
959 562 1146 606 officium
1180 563 1360 606 sentiet:
1393 576 1415 605 e
1447 560 1705 618 vulgaribus

46 625 49 627 ⁵
103 634 298 679 indoctae
339 633 479 692 plebis
521 635 676 686 verbis,
720 648 828 691 quae
859 648 973 677 nunc
1005 648 1129 692 saepe
1162 634 1396 678 admodum
1427 633 1610 678 absurda
1642 635 1705 677 vi-

106 706 300 759 deantur,
327 706 559 750 sublimem
588 705 803 763 quandam
831 710 874 749 et
902 711 1118 749 aeternam
1146 720 1293 750 eruere
1319 708 1562 757 veritatem,
1591 705 1704 749 unde

106 777 184 822 ffla
213 782 438 836 tamquam
469 793 492 822 e
524 778 672 823 divina
703 780 836 835 stirpe
867 782 968 821 nata
999 780 1099 821 sint.
1131 777 1225 821 Hoc
1255 777 1412 822 clamat
1443 777 1706 821 Plutarchus

109 849 265 894 diserte
309 849 526 894 declarans
570 851 723 907 „impii
765 854 828 893 est
869 850 961 893 dira
1002 851 1085 893 ista
1116 854 1160 893 et
1191 849 1393 900 crudelia,
1427 863 1534 907 quae
1566 849 1706 893 multa

45 947 46 950 =
109 922 425 981 Aegyptiorum
472 922 601 965 habet
643 921 817 979 religio,
861 923 921 965 sic
963 923 1152 979 accipere
1193 927 1244 964 ut
1283 922 1406 965 nobis
1448 921 1704 965 traduntur’'

105 996 301 1051 tectaque
334 998 423 1037 toto
454 1007 532 1037 suo
561 993 672 1037 libro
704 1006 902 1037 monens:
940 993 1040 1045 „sed
1074 995 1136 1050 pii
1166 998 1230 1037 est
1261 994 1367 1036 bene
1392 992 1636 1050 intelligere
1663 997 1706 1036 et

104 1066 264 1109 sentire
310 1067 518 1123 pietatem
559 1064 711 1123 populi
753 1067 828 1122 qui
870 1079 994 1108 suam
1036 1065 1194 1108 Isidem
1237 1079 1450 1122 suumque
1491 1065 1704 1108 Osiridem

105 1136 229 1181 cultu
259 1141 488 1182 veneretur
520 1151 544 1181 a
574 1138 733 1181 nostris
765 1138 957 1180 moribus
989 1141 1080 1180 tam
1111 1136 1324 1181 divers0''.

112 1225 114 1227 ’
168 1207 365 1266 Denique
416 1210 794 1266 persuasissimum
848 1209 969 1252 nobis
1023 1208 1178 1252 habere
1226 1222 1456 1265 possumus
1504 1207 1704 1265 theologo

108 1277 394 1325 Chaeronensi
434 1280 607 1324 nullum
642 1279 867 1324 meliorem
899 1285 1064 1324 exstare
1095 1282 1287 1337 potuisse
1320 1279 1472 1322 ducem
1505 1279 1704 1322 omnibus

38 1350 42 1352 ’
108 1353 198 1410 qui,
230 1357 282 1396 ut
305 1349 409 1396 Olea
434 1358 591 1404 nostra,
620 1351 874 1409 theologicis
901 1351 1119 1395 studentes
1146 1351 1516 1408 disquisitionibus
1543 1355 1587 1394 et
1613 1351 1705 1394 doc-

107 1425 267 1468 trinam
299 1427 493 1481 peterent
524 1428 568 1468 et
597 1425 755 1467 mentis
786 1425 979 1480 requiem
1012 1424 1338 1480 sanitatemque.

171 1495 237 1539 Ad
278 1495 472 1554 singulos
515 1500 661 1539 autem
703 1494 818 1538 locos
859 1495 930 1538 hic
959 1495 1217 1552 paucissima
1249 1499 1421 1537 tantum
1453 1498 1621 1538 annoto.
1654 1494 1703 1537 In

106 1565 218 1611 libro
259 1569 376 1611 enim
420 1566 647 1612 vernacule
677 1568 835 1623 scripto
866 1566 966 1620 (,‚de
997 1566 1228 1611 Avondzon
1261 1566 1334 1609 des
1365 1566 1704 1619 Heidendoms'')

103 1638 323 1696 integram
365 1637 463 1682 dedi
504 1642 712 1682 tractatus
752 1637 1002 1681 Plutarchei
1049 1639 1448 1695 interpretationem
1480 1638 1704 1691 (secundae

105 1708 320 1762 editionis,
348 1723 456 1766 quae
481 1709 560 1753 sub
586 1709 714 1752 finem
741 1710 928 1766 proximi
956 1710 1057 1752 anni
1083 1709 1152 1752 hic
1179 1709 1292 1766 apud
1319 1708 1362 1752 S.
1390 1707 1436 1753 G.
1464 1723 1548 1753 van
1577 1709 1704 1753 Does-

103 1780 248 1839 burgh
289 1780 450 1838 prodiit
489 1794 588 1838 pag.
624 1779 895 1834 125—182),
938 1781 999 1823 sic
1039 1794 1110 1823 me
1154 1780 1261 1823 bene
1302 1782 1458 1824 mereri
1499 1785 1618 1824 ratus
1652 1781 1703 1824 de

105 1850 420 1910 Aegyptologis
445 1853 618 1905 nostris,
646 1866 830 1910 quorum
856 1866 968 1895 unus
995 1856 1038 1895 et
1064 1850 1172 1895 alter
1198 1851 1372 1910 Belgice
1394 1866 1524 1909 quam
1543 1851 1703 1896 Graece

105 1925 265 1982 scripta
303 1923 448 1982 legere
488 1923 628 1977 malit,
672 1928 716 1967 et
747 1925 784 1966 si
815 1937 899 1980 qua
931 1937 976 1966 se
1007 1922 1077 1966 vel
1109 1922 1214 1966 olim
1247 1923 1461 1966 obtulerat
1494 1923 1563 1967 vel
1593 1924 1704 1967 mihi

105 1997 293 2040 vertenti
321 1995 523 2040 offerebat
547 1996 741 2053 quaestio
767 1996 928 2046 critica,
957 1995 1060 2051 quid
1087 1994 1198 2037 mihi
1224 1994 1457 2052 legendum
1486 1995 1704 2038 videretur

103 2069 148 2111 et
192 2081 278 2125 qua
319 2081 446 2112 causa
485 2069 531 2110 in
572 2066 685 2110 calce
727 2068 910 2124 paginae
951 2066 1205 2124 significavi.
1253 2066 1366 2119 Quas
1407 2068 1703 2111 annotationes

105 2137 322 2183 consulere
363 2140 494 2183 etiam
536 2140 570 2181 ii
612 2143 819 2196 poterunt
861 2139 935 2195 qui
965 2140 1011 2181 in
1044 2142 1188 2181 nostro
1221 2152 1414 2181 sermone
1446 2138 1569 2195 plane
1601 2143 1702 2182 sunt

103 2210 308 2268 hospites.
357 2209 421 2254 De
469 2210 610 2253 tribus
659 2213 829 2253 tantum
878 2209 983 2253 locis
1024 2210 1094 2253 hic
1135 2210 1451 2254 observationes
1493 2210 1699 2267 quasdam

102 2281 328 2340 proferam,
361 2295 544 2340 quarum
577 2281 686 2325 duae
712 2296 765 2325 ne
791 2295 911 2325 meae
939 2281 1113 2339 quidem
1141 2286 1242 2324 sunt
1269 2281 1340 2325 sed
1368 2296 1418 2325 ex
1447 2296 1495 2325 eo
1521 2297 1700 2325 numero

103 2354 313 2407 virorum,
345 2367 530 2411 quorum
563 2355 790 2411 praecipue
823 2367 949 2397 causa
981 2367 1159 2411 gravem
1190 2353 1316 2396 illum
1344 2368 1581 2410 parumque
1608 2367 1702 2411 gra-

46 2477 49 2485 i
104 2427 203 2468 tum
233 2424 428 2469 vertendi
458 2424 650 2468 laborem
684 2439 964 2482 susceperam.

167 2493 215 2541 Ο.
250 2495 308 2540 32
348 2499 408 2552 (p.
443 2495 596 2550 363Ε)
638 2497 707 2538 καὶ
751 2497 885 2549 θρῆνός
930 2497 1038 2539 ἐστιν
1075 2495 1175 2549 ἱερὸς
1209 2497 1275 2539 ἐπὶ
1307 2500 1378 2539 τοῦ
1412 2497 1556 2549 Κρόνου
1589 2495 1701 2548 γενό-

27 2599 29 2602 <
106 2581 242 2619 μενος,
286 2566 417 2620 θρηνεῖ
455 2566 495 2609 δὲ
537 2581 605 2609 τον
648 2568 688 2609 ἐν
732 2573 818 2615 τοῖς
856 2569 1079 2622 ἀριστεροῖς
1116 2567 1360 2619 γιγνόμενον
1393 2567 1553 2620 μέρεσιν
1588 2568 1628 2609 ἐν
1659 2568 1701 2610 δὲ

105 2643 190 2687 τοῖς
223 2636 370 2689 δεξιοῖς
402 2637 676 2692 φθειρόμενον.

161 2708 225 2753 De
264 2709 344 2753 hoc
382 2709 476 2753 loco
520 2709 629 2752 duae
661 2709 714 2752 ad
746 2724 814 2753 me
846 2714 1134 2767 pervenerunt
1166 2711 1397 2753 sententiae
1428 2711 1622 2752 virorum
1654 2711 1698 2752 in

97 2781 223 2824 rebus
249 2782 479 2839 Aegyptiis
507 2783 911 2833 versatissimorum,
941 2797 1125 2839 quorum
1152 2782 1222 2824 hic
1249 2781 1453 2824 traditam
1469 2781 1696 2825 lectionem

34 2870 37 2871 ⁷
100 2852 245 2906 Κρόνου
287 2851 489 2904 defendit,
522 2856 671 2910 utpote
704 2867 787 2910 quo
818 2855 992 2896 nomine
1024 2854 1127 2896 deus
1159 2853 1242 2896 Seb
1275 2853 1555 2910 significetur,
1590 2853 1698 2896 alter

97 2921 260 2980 Squirii
298 2922 655 2982 (Wyttenbachii)
698 2925 849 2981 probat
880 2924 1220 2968 emendationem
1254 2924 1468 2977 Ὀσίριδος.
1501 2924 1597 2968 Non
1632 2929 1699 2968 est

98 3009 246 3039 meum
269 2996 317 3039 in
338 2995 416 3040 hac
438 2995 515 3039 lite
542 2997 754 3039 arbitrum
780 3010 920 3054 agere,
947 2997 1025 3040 hoc
1054 2996 1160 3048 dico,
1189 2997 1273 3039 nisi
1299 2996 1368 3039 hic
1395 2999 1470 3039 aut
1496 2996 1697 3049 Ὀσίριδος
