2002 3372
1090 187 1174 231 146

339 328 530 356 sermone
586 313 850 356 celebrantur
903 310 989 352 late
1042 313 1214 352 sonante
1268 324 1343 352 nec
1397 313 1540 353 tamen
1586 312 1716 354 nimis
1761 311 1916 354 fucato.

340 384 539 441 Quodque
572 384 806 426 maiestatis
838 382 1049 424 Romanae
1081 379 1472 436 splendidissimum
1505 382 1583 424 hoc
1613 383 1704 438 ipso
1731 386 1919 439 tempore

340 458 505 498 exstitit
546 457 887 504 monumentum,
932 451 1195 507 Capitolium
1229 451 1477 502 Domitiani,
1509 466 1608 508 prae
1640 466 1723 508 quo
1754 452 1920 496 Lutatii

341 525 485 568 Catuli
526 525 633 567 illud
675 524 762 567 vile
802 527 891 566 erat
933 521 1136 565 sacellum
1159 523 1202 574 ¹),
1244 522 1321 565 hoc
1363 537 1463 565 vero
1506 524 1918 579 praestantissimum

338 598 491 639 oratori
537 596 709 652 praebet
751 597 883 637 totius
924 593 1221 649 disputationis
1262 597 1582 644 ornamentum;
1627 595 1762 636 omnis
1803 595 1918 636 enim

336 667 430 709 laus
472 667 696 717 Fortunae,
739 667 807 708 cui
849 669 1018 707 tantum
1061 664 1185 706 debet
1227 663 1375 716 Roma,
1421 664 1592 706 tandem
1623 665 1667 706 in
1698 664 1805 707 hanc
1830 666 1919 707 exit

336 740 668 794 perorationem:
715 737 825 788 „nisi
855 735 1043 778 Fortuna
1073 734 1289 793 adfuisset,
1322 749 1396 777 nos
1427 749 1539 776 nunc
1570 733 1778 790 Capitolio
1809 748 1919 778 care-

336 823 478 851 remus
506 808 686 850 Romani
710 808 880 862 imperii
909 805 1069 861 templo
1086 819 1214 861 quam
1232 807 1417 847 maxime
1435 805 1716 848 venerando''.
1745 805 1916 848 Etenim

337 893 412 921 cur
451 878 550 920 libri
589 879 721 920 nostri
752 891 834 919 non
864 878 926 919 ita
961 876 1099 918 multa
1130 876 1355 918 desiderari
1387 875 1552 918 credam
1585 879 1628 918 et
1660 876 1762 919 haec
1791 889 1918 918 causa

338 953 414 1000 est,
443 949 554 1005 quod
582 947 782 1004 Capitolii
808 947 901 989 laus
929 948 1007 989 sub
1035 947 1163 989 finem
1186 947 1359 997 demum
1376 961 1502 988 suum
1521 947 1602 988 sibi
1617 945 1759 989 locum
1777 946 1916 989 habet.

396 1020 532 1072 Quam
565 1020 676 1076 quod
707 1019 1122 1074 praestantissimum
1155 1018 1456 1073 disputationis
1487 1023 1783 1060 ornamentum
1815 1016 1918 1067 dixi,

338 1092 465 1134 verba
506 1090 821 1132 considerabam
863 1088 1089 1144 magnifica
1130 1088 1296 1144 lateque
1339 1089 1572 1130 sonuantia.
1618 1087 1730 1130 Nam
1764 1087 1825 1130 -ad
1855 1089 1919 1130 in-

339 1163 583 1203 ventionem
626 1160 737 1217 quod
780 1161 946 1210 attinet,
990 1159 1176 1214 praefero
1218 1160 1346 1201 etiam
1379 1160 1645 1214 prooemium
1675 1158 1784 1201 illud
1812 1157 1920 1214 lepi-

338 1232 579 1282 dissimum,
613 1245 695 1286 quo
727 1230 841 1272 haud
872 1229 993 1272 facile
1027 1230 1259 1285 quidquam
1290 1231 1513 1271 venustius
1544 1230 1834 1286 excogitatum
1859 1229 1920 1271 iu·

338 1304 503 1344 venias:
540 1316 679 1352 „nunc
711 1303 936 1357 antiquum
967 1299 1078 1342 illud
1109 1299 1291 1342 Virtutis
1321 1305 1363 1342 et
1393 1299 1604 1342 Fortunae
1629 1308 1841 1342 certamen
1867 1298 1919 1341 ad

338 1375 503 1415 exitum
531 1373 797 1428 perducetur,
825 1375 1012 1414 certatur
1038 1373 1151 1413 enim
1180 1370 1229 1413 de
1259 1371 1416 1413 Romae
1443 1372 1645 1426 potentia.
1676 1370 1918 1426 Nunc-ergo

337 1444 431 1485 finis
472 1445 716 1499 imponetur
756 1442 1010 1499 vulgaribus
1052 1441 1101 1483 de
1144 1445 1322 1496 utraque
1354 1442 1642 1483 sermonibus:
1675 1439 1917 1483 instabilem

338 1516 457 1556 aiunt
489 1529 578 1556 esse
610 1514 841 1556 Fortunam
869 1545 877 1555 .
900 1545 908 1555 .
930 1545 939 1554 .
959 1545 971 1573 .-
997 1512 1098 1568 quid
1131 1514 1167 1554 si
1198 1512 1273 1554 illa
1305 1514 1466 1554 aeterni
1497 1511 1616 1554 illius
1645 1513 1815 1569 imperii
1840 1511 1918 1554 Ro-

337 1587 454 1627 mani
480 1585 664 1627 effectrix
692 1583 883 1627 exstitit?
911 1583 967 1625 Et
994 1583 1175 1625 Virtutis
1202 1582 1464 1639 praeclarum
1481 1597 1636 1626 nomen
1653 1584 1724 1626 sed
1741 1584 1919 1639 exiguas

338 1658 471 1698 vires:
515 1655 617 1711 quid
659 1657 693 1697 si
736 1655 810 1697 illa
842 1655 1018 1697 Romam
1053 1654 1241 1696 condidit
1272 1659 1482 1696 terrarum
1514 1655 1625 1697 orbis
1650 1653 1919 1697 'dominam''.

338 1727 554 1779 Quantum
596 1728 678 1768 isto
722 1727 937 1782 prooemio
980 1725 1124 1767 audito
1163 1724 1382 1767 silentium
1414 1725 1542 1767 fuisse
1571 1729 1774 1781 putemus
1808 1737 1921 1766 seua-

338 1802 480 1840 torum
522 1796 711 1847 illorum,
753 1795 1167 1845 iurisconsultorum,
1203 1799 1432 1846 oratorum,
1466 1800 1700 1851 poetarum,
1736 1793 1921 1852 philoso—

340 1869 535 1924 phorum,
578 1870 651 1924 qui
692 1871 972 1910 convenerant
1011 1867 1063 1908 ad
1105 1865 1317 1909 Graecum
1357 1866 1486 1908 illum
1527 1867 1808 1918 audiendum,
1851 1865 1920 1907 cui

339 1938 567 1994 opulentus
594 1938 748 1994 aliquis
766 1938 1037 1994 Imperatoris
1055 1939 1216 1979 amicus
1235 1951 1360 1979 suum
1379 1938 1629 1992 praebuerat
1644 1937 1919 1980 auditorium.

340 2009 486 2064 Neque
529 2009 676 2051 dubito
719 2010 821 2064 quin
863 2008 915 2050 ad
955 2008 1083 2050 finem
1124 2022 1256 2063 usque
1296 2011 1436 2050 orator
1468 2022 1536 2050 eos
1569 2008 1799 2051 detinuerit
1829 2020 1921 2050 sen-

340 2079 529 2122 tentiolis
563 2081 650 2121 suis
682 2081 831 2130 acutis,
865 2080 1124 2122 ornamentis
1157 2078 1404 2134 splendidis,
1435 2080 1748 2122 narrationibus
1773 2081 1919 2122 iucun-

341 2149 418 2201 dis,
454 2150 797 2206 enthymemasin
837 2149 976 2206 lepide
1008 2151 1200 2192 tornatis.
1232 2149 1382 2201 Nemo,
1415 2153 1465 2191 ut
1497 2152 1657 2206 opinor,
1688 2149 1787 2192 inde
1818 2151 1923 2192 abiit

341 2222 443 2276 quin
489 2220 663 2263 domum
712 2235 905 2264 reversus
955 2225 1168 2263 narraret:
1219 2234 1319 2272 „en,
1367 2221 1611 2263 invenimus
1656 2222 1726 2264 cui
1768 2220 1922 2264 liberos

340 2295 502 2333 nostros
549 2291 785 2334 educandos
834 2293 1170 2341 committamus,
1220 2305 1348 2347 quem
1395 2291 1445 2333 de
1488 2292 1613 2334 rebus
1654 2293 1921 2347 gravissimis

341 2361 626 2412 consulamus,
656 2362 708 2404 ad
735 2376 863 2418 quem
889 2363 1187 2418 confugiamus
1213 2361 1345 2410 dubii,
1374 2363 1503 2413 anxii,
1531 2361 1720 2404 affiicti'’.
1753 2361 1808 2404 Et
1833 2363 1920 2404 iam

341 2434 487 2474 statim
526 2435 570 2475 in
612 2435 734 2476 initio
780 2447 952 2489 operam
984 2433 1100 2475 dedit
1132 2437 1271 2475 orator
1302 2437 1351 2474 ut
1385 2446 1529 2475 omnes
1563 2435 1716 2476 scirent
1747 2433 1922 2475 ubinam

342 2506 550 2545 terrarum
578 2509 686 2546 esset
714 2504 976 2559 quaerendus
1003 2518 1102 2546 cum
1129 2503 1263 2545 Roma
1279 2503 1490 2558 profectus
1505 2508 1626 2546 esset.
1653 2503 1765 2546 Illud
1784 2503 1923 2559 „apud

342 2587 416 2618 nos
460 2572 753 2616 Chaeroneae’'
797 2576 899 2616 satis
938 2574 1084 2616 edocet
1126 2573 1342 2616 audientes
1385 2588 1467 2615 non
1508 2575 1624 2616 vitae
1655 2572 1924 2616 tabernacula

344 2644 502 2686 Romae
543 2647 784 2700 positurum
827 2650 1035 2687 oratorem
1072 2644 1144 2687 sed
1176 2643 1435 2699 simulatque
1468 2646 1569 2686 satis
1599 2644 1662 2686 ibi
1690 2645 1925 2686 innotuerit

343 2729 414 2756 rus
455 2729 580 2757 suum
624 2718 909 2771 repetiturum
951 2717 1026 2757 ubi
1059 2714 1314 2770 tranquillus
1346 2716 1598 2770 quietusque
1630 2713 1758 2756 saluti
1789 2714 1924 2757 homi—

343 2799 446 2826 num
480 2788 716 2842 prospicere
747 2792 900 2843 pergat
932 2785 1145 2828 scribendo
1179 2785 1457 2841 docendoque.

394 2938 422 2975 1)
447 2938 564 2969 Mart.:
590 2940 621 2968 eb
644 2937 779 2968 laudant
805 2937 910 2969 Catuli
931 2936 1011 2968 vilia
1035 2936 1150 2977 templa
1173 2946 1270 2967 senes.
