2002 3372
853 220 939 264 139

91 343 247 398 ξασθαι·
263 357 419 401 parum
448 342 726 387 intellexisse.
760 343 997 404 Postquam
1030 345 1144 386 enim
1174 344 1332 400 auguri
1362 342 1457 385 ideo
1489 343 1694 399 abrogare

92 415 379 459 sacerdotium
406 415 469 459 fas
495 429 579 459 non
604 415 736 458 fuisse
764 415 929 458 dictum
957 419 1022 458 est
1049 414 1163 471 quod
1190 418 1430 472 auguratus
1457 428 1543 456 non
1560 413 1694 457 bonor

92 490 204 531 esset
232 485 309 531 eed
340 499 422 539 ars,
455 488 516 530 sic
548 501 662 530 nunc
693 488 915 543 pergitur:

155 554 288 608 ὅμοιον
329 553 395 600 οὖν
438 559 494 611 τῷ
533 557 602 600 τὸν
642 558 835 608 μουσικὸν
878 557 1354 610 ἀποψηφίσασθαι
1399 557 1591 607 μουσικὸν
1635 556 1694 607 μὴ

95 626 199 672 dm
233 628 301 672 καὶ
334 630 402 672 τὸν
434 629 569 682 ἰατρὸν
603 629 749 682 ἰατρῶν
784 631 830 673 τὸ
864 629 1034 672 κωλύειν
1065 629 1216 680 μάντιν
1249 626 1353 671 εἶναι
1385 628 1454 670 τὸν
1488 627 1652 679 μάντιν.

157 699 349 758 Legatur
373 700 659 754 ψηφίσασθαι,
691 715 778 744 non
804 703 921 744 enim
947 701 1178 744 absolvendi
1199 699 1274 743 sed
1301 699 1540 742 decernendi
1567 699 1696 743 verbo

95 785 204 829 opus
232 772 303 816 hic
333 775 410 816 881.

91 934 97 954 ·.
153 913 371 972 Egregius
414 914 484 958 hic
523 918 588 958 est
625 914 906 969 Quaestionum
937 915 1207 957 Romanarum
1247 913 1370 966 liber,
1414 914 1618 970 egregius
1654 917 1697 957 et

94 983 220 1043 plane
258 985 568 1042 Plutarcheus:
612 999 890 1043 quaecunque
923 988 1037 1029 enim
1069 988 1115 1029 in
1147 1000 1196 1029 eo
1228 986 1367 1034 λύσεις
1401 989 1698 1042 proponuntur

29 1067 31 1070 ’
95 1071 169 1101 eae
200 1071 347 1101 omnes
379 1059 550 1100 moribus
581 1058 828 1115 aequalium
858 1058 1134 1101 emendandis
1160 1059 1416 1101 inserviunt.
1450 1057 1618 1110 Quanto
1644 1057 1697 1099 ab

93 1143 145 1173 eo
174 1128 386 1186 discrepat
416 1128 494 1173 ille
526 1131 597 1173 cui
635 1131 876 1172 Graecarum
908 1134 974 1173 881
1004 1144 1161 1173 nomen
1194 1126 1519 1186 quaestionum!
1554 1127 1698 1171 Multo

96 1201 231 1244 etiam
276 1201 421 1258 magis
465 1201 587 1244 nobie
632 1200 1023 1244 Alexandrinorum
1064 1202 1108 1243 in
1153 1204 1343 1244 mentem
1385 1204 1512 1244 vocat
1552 1200 1699 1256 poesin

96 1270 427 1329 aetiologicam:
453 1275 572 1315 totus
599 1287 651 1315 ex
681 1272 758 1316 illa
789 1273 1005 1329 profectus
1037 1271 1183 1315 8011013
1204 1271 1399 1324 videtur;
1427 1285 1493 1314 res
1514 1272 1703 1314 continet

22 1365 26 1369 ·
101 1355 231 1400 quam
273 1345 462 1387 maxime
503 1343 741 1387 reconditas
783 1358 835 1387 ex
867 1345 1030 1401 ignotis
1061 1343 1258 1387 collectas
1289 1344 1440 1400 poetis.
1474 1342 1585 1396 Quid
1618 1342 1701 1385 sibi

102 1428 151 1458 eo
190 1413 410 1458 conflando
452 1417 721 1473 proposuerit
753 1417 937 1472 scriptor
967 1419 1189 1472 exputare,
1221 1416 1359 1458 immo
1393 1428 1494 1457 vero
1526 1414 1702 1470 fingere,

99 1487 173 1530 vix
204 1499 394 1543 possum.
426 1487 498 1529 An
529 1490 665 1530 artem
697 1489 909 1545 poeticam
933 1487 1157 1529 docentium
1184 1500 1312 1529 causa
1336 1490 1402 1529 est
1426 1486 1704 1542 compositue‚

21 1550 23 1554 ¹
98 1557 462 1615 quemadmodum
494 1558 635 1602 multo
665 1562 791 1602 antea
821 1557 1013 1603 Cornelii
1040 1557 1159 1602 Galli
1185 1571 1312 1601 causa
1338 1557 1596 1600 Parthenius
1628 1569 1705 1599 sua

19 1628 21 1631 ’
98 1627 278 1686 collegit
318 1630 554 1680 παθήματα
595 1630 780 1683 ἐρωτικά,
814 1634 1015 1687 excerpta
1046 1644 1069 1673 e
1099 1630 1251 1687 poetis,
1286 1629 1398 1673 unde
1431 1628 1589 1686 elegias
1619 1628 1704 1672 Ro-

26 1731 27 1735 =
98 1713 246 1744 manas
269 1700 429 1745 faceret
454 1699 720 1758 discipulus?
746 1701 830 1744 Sed
854 1701 1080 1744 Plutarchi
1107 1715 1198 1744 esse
1223 1700 1299 1744 illa
1325 1700 1443 1743 αἴτια
1474 1700 1700 1748 Ἑλληνικά

21 1779 23 1783 ’
96 1772 372 1816 vehementer
390 1773 565 1818 'dubito
607 1778 651 1817 et
693 1774 910 1817 dubitasse
952 1775 1081 1816 etiam
1125 1772 1300 1816 videtur
1326 1772 1701 1830 Wyttenbachius.

95 1843 220 1888 Nihil
259 1844 330 1888 hic
370 1845 594 1889 invenitur
634 1859 719 1902 quo
763 1844 854 1888 ulla
896 1844 1036 1888 alatur
1078 1847 1400 1888 suetenteturve
1442 1844 1585 1895 virtus,
1619 1844 1704 1886 nisi

47 1946 50 1947 ν
94 1915 206 1960 illud
225 1916 415 1974 fortasee
445 1917 559 1974 quod
591 1931 633 1974 p.
670 1917 808 1960 303D
837 1917 1024 1975 legitur:
1056 1916 1108 1960 ad
1134 1930 1288 1959 nomen
1316 1917 1389 1966 τὴν
1419 1915 1700 1967 Δεξικρέοντος

26 2043 27 2046 ¹
98 1987 346 2040 ἵΛΦροδίτην
376 1987 678 2045 explicandum
710 1997 754 2031 et
785 1988 891 2032 31138
923 1988 1051 2046 fingit
1084 1989 1264 2044 scriptor
1297 2012 1353 2020 —
1386 1992 1514 2044 atque
1546 1986 1650 2030 adeo
1677 2000 1700 2029 e

98 2060 239 2116 poetis
279 2061 371 2103 suis
410 2060 541 2104 refert
573 2086 629 2094 -
662 2059 1002 2104 narratiunculas
1043 2064 1087 2103 et
1127 2060 1259 2102 hanc:
1296 2059 1558 2110 „Dexicreon
1590 2072 1701 2101 mer-

98 2134 214 2175 cator
244 2130 443 2190 Cyprum
466 2134 766 2190 navigaturus,
794 2146 893 2175 cum
926 2145 1082 2175 navem
1110 2145 1232 2174 suam
1259 2134 1466 2182 oneraret,
1495 2145 1520 2173 a
1542 2129 1701 2173 Venere

97 2202 244 2247 iussus
279 2204 343 2256 (in
373 2205 552 2254 somnio,
586 2207 637 2246 ut
667 2205 834 2260 opinor)
865 2203 976 2246 nihil
1007 2206 1175 2260 praeter
1207 2216 1363 2259 aquam
1397 2216 1543 2245 secum
1576 2202 1699 2254 ferre,

18 2275 21 2326 j
99 2275 245 2331 paruit
268 2277 314 2318 et
337 2289 448 2332 aqua
472 2278 610 2318 totam
635 2275 837 2333 implevit
864 2289 1043 2327 navem;
1074 2274 1369 2318 deficientibus
1395 2278 1541 2317 autem
1559 2274 1701 2317 ventis

101 2349 194 2390 tam
234 2346 310 2390 diu
349 2347 396 2389 in
439 2345 674 2403 tranquillo
716 2348 828 2389 mari
869 2346 1142 2390 detinebatur
1170 2345 1248 2388 illa
1283 2350 1332 2388 ut
1364 2360 1512 2389 omnes
1544 2347 1620 2402 qui
1651 2358 1701 2388 ea

102 2418 370 2462 vehebantur
409 2419 484 2462 siti
525 2418 718 2462 laborare
758 2420 1017 2475 inciperent3
1062 2422 1159 2461 tum
1201 2418 1438 2461 Dexicreon
1482 2431 1559 2460 sua
1591 2431 1701 2474 aqua

98 2491 323 2547 ingentem
370 2490 471 2534 fecit
519 2493 766 2546 quaestum,
820 2489 935 2532 unde
980 2489 1082 2532 deae
1129 2488 1411 2532 simulacrum
1457 2488 1701 2532 faciendum

17 2610 20 2615 ,
100 2562 284 2614 curavit,
326 2574 508 2618 eamque
549 2561 601 2604 de
643 2575 720 2604 8110
765 2560 998 2618 appellavit
1040 2560 1258 2603 nomine.''
1305 2560 1550 2616 Adiicitque
1592 2560 1701 2602 hanc

100 2632 460 2691 disputationem:
507 2634 613 2685 „hoc
657 2635 694 2676 si
735 2647 887 2676 verum
929 2635 1007 2685 est,
1050 2636 1226 2688 apparet
1267 2632 1391 2675 deam
1433 2646 1517 2675 non
1562 2645 1701 2674 unum

99 2705 323 2749 hominem
361 2703 625 2762 locupletare
667 2704 869 2757 voluisse,
908 2704 981 2747 sed
1014 2703 1176 2747 multos
1209 2717 1285 2760 per
1316 2717 1452 2746 unum
1487 2704 1700 2747 servare’'.

15 2828 17 2834 ι
98 2775 171 2821 Sic
201 2781 279 2820 aut
309 2776 594 2820 admonentur
623 2776 816 2833 legentes
848 2780 897 2819 ut
929 2775 1056 2819 fidem
1090 2775 1244 2819 habere
1272 2776 1451 2818 somniis
1477 2774 1702 2832 prodigiis-

98 2862 182 2906 que
211 2861 264 2891 ne
296 2847 593 2906 dedignentur,
627 2853 702 2891 aut
735 2847 844 2890 falsa
875 2846 1114 2890 liberantur
1140 2847 1339 2903 opinione
1366 2846 1541 2888 divitias
1567 2860 1592 2888 a
1618 2845 1702 2889 diis

97 2923 321 2976 tamquam
364 2933 574 2977 magnum
617 2918 794 2976 aliquod
837 2919 1000 2962 bonum
1044 2917 1137 2961 dari
1179 2919 1262 2974 piis
1308 2917 1570 2960 hominibus.
1618 2917 1700 2961 Sed

96 2995 313 3050 praeterea
343 2994 459 3035 totus
485 2990 592 3035 liber
619 3004 736 3035 mera
762 2994 826 3034 est
852 2990 1068 3034 doctrinae
1094 2990 1336 3041 ostentatio,
1365 2991 1542 3046 eiusque
1568 3003 1698 3046 quam
