1930 3354
1015 256 1102 301 620

271 380 407 424 adacti
451 383 500 423 ut
539 380 635 422 vitis
673 393 927 435 magnorum
959 380 1152 423 virorum
1182 380 1400 423 scribendis
1430 384 1474 424 et
1505 381 1557 424 de
1587 382 1757 437 virtute·
1777 382 1844 427 de-

270 450 488 494 clamando
515 450 703 507 Lycurgi
727 449 976 506 Solonisque
1002 451 1274 493 imitarentur
1291 450 1843 498 oblectationes'’=einsnodi

270 525 368 563 sunt
400 525 448 563 ut
479 526 695 576 tamquam
727 521 771 561 in
803 534 846 562 se
879 520 990 562 dicta
1016 522 1203 576 accipere
1231 527 1273 564 et
1299 521 1483 564 refutare
1510 522 1844 578 pumicum-Plu-

270 591 452 633 tarchus.
484 589 566 632 Sed
596 589 704 631 nihil
735 590 942 632 eiusmodi
973 592 1017 632 in
1050 591 1165 634 hisce
1196 590 1319 634 libris
1347 591 1439 635 fieri
1465 591 1672 649 videmus,
1698 597 1844 639 eontra

270 674 398 715 quam
437 673 557 702 carus
601 659 808 715 Epicurus
848 660 1052 703 frat-ribus
1093 663 1182 704 suis
1224 662 1353 704 fuerit
1394 661 1591 706 lubenter
1620 667 1842 720 tamquam

269 744 358 773 rem
386 731 469 786 ipsi
494 732 668 786 cognitu
694 732 987 786 gratissimam
1013 736 1329 775 commemorat.
1358 732 1467 784 Quin
1491 734 1620 777 etiam
1643 735 1844 790 quumvis

268 799 448 842 ridicula
475 801 513 842 ei
540 800 735 843 videatur
763 801 969 851 „mutua”
997 803 1080 846 ista
1103 802 1408 858 Epicureorum
1427 803 1844 863 ‚,adorartio'·?,tnmen

269 884 351 913 non
393 870 635 913 dissimulat
676 885 718 914 se
758 873 803 914 in
843 873 947 928 ipsis
978 871 1290 916 illis-absurdis
1321 873 1518 916 laudibus
1549 874 1705 930 quibu·
1733 875 1844 920 inter

269 955 311 983 se
352 940 419 983 illi
462 945 643 984 utuntur
683 956 834 985 sonum
877 943 1086 998 quendam
1119 943 1264 986 audire
1297 945 1369 1000 qui
1400 943 1526 987 fidam
1557 945 1845 1001 sinceramque

269 1015 449 1055 test-etur
474 1013 720 1056 amicitiam.
751 1012 956 1070 Denique,
983 1016 1089 1057 item
1117 1018 1165 1057 ut
1192 1027 1298 1070 quae
1324 1018 1467 1058 contra
1491 1014 1652 1060 Stoicos
1676 1015 1845 1072 scripsit

268 1082 536 1134 Plutarchus,
566 1083 666 1126 libri
697 1086 788 1127 eius
811 1085 973 1140 quibus
1004 1085 1232 1142 Epicureos
1265 1085 1420 1128 refellit
1451 1085 1505 1129 de
1533 1087 1844 1144 temporisque

268 1155 416 1209 scripti
455 1159 555 1197 sunt
578 1169 670 1197 ·nos
701 1155 875 1198 edocent
905 1157 1108 1206 moribus,
1143 1155 1482 1212 documentoque
1513 1160 1612 1213 sunt
1635 1156 1759 1201 >lund
1784 1158 1845 1200 in-

267 1225 377 1266 iuria
409 1238 485 1267 nos
515 1229 558 1267 et
590 1239 642 1268 ex
673 1224 853 1268 aliorum
886 1231 927 1268 et
959 1241 982 1269 e
1014 1226 1191 1269 Luciani
1220 1225 1341 1270 libris
1366 1227 1527 1270 efficere
1552 1228 1845 1284 omnium-qui

269 1298 370 1337 tunc
410 1298 528 1338 erant
566 1294 914 1352 philosophorum
947 1297 1174 1353 Epicureos
1205 1297 1335 1340 fuisse
1365 1297 1538 1341 homines
1568 1299 1769 1343 maxima
1782 1311 1844 1342 00-

268 1367 431 1417 mitate,
465 1367 732 1410 humanitate
762 1368 1002 1410 urbanitate
1033 1367 1557 1424 praeditos..
1662 1404 1666 1410 .
1810 1405 1813 1411 .

328 1437 474 1480 Restat
515 1442 565 1479 ut
598 1452 748 1492 paucos
789 1440 1011 1494 utriusque
1042 1438 1142 1481 libri
1173 1438 1286 1482 locos
1318 1441 1555 1483 accuratius
1579 1441 1651 1483 rei
1676 1407 1844 1485 criticae

268 1521 395 1550 causa
420 1509 734 1560 examinemus;
766 1523 841 1551 cur
866 1523 1016 1562 paucos
1041 1511 1143 1552 satis
1170 1509 1332 1552 dictum
1357 1511 1444 1553 iam
1471 1514 1546 1554 est.
1572 1509 1663 1554 Hic
1678 1513 1842 1561 nutem,

268 1592 320 1621 ne
357 1577 602 1634 legentibus
644 1579 865 1622 exhibeam
907 1582 1092 1637 negotia,
1136 1579 1361 1637 vulgarem
1401 1595 1554 1638 sequar
1591 1581 1843 1639 paginarum

268 1648 474 1691 ordinem.

329 1719 418 1761 Non
442 1733 560 1773 posse
593 1719 759 1763 10861)
789 1719 858 1764 Sic
889 1720 996 1764 liber
1025 1722 1201 1777 incipit.
1722 1758 1724 1762 .

330 1790 517 1839 Κολώτης
548 1791 566 1833 o‘
599 1791 833 1843 Επικούρου
866 1792 1033 1841 συνήθης
1064 1791 1230 1843 βιβλίον
1263 1792 1302 1843 ἕ
1285 1790 1449 1835 δέδωκεν
1481 1761 1721 1845 ἕπιγραψας
1752 1789 1841 1845 „3⁴:21

269 1861 381 1903 κατὰ
424 1861 480 1902 τα
523 1865 599 1903 τῶν
641 1860 778 1904 ἄλλων
820 1863 1056 1915 φιλοσόφων
1098 1862 1296 1914 δόγματα
1337 1863 1425 1906 οὐδὲ
1466 1864 1537 1916 ζῆν
1572 1862 1714 1907 ἕστιν”
1719 1894 1750 1915 ,
1748 1861 1841 1907 ὅσα

268 1931 398 1974 τοίνυν
447 1932 541 1980 ἡμῖν
588 1932 758 1981 ἐπῆλθεν
806 1933 934 1976 εἰπεῖν
984 1933 1112 1986 ὑπὲρ
1167 1937 1263 1975 τῶν
1313 1932 1629 1987 Φιλοσόφων
1675 1934 1841 1988 ἐγράφη

270 2001 1667 2055 πρότερον..

328 2072 479 2116 Nonne
512 2073 607 2125 ὑπὲρ
639 2077 716 2116 τῶν
747 2072 886 2117 ἄλλων
916 2074 1152 2127 φιλοσόφων
1183 2072 1443 2131 legendum?
1472 2035 1675 2132 sequitur
1703 2077 1840 2120 enim:

269 2143 358 2186 ἐπεὶ
391 2142 431 2185 δὲ
465 2142 531 2185 καὶ
564 2147 637 2192 τῆς
669 2150 825 2196 σχολῆς
858 2145 1113 2194 διαλυθείσης
1148 2145 1331 2196 ἐγένοντο
1361 2145 1476 2197 λόγοι
1506 2147 1704 2194 πλείονες
1719 2147 1758 2189 ἐν
1785 2148 1840 2200 τῷ

269 2213 480 2266 περιπάτῳ
523 2214 619 2266 πρὸς
660 2215 732 2264 τὴν
773 2213 936 2267 αἵρεσιν,
980 2214 1088 2267 ἔδοξέ
1119 2231 1186 2266 μοι
1218 2216 1286 2258 καὶ
1319 2217 1482 2263 τούτους
1515 2215 1761 2267 ἀναλαβεῖν,
1793 2220 1843 2261 ut

267 2286 380 2328 inter
416 2299 460 2328 se
502 2289 767 2341 opponantur
806 2287 840 2330 οἱ
877 2284 997 2330 ἄλλοι
1039 2286 1259 2340 φιλόσοφοι
1296 2291 1340 2330 et
1371 2286 1394 2335 ἢ
1426 2284 1589 2340 αἵρεσις,
1619 2289 1712 2344 ipsa
1734 2287 1842 2344 *Epi-

269 2370 491 2399 cureorum
523 2360 647 2399 secta.

332 2496 537 2540 1086EF
583 2497 956 2554 Impudentissima
998 2498 1222 2542 maledicta
1263 2501 1306 2542 et
1348 2499 1538 2543 convicia
1572 2498 1840 2543 Metrodorus

269 2572 310 2610 et
337 2567 547 2625 Epicurus
574 2570 873 2620 Ἀριστοτέλους
903 2569 972 2612 καὶ
1001 2569 1240 2620 Σωκράτους
1267 2570 1336 2612 καὶ
1365 2569 1600 2623 Πυθαγόρου
1625 2569 1712 2625 [καὶ
1731 2576 1842 2621 Πρω-

265 2638 464 2694 ταγόρου]
491 2638 558 2681 καὶ
588 2640 853 2692 Θεοφράστου
880 2639 949 2683 καὶ
982 2640 1245 2691 Ἡρακλείδου
1273 2639 1341 2683 καὶ
1370 2640 1600 2694 Ἱππάρχου
1625 2640 1714 2694 (καὶ
1735 2642 1838 2689 τίνος

269 2710 362 2763 οὐχ)
394 2713 472 2751 τῶν
504 2709 750 2763 ἐπιφανῶν»
783 2710 1107 2755 κατεσκέδασαν.

329 2778 494 2823 Inclusa
522 2781 665 2824 abesse
696 2780 864 2833 malim3
898 2796 980 2825 non
1012 2783 1127 2825 enim
1160 2782 1316 2839 dignus
1339 2782 1606 2839 Protagoras,
1630 2780 1740 2827 levis
1763 2780 1838 2826 ille

269 2849 455 2906 sophista
493 2852 570 2903 (sic
602 2855 712 2895 certe
743 2852 972 2896 Plutarcho
1005 2854 1123 2896 visus
1153 2858 1247 2906 est),
1279 2854 1354 2909 qui
1384 2854 1497 2896 inter
1525 2866 1730 2897 summos.
1746 2852 1838 2910 phi·

269 2919 468 2976 losophos
496 2923 751 2974 nominetur,
783 2937 867 2965 una
898 2937 996 2966 cum
1028 2923 1196 2967 Socrate
1227 2928 1270 2967 et
1298 2923 1559 2981 Pythagora.
1596 2922 1679 2976 Qui
1697 2922 1838 2967 -sciolo

270 2992 312 3032 in
345 2993 530 3033 mentem
563 2994 724 3034 venerit
753 2992 879 3036 illum
912 2993 1061 3036 addere
1092 2993 1365 3037 manifestum
1397 2997 1474 3037 est.
