2002 3372
882 260 970 304 343

123 390 319 432 externas
344 388 512 430 tantum
540 385 771 443 pertinent,
801 383 882 427 οὐδ’
910 384 1042 432 αὐτῆς
1071 381 1438 434 ἐπιλαμβάνονται
1467 385 1540 429 τῆς
1571 381 1723 427 κακίας

125 459 245 502 ἀλλὰ
275 458 372 510 πρὸς
403 456 528 508 δόξαν
561 455 605 499 αἱ
637 454 795 498 πολλα)
829 454 900 496 καὶ
932 454 1029 507 πρὸς
1064 453 1248 502 αἴσθησιν
1281 454 1413 496 αὐτῶν
1446 452 1561 494 εἰσιν.

183 529 270 573 Pro
308 530 428 572 inani
467 529 553 572 isto
594 529 728 570 αὐτῶν
771 526 1105 583 prudentissime
1139 525 1204 569 W.
1250 523 1388 567 ἄλλων
1428 523 1632 580 reposuit.
1666 521 1725 565 Ut

126 600 442 660 „symbolicae”
483 598 584 643 illae
625 598 859 642 Persarum
901 612 1081 655 poenae,
1125 597 1232 641 alias
1278 600 1521 653 (verasque)
1567 608 1723 652 poenas

123 677 292 730 ponunt
323 676 421 716 ante
453 670 614 715 oeulos.

184 819 243 864 ib.
284 813 334 867 ’ὃς
378 818 414 862 δ’
449 816 500 862 ἄν
534 817 683 861 ἐκεῖθεν
715 821 759 870 (a
791 818 933 870 terris)
964 816 1199 863 ἀκόλαστος
1232 815 1410 858 ἐνταῦθα
1443 814 1514 868 (ad
1549 815 1725 867 inferos)

124 891 194 935 καὶ
236 890 469 944 ἀκάθαρτος
512 887 714 941 ε’ξίκηται,
748 891 890 932 τοῦτον
923 889 945 937 ἦ
980 890 1085 937 Δίκη
1123 886 1485 938 διαλαβοῦσα
1518 894 1568 941 τῇ
1601 891 1723 941 ψυχῇ

123 966 356 1015 καταφανῆ
386 959 545 1013 γυμνόν
577 960 662 1003 κτὲ.

183 1032 419 1092 Eleganter
460 1030 526 1075 W.
572 1032 657 1087 ἰδία
696 1032 907 1084 λαβοῦσα,
947 1033 1023 1088 qui
1057 1029 1208 1074 deinde
1250 1033 1348 1073 ante
1386 1028 1544 1081 γυμνόν
1574 1031 1725 1073 inserit

123 1107 210 1159 καί,
252 1104 367 1162 quod
397 1103 693 1161 recipiendum
725 1107 844 1161 puto,
877 1102 950 1146 sed
982 1101 1115 1146 simul
1145 1103 1333 1146 otiosum
1364 1100 1482 1144 istud
1515 1107 1565 1155 τῇ
1599 1105 1722 1154 ψυχῇ

123 1177 366 1222 delendum.
408 1174 562 1221 Graeci
593 1175 768 1220 editoris
799 1175 1027 1219 lectionem
1055 1180 1106 1227 τῇ
1133 1177 1255 1227 ψυχῇ
1284 1177 1529 1226 καταφανεῖ
1552 1177 1724 1216 secutus

123 1263 220 1294 sum
250 1250 296 1293 in
326 1249 691 1306 interpretatione.
724 1246 895 1291 Nollem
927 1247 1105 1290 factum.

185 1385 320 1430 565ss
361 1385 480 1429 οὐλαὶ
513 1383 553 1428 δὲ
589 1384 659 1427 καὶ
693 1387 896 1437 μώλωπες
930 1383 1017 1426 ἐπὶ
1051 1387 1129 1425 τῶν
1161 1382 1315 1425 παθῶν.

183 1456 327 1502 Immo
361 1458 462 1501 ἀπ’.

184 1603 319 1650 5650
360 1603 449 1648 Α111
479 1607 580 1648 sunt
612 1602 797 1647 aliarum
831 1602 995 1646 colores
1027 1603 1292 1645 animarum:

184 1674 284 1720 ὅπου
326 1675 368 1720 δὲ
410 1675 456 1718 τὸ
498 1674 724 1727 γλαύκινόν
766 1675 889 1726 ἐστιν,
931 1674 1112 1717 ἐντεῦθεν
1143 1674 1327 1726 α’κρασία
1360 1688 1422 1722 τις
1457 1672 1546 1726 περὶ
1581 1671 1721 1723 ἡδονὰς

125 1748 391 1800 ἐκτέτριπται
422 1746 560 1798 μόλις.

184 1819 379 1864 Absurde
418 1819 489 1863 hic
531 1817 691 1862 colores
731 1822 772 1861 et
814 1819 924 1862 vitia
965 1817 1285 1875 perturbantur.
1329 1816 1490 1860 Verum
1533 1817 1725 1859 restituit

123 1891 316 1936 ordinem
345 1889 413 1935 'W.
445 1889 651 1948 legendo:
696 1886 795 1932 ὅπου
829 1889 871 1931 δὲ
903 1890 1085 1941 οὶκρασία
1117 1904 1178 1936 τις
1212 1887 1301 1941 περὶ
1337 1887 1479 1938 ἡδονάς
1514 1888 1637 1938 ἐστιν,
1671 1888 1726 1930 ε’ν-

125 1963 255 2007 basaa
286 1962 333 2006 τὸ
365 1961 590 2014 γλαυκινὸν
623 1959 897 2014 ε’ντέτριπται.

183 2100 244 2144 ib.
289 2098 609 2158 Comparantur
647 2098 916 2156 quorundam
957 2101 1227 2155 peccatorum
1266 2097 1425 2141 colores
1458 2111 1558 2141 cum
1589 2096 1727 2140 colore

125 2173 279 2230 sepiae,
321 2171 394 2216 sed
437 2185 648 2229 magnum
693 2170 856 2228 aliquid
898 2172 1103 2213 interesse
1135 2170 1220 2212 ait:
1264 2169 1350 2212 ἐκεῖ
1380 2170 1442 2219 (111
1474 2170 1621 2226 sepiis)
1652 2169 1727 2219 μὲν

125 2244 211 2297 γὰρ
243 2245 266 2294 ἦ
299 2243 429 2287 κακία
461 2248 536 2292 τῆς
570 2246 714 2296 ψυχῆς
750 2242 999 2295 τρεπομένης
1027 2242 1103 2284 ὑπὸ
1132 2245 1209 2284 τῶν
1238 2243 1376 2284 παθῶν
1404 2240 1473 2283 καὶ
1501 2239 1727 2294 τρεπούσης

127 2315 174 2359 τὸ
218 2316 341 2366 σῶμα
385 2315 463 2361 τὰς
505 2314 635 2368 χροας
679 2313 932 2366 ἀναδίδωσιν,
974 2313 1152 2356 ἐνταῦθα
1194 2312 1293 2364 (hic,
1334 2312 1448 2369 apud
1478 2313 1653 2365 inferos)
1686 2312 1726 2354 δὲ

126 2387 340 2441 καθαρμοῦ
367 2386 437 2429 καὶ
465 2385 672 2433 κολάσεως
699 2385 825 2438 πέρας
855 2385 957 2438 ἐστί,
981 2384 1132 2428 τούτων
1160 2383 1453 2427 ἐκλεανθέντων
1477 2383 1726 2427 παντάπασι

127 2459 201 2509 τὴν
232 2459 376 2511 ψυχὴν
407 2457 601 2509 αὐγοειδῆ
635 2457 705 2500 καὶ
738 2457 948 2511 σύγχρουν
978 2455 1185 2508 γενέσθαι.

186 2529 339 2587 Sepiae
381 2526 497 2572 color
538 2527 651 2571 nibil
692 2531 757 2571 est
797 2530 882 2572 nisi
923 2528 1177 2573 vitiositatis
1219 2528 1410 2584 signum,
1455 2530 1728 2583 peecatorum

128 2601 243 2660 apud
273 2600 432 2644 inferos
465 2599 582 2643 color
611 2603 676 2644 est
706 2600 934 2644 medicatio
965 2599 1189 2657 quaedam,
1222 2613 1330 2656 quae
1362 2612 1491 2642 suum
1523 2599 1606 2641 sibi
1637 2612 1730 2641 con-

129 2672 279 2716 silium
312 2676 356 2715 et
386 2671 515 2715 finem
542 2671 707 2725 (πέρας)
736 2671 879 2715 habet.
914 2671 1010 2715 Non
1037 2670 1255 2714 intellexit
1279 2670 1423 2713 locum
1440 2669 1507 2713 W.
1536 2671 1610 2726 qui
1635 2674 1730 2726 post

128 2743 421 2789 ἐκλεανθέντων
446 2745 677 2786 inseruerit
703 2740 822 2787 ὥστε.
855 2742 905 2786 In
933 2757 1135 2795 errorem,
1165 2746 1215 2785 ut
1241 2744 1404 2799 opinor,
1433 2756 1534 2786 eum
1560 2741 1731 2785 induxit

131 2815 314 2861 molesta
342 2813 417 2860 illa
450 2813 623 2872 virgula
653 2818 751 2871 post
783 2814 912 2868 πέρας
943 2814 1032 2858 ἔστί
1064 2815 1217 2871 posita.
1252 2813 1391 2867 Quam
1422 2811 1661 2857 deleamus!

197 2961 336 3007 565D
390 2962 679 3006 Persanantur
725 2961 833 3005 aliae
873 2964 1053 3014 animae,
1096 2962 1174 3008 τὰς
1221 2961 1256 3005 δ’
1299 2960 1410 3007 αὖθις
1453 2961 1509 3009 εἰς
1548 2961 1729 3012 σώματα

141 3033 245 3090 ζῴων
276 3033 470 3086 ἐξήνεγκε
502 3031 691 3085 βιαιότης
726 3034 911 3085 ἀμαθίας
946 3034 1015 3077 καὶ
1048 3033 1289 3087 Φιληδονίας
1322 3030 1441 3080 εἶδος.
