2002 3372
1119 259 1205 302 596

375 385 466 426 veri
491 382 599 425 solet
632 394 929 436 usquequaque
960 379 1149 422 audienti
1179 380 1362 436 rigidam
1389 379 1575 435 aliquam
1601 379 1948 438 doetrinmf-ssen-

375 455 610 508 tentiasque
637 453 773 494 omnis
800 453 991 505 expertes
1017 448 1279 501 clementiae,
1303 464 1452 493 verum
1471 482 1480 493 .
1501 482 1509 492 .
1531 481 1541 492 .
1557 451 1700 506 ipsum
1724 450 1947 497 audiamus

374 523 512 578 lepide
545 523 755 577 faceteque
787 522 846 563 sic
880 520 1168 576 disputantem
1201 520 1313 573 (finis
1344 520 1418 563 ille
1452 524 1515 563 est
1544 520 1680 564 libelli
1708 523 1886 581 00011ίῇ1

436 596 682 648 „poetarum
713 592 912 642 narratio,
945 604 1067 634 sanae
1097 592 1253 634 mentis
1284 593 1490 634 rationem
1518 591 1688 643 habens,
1716 591 1946 637 Herculem

374 664 491 706 nobis
533 663 728 718 proponit
769 675 912 704 rerum
956 661 1110 717 quibus
1150 675 1256 718 opus
1287 666 1350 704 est
1381 661 1432 705 ad
1465 662 1598 705 vitam
1631 661 1947 706 sustentandam

375 746 608 788 numquam
637 735 857 788 egentem:
886 736 1106 787 tamquam
1131 746 1154 775 e
1182 732 1294 775 fonte
1320 733 1491 787 perenni
1514 733 1554 775 ei
1579 746 1746 789 semper
1769 731 1947 777 affluunt

371 802 484 846 illae.
518 804 575 845 At
606 802 797 845 Stoicum
829 816 956 845 cornu
987 803 1130 858 copiae
1161 804 1235 858 qui
1265 803 1425 859 accepit
1456 802 1574 847 dives
1604 803 1759 849 subite
1774 803 1946 849 ostrac-

372 877 441 916 tus
473 886 731 928 quamquam
763 872 814 914 ab
848 870 943 915 aliis
974 870 1138 928 colligit
1158 873 1359 925 *victum;
1387 887 1461 916 rex
1487 872 1946 920 est250dzuummorum

372 957 496 987 causa
536 943 665 987 solvit
706 944 970 998 quaestiones
1013 941 1347 999 philosophicas3
1390 942 1505 986 solus
1545 945 1688 990 omnia
1717 943 1850 991 hehet,
1872 943 1946 989 sed

371 1015 556 1070 pretium
597 1013 897 1056 conductarum
939 1013 1110 1056 aedium
1152 1013 1331 1069 pendere
1373 1013 1496 1058 debet
1536 1017 1580 1058 et
1609 1028 1946 1072 panememere,

372 1084 484 1140 quod
516 1088 564 1126 ut
595 1083 730 1127 facere
762 1084 894 1139 possit
926 1097 1048 1139 saepe
1080 1085 1119 1126 ei
1151 1085 1328 1139 pecunia
1360 1087 1424 1127 est
1457 1084 1662 1132 sumenda
1693 1088 1846 1131 mutua
1877 1084 1947 1129 vel

403 1185 413 1196 .
433 1186 442 1197 .
462 1186 471 1197 .
504 1154 778 1198 mendicanda
821 1154 873 1196 ab
903 1155 956 1196 iis
988 1168 1092 1209 quos
1123 1154 1231 1196 nihil
1261 1155 1401 1196 habere
1432 1156 1504 1198 ait.
1537 1154 1628 1200 Rex
1659 1155 1945 1203 Ithaeensium

371 1225 615 1268 mendicum
646 1226 844 1267 imitatur
874 1239 926 1268 ne
957 1226 1053 1281 quis
1081 1239 1226 1268 revera
1250 1226 1305 1268 sit
1332 1229 1542 1281 appareat,
1569 1229 1614 1270 at
1639 1225 1945 1287 Stoicum‚‹qui

370 1310 413 1338 se
439 1295 580 1338 solum
606 1308 751 1352 regem
778 1310 821 1339 se
847 1295 1026 1339 divitem
1050 1295 1218 1347 clamat,
1235 1309 1358 1352 saepe
1373 1295 1520 1339 alienis
1534 1295 1771 1345 adstantem
1783 1297 1946 1343 foribus

371 1365 565 1409 videmus
596 1366 876 1421 audimusque
908 1364 1237 1409 lamentantem:

610 1436 663 1479 da
693 1435 872 1492 pallium
905 1435 1162 1492 Hipponacti
1193 1437 1384 1480 membra
1414 1439 1484 1480 cui
1514 1409 1673 1495 frigent
1727 1472 1730 1479 ,

609 1507 837 1563 dentesque
867 1508 1116 1563 crepitantl’
1702 1543 1703 1546 ,

370 1577 578 1621 Haeccine
609 1603 664 1610 -
697 1577 818 1621 lubet
849 1579 964 1621 enim
996 1578 1040 1620 id
1071 1579 1115 1620 10
1147 1580 1330 1621 transitu
1362 1591 1511 1635 rogare
1539 1603 1594 1611 —
1621 1551 1839 1633 cmliii
1864 1550 1943 1627 tibi

370 1648 580 1701 videntur,
614 1647 834 1700 συνόψεως,
866 1646 1119 1702 conspecms?
1160 1648 1299 1692 Immo
1331 1663 1432 1692 vero
1463 1663 1547 1705 quo
1580 1650 1722 1706 magia
1748 1648 1943 1698 libellum

369 1723 560 1761 nostrum
602 1718 816 1762 considero
858 1732 905 1762 eo
946 1720 1085 1775 magis
1129 1719 1237 1762 mihi
1276 1721 1321 1761 in
1362 1733 1408 1769 se
1437 1723 1545 1763 teres
1577 1724 1705 1776 atque
1736 1718 1944 1769 rotundus

370 1788 541 1832 videtur
583 1803 818 1845 parumque
860 1790 976 1832 abest
1017 1790 1117 1845 (11110
1159 1789 1326 1833 credam
1366 1789 1435 1833 hio
1475 1789 1755 1835 Plutarchum
1797 1789 1944 1834 fecisse

369 1859 479 1915 quod
506 1873 630 1916 saepe
656 1860 846 1903 hodierni
871 1860 1036 1903 faciunt
1061 1861 1284 1916 scriptores
1309 1863 1359 1902 ut
1373 1861 1604 1916 fraqmenti
1628 1859 1776 1909 indant
1787 1874 1942 1909 nemen

368 1931 632 1987 speciemque
684 1931 805 1973 brevi
857 1929 1058 1986 opusculo
1105 1929 1218 1986 quod
1265 1944 1341 1973 sua
1386 1930 1640 1975 verecundia
1684 1929 1942 1987 placiturum

368 2005 538 2056 sperant
569 2004 864 2056 emptoresque
895 2002 1185 2044 inventurum.

427 2069 510 2113 Sed
555 2070 606 2113 ad
647 2069 811 2113 Stoicos
860 2069 1007 2114 redeo:
1050 2072 1145 2126 quis
1186 2084 1234 2114 ea
1275 2085 1381 2127 quae
1421 2070 1546 2114 modo
1584 2071 1766 2115 citabam
1786 2046 1943 2128 legens

367 2155 450 2184 non
480 2141 703 2184 barbatum
735 2143 866 2184 istum
893 2145 988 2184 ante
1015 2141 1159 2185 oculos
1186 2141 1312 2184 habet
1337 2142 1574 2198 sapientem
1598 2143 1685 2207 quip
1710 2141 1942 2189 dummodo

366 2211 417 2253 ad
469 2225 616 2254 cenam
667 2210 829 2255 lautam
886 2211 1154 2263 admittatur,
1202 2213 1448 2268 turpissima
1495 2225 1685 2269 quaeque
1714 2214 1942 2262 sustinet:

366 2283 588 2337 Aspasiam
621 2281 808 2337 aliquam
839 2284 1062 2325 emeritam
1095 2284 1325 2325 comitatur
1357 2282 1507 2326 villam
1539 2296 1661 2327 suam
1686 2284 1803 2330 01001
1829 2282 1943 2327 afflu—

366 2357 508 2396 entem
539 2353 710 2396 luxuria
740 2356 1012 2409 repet-entem,
1043 2355 1322 2410 omniumque
1349 2355 1441 2397 eius
1468 2353 1707 2405 satellitum
1722 2353 1943 2410 hiopprae-

366 2426 513 2466 sertim
561 2423 716 2479 dignus
766 2424 947 2467 habetur
989 2425 1062 2480 qui
1102 2424 1296 2468 dominae
1337 2423 1533 2467 catellam
1573 2438 1671 2469 cum
1694 2437 1794 2475 *sua
1827 2423 1942 2480 prole

364 2495 529 2550 gremio
575 2499 738 2544 teneat;
782 2493 855 2537 ille
898 2508 941 2537 se
983 2494 1183 2550 opulento
1232 2494 1405 2538 barbaro
1451 2494 1727 2539 deridendum
1772 2494 1943 2551 praebet

365 2565 632 2620 ludibrioque
663 2565 930 2617 habendum;
962 2565 1091 2607 huius
1123 2564 1427 2621 disputationes
1458 2566 1651 2613 omnium
1677 2565 1943 2611 suntabsur·

366 2635 562 2677 dissimae
598 2636 972 2691 insanissimaeque
1006 2660 1061 2667 --
1093 2635 1195 2691 quid
1226 2635 1303 2678 hoc
1335 2636 1372 2678 si
1402 2634 1637 2679 delectatur
1663 2636 1741 2691 qui
1771 2635 1942 2691 praebet
1998 2660 1999 2663 =

366 2704 566 2748 coenam?
601 2730 654 2738 —
687 2719 870 2761 cumque
912 2705 1024 2761 apud
1055 2704 1409 2755 Trimalchionem
1441 2704 1683 2761 philosophi
1699 2705 1942 2755 esurientes

366 2776 468 2818 bene
497 2778 606 2831 pasti
636 2780 734 2819 suut
761 2790 888 2832 seque
915 2780 957 2819 et
983 2776 1088 2819 cibis
1111 2777 1332 2832 exquisitis
1359 2780 1403 2819 et
1427 2775 1647 2826 (nam-hoo
1670 2776 1941 2832 primarium)

364 2845 590 2888 reconditis
633 2847 827 2893 vinorum
869 2847 980 2888 notis
1022 2845 1209 2889 molliter
1249 2849 1465 2896 curarunt,
1507 2844 1621 2897 haud
1661 2844 1939 2888 facilefdictu

364 2920 427 2956 est
459 2916 546 2957 utri
577 2915 779 2958 lascivius
811 2930 853 2959 se
885 2920 1039 2972 gerant
1071 2917 1387 2972 obsceffiusque,
1420 2915 1551 2959 Stoici
1583 2929 1635 2960 an
1661 2914 1824 2972 Cynici-

427 2984 618 3027 Profecto
650 2998 800 3040 parum
833 2987 943 3028 inter
973 3000 1016 3028 se
1042 2985 1203 3029 similes
1228 2989 1327 3028 sunt
1353 2985 1565 3034 Lucienus
1593 2984 1940 3041 Plutarchusque,
