2002 3372
866 225 954 267 229

111 364 298 409 quocum
338 363 415 407 per
455 349 601 393 literas
644 349 695 391 de
736 363 780 391 re
825 349 1084 406 gravissima
1125 349 1216 405 egit
1259 347 1534 391 Domitianus
1577 347 1705 400 (Plin.

110 421 207 481 Epl.
239 422 296 475 X,
331 421 388 464 65
406 424 502 478 sq.).
543 420 660 478 Ergo
703 424 746 463 et
778 420 848 463 bic
881 434 929 463 eo
963 424 1153 477 tempore
1186 421 1254 462 vir
1283 419 1368 462 fuit
1399 419 1706 476 amplissimus.

171 493 255 538 Sed
295 493 348 536 de
390 492 458 536 his
499 493 625 536 rebus
667 493 740 535 vix
782 490 872 534 ulla
917 491 1089 535 videtur
1132 505 1221 534 esse
1262 492 1375 534 inter
1416 493 1532 535 viros
1563 490 1707 535 doctos

111 565 414 610 controversia.

170 636 283 681 Sunt
307 639 455 680 autem
470 635 638 692 fratres
664 634 866 687 Quintius
893 637 935 677 et
962 633 1184 691 Nigrinus.
1214 634 1296 677 His
1312 648 1442 678 suum
1458 635 1507 676 de
1511 635 1708 691 fraterno

109 723 241 752 amore
277 706 444 751 dedicat
486 704 686 749 libellum
728 704 987 748 Plutarchus
1029 704 1296 762 lepidissima
1338 706 1707 762 urbanissimaque

24 840 26 842 Ι
108 780 188 824 hac
219 792 324 823 usus
353 778 636 836 praefatione:

172 853 373 904 „vetusta
413 848 490 893 illa
529 851 576 892 in
618 846 843 893 Castorum
886 848 1092 891 honorem
1137 850 1276 906 posita
1308 849 1480 892 donaria
1511 848 1710 906 Spartani

109 922 262 967 δόκανα
295 920 535 980 appellant:
565 920 648 964 duo
676 925 777 964 sunt
801 919 924 978 ligna
951 919 1119 977 aequali
1145 922 1259 963 inter
1285 935 1330 964 se
1355 920 1558 964 distantia
1574 923 1709 979 spatio

19 1010 22 1014 ’
107 999 152 1039 et
193 994 360 1038 duobus
399 993 535 1051 lignis
576 994 831 1036 transversis
871 994 1043 1045 iuncta;
1094 991 1231 1036 solida
1274 1006 1322 1035 ea
1362 994 1562 1036 iunctura
1603 995 1706 1050 quin

16 1052 24 1079 ⁵
107 1066 338 1110 fraternam
380 1065 536 1108 horum
579 1064 757 1107 deorum
799 1062 1012 1120 significet
1055 1077 1244 1106 amorem
1287 1063 1467 1107 dubium
1510 1079 1594 1107 non
1627 1069 1705 1108 est.

107 1137 178 1181 Sic
209 1151 323 1181 nunc
349 1151 430 1194 ego
462 1137 598 1187 vobis,
627 1135 776 1189 Quinti
802 1140 844 1178 et
871 1134 1065 1192 Nigrina,
1094 1149 1242 1182 meum
1270 1135 1414 1179 dedico
1442 1134 1492 1178 de
1519 1135 1706 1180 fraterno

106 1223 251 1254 amore
282 1207 504 1261 libellum;
537 1207 656 1250 decet
688 1207 767 1250 hoc
801 1221 876 1249 vos
909 1206 1083 1258 donum,
1116 1220 1216 1249 nam
1249 1211 1314 1250 est
1345 1221 1571 1250 commune
1602 1210 1707 1250 utri-

105 1294 201 1338 que.
243 1279 494 1337 Intelligent
535 1280 650 1322 enim
692 1279 887 1322 homines
930 1292 1007 1321 vos
1050 1293 1132 1321 non
1175 1284 1266 1322 tam
1297 1278 1350 1321 ad
1380 1278 1502 1321 illam
1534 1280 1705 1322 incitari

104 1354 312 1396 virtutem
355 1365 486 1408 quam
526 1351 705 1408 proponi
747 1354 968 1406 tamquam
1012 1349 1207 1407 exempla
1243 1350 1470 1394 hominum
1502 1352 1577 1407 qui
1609 1365 1703 1394 eam

104 1422 270 1475 colant3
314 1437 392 1468 vos
433 1437 534 1466 vero
566 1436 614 1466 ea
644 1436 702 1475 re,
738 1436 822 1479 qua
853 1426 1007 1465 natura
1040 1421 1144 1465 duce
1177 1426 1267 1465 tam
1299 1421 1482 1465 feliciter
1512 1423 1704 1474 utimini,

103 1496 169 1539 ita
208 1496 297 1538 iam
339 1493 659 1538 delectabimini
696 1498 745 1537 ut
775 1495 1118 1537 constantissime
1149 1495 1195 1536 in
1228 1507 1275 1537 ea
1307 1495 1588 1551 perseveretis
1601 1507 1612 1545 ;
1645 1496 1705 1537 sic

105 1567 252 1610 innata
278 1565 400 1610 vobis
426 1567 566 1610 virtus
591 1568 637 1609 in
664 1567 875 1610 virtutem
903 1568 1176 1608 convertetur
1203 1566 1324 1608 cuius
1348 1565 1468 1609 vobis
1488 1566 1652 1609 ratione
1673 1566 1704 1619 l)

105 1638 201 1681 sitis
247 1638 418 1691 conscii,
465 1651 566 1681 cum
612 1637 760 1695 plaudi
807 1638 930 1680 vobis
971 1637 1154 1681 videatis
1202 1650 1226 1679 a
1267 1638 1417 1694 peritis
1459 1641 1502 1680 et
1543 1637 1705 1681 idoneis

105 1709 458 1767 spectatoribus''.

164 1780 433 1838 Quantopere
474 1780 654 1825 laetatos
695 1795 786 1824 esse
829 1782 942 1824 viros
984 1779 1083 1824 illos
1130 1780 1296 1838 amplos
1337 1782 1416 1824 hac
1459 1795 1705 1825 censeamus

104 1851 384 1906 allocutione,
433 1856 675 1910 quantoque
724 1867 794 1896 eos
841 1852 985 1896 studio
1032 1853 1200 1895 functos
1247 1866 1337 1896 esse
1383 1853 1705 1897 honestisssimo

103 1924 310 1976 editorum,
343 1924 458 1982 quod
490 1925 573 1968 sibi
600 1939 625 1968 a
651 1924 889 1968 clarissimo
917 1923 1171 1981 philosopho
1200 1922 1487 1968 Chaeronensi
1513 1924 1706 1968 mandari

103 1995 312 2049 viderent,
346 1994 550 2040 munere!
594 1995 784 2053 Scriptor
814 1999 961 2039 autem
992 1997 1192 2053 quamvis
1222 2011 1306 2039 non
1338 1995 1463 2053 plane
1496 1998 1706 2053 spreverit

103 2067 397 2126 neglexeritve
439 2068 611 2112 lucrum
654 2068 766 2126 quod
808 2069 893 2126 ipsi
934 2071 1009 2112 aut
1051 2069 1199 2111 statim
1243 2074 1319 2111 aut
1349 2073 1495 2125 postea
1527 2068 1707 2112 allatura

103 2143 216 2184 esset
246 2139 461 2198 praeclara
490 2139 568 2183 illa
594 2141 930 2198 magistratuum
957 2139 1252 2183 Romanorum
1279 2139 1331 2183 de
1357 2154 1435 2184 suo
1465 2154 1590 2197 opere
1618 2155 1706 2184 sen-

107 2212 258 2264 tentia,
289 2211 370 2255 hoc
400 2216 546 2255 tamen
577 2212 802 2268 praecipue
835 2225 937 2254 eum
967 2215 1177 2268 spectasse
1209 2225 1462 2268 persuasum
1491 2212 1611 2255 nobis
1642 2216 1707 2255 est

105 2286 157 2326 ut
189 2281 300 2326 liber
339 2286 432 2327 tam
471 2282 595 2326 utilis
627 2282 872 2340 legentibus
902 2297 1033 2340 quam
1063 2282 1352 2340 plurimorum
1386 2282 1708 2340 pervolveretur

107 2358 151 2398 et
192 2357 402 2398 tereretur
443 2355 656 2398 manibus.
701 2354 851 2411 Neque
894 2358 959 2398 est
1001 2369 1077 2398 cur
1114 2354 1361 2398 dubitemus
1393 2356 1496 2412 quin
1529 2354 1706 2398 illorum

108 2427 305 2470 omnium
336 2425 451 2469 salus
482 2428 623 2484 magis
655 2428 695 2470 ei
728 2440 856 2483 quam
891 2440 967 2470 sua
997 2426 1138 2483 gloria
1171 2426 1289 2470 cordi
1319 2427 1463 2470 fuerit.

169 2497 366 2556 Scriptus
395 2501 543 2541 autem
573 2497 748 2541 libellus
780 2502 844 2542 est
875 2503 925 2541 ut
956 2500 1154 2553 leaeo-etur
1181 2499 1232 2541 ab
1260 2500 1314 2541 iis
1342 2499 1416 2555 qui
1443 2513 1582 2542 mores
1610 2513 1709 2542 suos

107 2569 325 2614 emendari
373 2573 590 2627 cuperent.
641 2570 847 2612 Orationis
893 2572 938 2613 in
986 2585 1035 2614 eo
1076 2569 1196 2613 nulla
1238 2569 1516 2626 deprehendis
1560 2571 1706 2627 signa3
1753 2574 1756 2576 ’

107 2639 254 2685 nullus
285 2641 406 2685 locus
438 2643 500 2684 ita
532 2646 596 2685 est
628 2641 870 2686 elaboratus
904 2646 952 2684 ut
983 2643 1076 2699 ipso
1109 2656 1211 2684 sono
1243 2641 1487 2685 blandiatur
1518 2642 1707 2692 auribus,

105 2711 229 2756 nulla
267 2727 366 2770 pars
397 2712 613 2757 clauditur
647 2714 973 2771 „peroratione”
1009 2713 1290 2770 aequabiliter
1320 2715 1364 2755 in
1397 2712 1488 2756 cola
1520 2716 1563 2756 et
1594 2727 1708 2757 oom-

109 2787 225 2828 mata
267 2784 422 2828 divisa.
465 2784 585 2839 Quod
628 2787 868 2829 ornamenti
909 2800 1046 2844 genus
1090 2800 1188 2828 cum
1234 2785 1286 2828 ad
1329 2785 1537 2828 dicendum
1567 2785 1710 2842 prodit

156 2962 193 3003 l)
215 2960 321 3002 κρίσις
344 2961 439 2994 officii
464 2961 548 2993 ratio
571 2960 810 3004 philoaophica;
841 2961 879 2992 cf.
906 2959 945 2992 de
969 2959 1066 2992 Garr.
1089 2960 1154 2992 510
1166 2961 1207 2991 D:
1237 2960 1387 2991 „affectus
1410 2961 1535 2992 nostros
1554 2960 1711 2992 vincimus

112 3016 215 3059 apta-u
240 3015 298 3049 καὶ
319 3015 493 3054 ἀσκήσει”.
