2002 3372
1087 230 1172 273 120

337 356 405 397 cui
446 353 604 397 auxilio
648 357 835 405 venerat,
868 366 1045 395 numero
1077 355 1196 395 erant
1227 351 1365 395 multo
1397 351 1644 407 superiores.
1677 348 1789 403 Quos
1820 361 1916 392 eum

337 425 500 468 videret
549 439 592 467 se
636 423 751 468 vallo
799 425 967 466 munire
1013 438 1100 475 rex,
1143 425 1354 479 impetum
1397 423 1441 464 in
1485 435 1552 464 eos
1593 421 1728 463 faeere
1765 419 1935 470 iussity

339 496 479 539 noluit
510 494 735 552 Agesilaus
768 493 1016 551 intelligens
1047 493 1161 537 vallo
1191 495 1274 536 isto
1305 507 1402 536 suas
1427 493 1568 548 copiae
1593 491 1782 534 hostium
1809 502 1922 533 exer-

340 569 445 610 citui
475 580 596 622 pares
624 566 727 608 fieri.
762 565 882 618 Quod
915 568 957 607 et
989 564 1132 607 docuit
1163 568 1354 616 eventus,
1388 564 1546 606 etenim

402 636 458 679 ἔτι
499 638 637 689 μικρὸν
669 635 952 685 ἀπολιπούσης
984 641 1057 684 τῆς
1090 634 1248 688 τάφρου
1279 635 1462 686 συνάψαι
1497 632 1608 675 κατὰ
1642 635 1760 675 τοῦτο
1789 645 1922 685 παρα-

342 707 477 758 τάξας
509 708 554 750 τὸ
586 707 794 749 διαλεῖπον
828 706 894 748 καὶ
931 705 1027 758 πρὸς
1059 705 1166 752 ἴσους
1202 705 1276 754 ἴσοι
1309 704 1609 757 ἀγωνισάμενοι
1642 703 1844 753 ἐνίκησαν.

403 777 574 820 Inutilis
616 778 831 820 annotatio
875 777 919 819 τὸ
964 777 1177 819 διαλεῖπον,
1214 778 1259 818 111
1301 775 1483 819 alienam
1526 777 1740 832 praeterea
1780 771 1922 816 sedem

342 849 514 904 irrepsit
524 862 533 900 ;
578 862 775 904 expunge
809 847 958 902 (nolim
991 849 1105 891 enim
1140 848 1332 890 traiicere
1364 849 1413 888 ut
1444 845 1517 888 fiat
1550 849 1668 888 τοῦτο
1700 847 1745 888 τὸ
1777 843 1926 887 διαλεῖ-

345 923 434 972 πον)
476 922 518 961 et
561 918 766 970 παρέταξε
810 918 920 976 lege,
963 932 1089 961 sanus
1131 917 1202 960 fiet
1242 917 1372 961 locus.
1419 916 1513 960 Hoc
1555 917 1667 959 enim
1709 919 1773 959 est
1814 914 1926 975 quod

344 990 579 1046 Xenophon
621 988 806 1046 appellat
848 990 1057 1040 ταμιεύειν
1102 989 1258 1036 ὁπόσοις
1302 988 1443 1039 βούλει
1477 987 1705 1040 μάχεσθαι.
1739 985 1925 1030 Verbum

345 1059 596 1114 παρατάξας
631 1063 759 1104 etiam
793 1062 883 1104 sine
914 1061 1074 1104 obiecto
1105 1062 1205 1117 poni
1237 1063 1390 1116 potest,

410 1186 548 1229 193ss
596 1186 791 1229 Absurdo
833 1199 1154 1242 nonnumquam
1197 1198 1388 1229 sermone
1430 1186 1570 1227 utitur
1609 1190 1767 1236 noster,
1808 1182 1928 1228 velut

345 1257 415 1300 hie
447 1257 611 1299 Ἰάσονα
644 1257 892 1307 θεασάμενος
927 1260 1014 1300 est:
1051 1257 1207 1308 „vultu
1235 1258 1281 1299 in
1311 1256 1504 1299 Iasonem
1535 1254 1778 1299 convereo”.
1810 1253 1930 1298 Eine-

349 1328 445 1371 dem
478 1329 634 1371 farinae
666 1331 729 1371 est
761 1327 1035 1378 μετεμέλοντο
1069 1333 1160 1376 ταῖς
1196 1327 1434 1378 ὁμολογίαις
1471 1326 1556 1370 196
1574 1326 1629 1370 D.
1658 1347 1660 1349 ’

410 1452 547 1495 194Ε
595 1453 818 1509 Pelopidas
860 1455 910 1496 ab
945 1453 1185 1496 Alexandro
1216 1455 1260 1495 in
1293 1451 1461 1495 vincula
1493 1453 1705 1496 coniectus
1736 1452 1789 1496 ab
1818 1451 1928 1508 Epa-

348 1524 586 1567 minonda
574 1539 617 1566 in
646 1526 828 1580 patriam
855 1525 1055 1567 reduetus
1079 1525 1240 1581 gratias
1267 1538 1311 1567 se
1335 1524 1488 1567 habere
1515 1523 1754 1566 Alexandro
1777 1523 1928 1574 aiebat,

347 1594 474 1650 idque
505 1594 583 1637 hoc
615 1598 891 1651 argumento:

408 1667 655 1716 πεπείραται
705 1682 788 1717 γαρ
835 1666 979 1707 ἑαυτου
1024 1669 1089 1707 νῦν
1130 1665 1321 1715 μάλιστα
1365 1668 1407 1708 οὐ
1452 1665 1567 1715 μόνον
1610 1665 1708 1740 πρὸς
1748 1644 1927 1713 πόλεμον

346 1736 462 1776 άλλα
494 1751 561 1776 και
594 1737 688 1786 πρὸς
725 1735 895 1777 θάνατον
928 1737 1126 1788 εὐθαρσῶς
1161 1735 1340 1789 ἔχοντος.

407 1806 495 1848 Aut
519 1805 749 1862 legendum
777 1807 1033 1858 πεπείραμαι
1061 1808 1142 1857 γὰρ
1172 1808 1352 1857 ἐμαυτοῦ
1380 1810 1454 1849 aut
1478 1805 1788 1849 restituendum
1817 1806 1928 1863 quod

346 1874 412 1918 W.
446 1876 595 1918 habet:
628 1878 911 1928 πεπειρᾶσθαι.

410 2001 550 2044 195Α
593 2001 751 2045 Nullus
783 2005 846 2045 est
877 2002 985 2045 liber
1018 2006 1106 2045 tam
1138 2002 1277 2045 futilis
1310 2003 1413 2059 quin
1445 2016 1543 2045 suos
1575 2002 1658 2045 sibi
1683 2000 1928 2060 scholiastae

345 2076 493 2115 nactus
524 2074 592 2115 sit.
626 2072 752 2115 Velut
786 2073 855 2115 1110
886 2074 930 2114 111
960 2075 1196 2116 narratione
1230 2073 1280 2116 de
1310 2073 1478 2130 Pyrrho
1509 2077 1552 2116 et
1582 2072 1798 2116 Fabricio:

407 2145 473 2185 τὸν
514 2144 712 2195 μέγιστον
756 2144 969 2196 ἐλέφαντα
1011 2147 1079 2186 τοῦ
1114 2144 1262 2196 Πύρρου
1296 2143 1688 2195 παρασκευάσαντος
1724 2142 1928 2195 ἐξόπισθεν

346 2214 401 2267 τῷ
446 2214 653 2267 Φαβρικίῳ
697 2213 878 2266 ρήξαντα
921 2215 1057 2267 φωνὴν
1100 2215 1365 2267 ἐπιφανῆναι,
1409 2214 1676 2268 ἐπιστραφεὶς
1720 2213 1738 2256 ὅ
1767 2213 1927 2266 Φαβρί-

347 2300 426 2331 usos
460 2284 545 2326 κΤὲ.

345 2359 439 2411 post
471 2356 719 2407 ἐπιφανῆναι
751 2357 924 2411 irrepsit
955 2355 1073 2399 scioli
1099 2358 1313 2400 annotatio
1341 2357 1409 2398 καὶ
1437 2356 1579 2399 τούτου
1604 2356 1820 2408 γενομένου
1844 2369 1927 2412 quo

344 2426 455 2469 facto
487 2425 611 2482 plane
642 2427 914 2482 perturbatur
946 2428 1092 2470 oratio.

407 2549 548 2592 199A
593 2549 680 2597 Τὴν
722 2549 755 2591 δ’
788 2549 948 2592 άδιιιίαν
991 2549 1113 2602 ἔλεγε
1146 2549 1288 2604 (Cato)
1321 2555 1402 2598 τοῖς
1435 2550 1613 2594 ἀδικοῦσι
1647 2548 1724 2593 κᾶν
1757 2550 1816 2602 μὴ
1847 2543 1926 2593 κίν-

345 2619 455 2662 δυνον
488 2618 622 2662 ἅπασι
655 2619 804 2674 φέρειν.

403 2690 621 2733 Excidisse
662 2691 763 2733 hino
803 2705 885 2734 non
926 2705 1058 2747 pauca
1089 2691 1155 2734 W.
1190 2695 1342 2744 censet,
1374 2692 1483 2734 mihi
1515 2691 1728 2734 abundare
1759 2691 1832 2734 καί
1855 2693 1924 2745 (in

344 2759 438 2813 κάν)
470 2760 653 2812 videtur,
696 2775 778 2817 quo
810 2765 1021 2817 expuncto
1053 2756 1274 2819 egregiam
1303 2763 1410 2806 hano
1442 2762 1728 2806 obtinebimus
1759 2765 1923 2805 senten-

342 2832 473 2873 tiam:
519 2831 785 2888 „perioulum
828 2832 1024 2875 omnibus
1067 2833 1185 2876 affert
1215 2835 1371 2876 iniuria
1403 2835 1436 2876 si
1469 2848 1550 2877 non
1581 2833 1700 2876 affert
1730 2835 1921 2878 auotori’'

343 2903 372 2943 i.
392 2916 427 2944 e.
463 2906 575 2944 certa
607 2917 777 2945 manere
809 2917 942 2959 poena
974 2903 1214 2963 maleficum
1249 2905 1372 2966 debet
1402 2910 1477 2947 aut
1506 2905 1548 2964 in
1580 2907 1785 2961 perpetuo
1815 2907 1924 2962 peri-

345 2970 439 3014 culo
473 2973 755 3015 versabuntur
786 2978 931 3016 omnes
962 2974 1087 3017 cives.
1829 2968 1831 2970 ’
