2002 3372
1095 203 1180 246 158

347 324 442 375 ὑπὲρ
484 329 557 372 τῆς
601 323 823 374 ἡγεμονίας
869 325 936 366 καὶ
973 328 1047 372 τῆς
1080 325 1307 377 ἐλευθερίας
1340 332 1533 377 πολεμῶν
1565 327 1660 376 τοὺς
1691 328 1933 383 βαρβάρους

345 394 570 436 ἀνάλωσεν.

403 465 621 521 Sophistas
662 466 903 521 impugnat,
947 465 1098 509 ducem
1139 480 1239 510 vero
1281 481 1430 510 eorum
1469 472 1718 526 patremque
1748 472 1927 527 pertina—

343 537 511 578 cissimo
558 537 826 591 persequitur
873 536 981 587 odio,
1032 537 1258 580 Isocratem
1306 553 1447 581 senem
1493 538 1633 589 illum,
1681 542 1754 596 qui
1799 554 1924 584 senex

341 611 460 647 natus
494 607 689 648 videatur
722 610 764 648 et
795 611 935 648 tamen
971 608 1148 650 miserae
1179 610 1307 651 istius
1338 611 1451 652 vitae
1482 613 1574 652 tam
1605 611 1727 653 anxie
1758 624 1927 667 semper

345 681 466 719 tenax
510 677 652 727 fuerit,
697 678 770 732 qui
813 677 1076 720 sententiolis
1117 677 1317 721 limandis
1357 679 1648 736 poliendisque
1687 679 1797 724 illud
1837 681 1925 724 fere

341 749 560 803 integrum
608 747 770 789 dederit
818 748 1036 791 saeculum
1083 749 1195 805 quod
1243 749 1470 793 crudeliter
1511 750 1662 793 ludens
1703 752 1742 794 ei
1783 751 1921 794 fatum

341 820 557 870 concessit,
607 818 796 874 nihilque
844 824 962 861 tanto
1009 834 1132 876 opere
1173 821 1458 863 reformidarit
1501 835 1628 877 quam
1670 835 1722 864 ne
1761 821 1920 866 vocalis

340 891 383 930 in
417 889 606 931 vocalem
638 889 842 932 incideret
873 895 947 932 aut
979 890 1146 947 periodo
1180 891 1341 934 deesset
1372 891 1553 949 syllaba.
1597 892 1754 936 Audite
1785 894 1919 936 nostri

340 961 516 1001 oratoris
547 960 910 1016 indignationem:

400 1032 485 1077 πῶς
518 1028 582 1072 οὖν
616 1033 685 1073 οὐκ
718 1030 891 1080 ἔμελλεν
924 1030 1125 1082 ἄνθρωπος
1158 1033 1293 1084 ψόφον
1325 1030 1458 1074 ὅπλων
1489 1033 1710 1085 Φοβεῖσθαι
1738 1034 1807 1076 καὶ
1834 1035 1922 1086 σύρ-

339 1116 480 1151 ρηγμα
514 1100 758 1152 φαλάγγων
780 1102 809 1154 ¹)
837 1102 854 1144 ὁ
882 1103 1138 1152 Φοβούμενος
1167 1107 1324 1154 Φωνῆεν
1352 1106 1550 1156 φωνήεντι
1578 1107 1825 1156 συγκροῦσαι
1853 1106 1919 1146 καὶ

339 1173 535 1221 συλλαβῇ
569 1173 613 1213 τὸ
648 1169 836 1214 ἰσόκωλον
868 1173 995 1220 ἐνδεὲς
1028 1173 1279 1226 ἕξενεγιιεῖν;

338 1241 591 1299 intelligetis
635 1245 783 1298 quanti
826 1245 882 1286 sit
924 1245 992 1286 hic
1035 1247 1242 1287 momenti
1273 1244 1390 1287 locus
1423 1247 1467 1287 in
1499 1247 1614 1288 omni
1646 1245 1698 1288 de
1727 1245 1920 1300 scriptore

339 1312 569 1356 Plutarcho
612 1313 909 1369 disputatione.
956 1314 1018 1356 De
1060 1330 1142 1371 quo
1184 1330 1295 1357 nunc
1333 1315 1443 1358 nihil
1487 1315 1672 1372 amplius
1714 1316 1806 1359 dico
1838 1318 1922 1358 nisi

339 1383 439 1426 hoc:
481 1383 577 1426 luce
609 1384 765 1427 clarius
798 1385 894 1427 hinc
926 1399 1125 1441 apparere
1157 1387 1300 1442 ipsum
1330 1386 1564 1429 identidem
1596 1386 1759 1443 aliquid
1790 1388 1919 1443 scrip-

339 1456 440 1496 sisse
472 1456 516 1496 in
550 1469 631 1510 quo
663 1470 740 1497 non
774 1457 983 1499 vitaretur
1014 1457 1170 1506 hiatus,
1198 1471 1475 1513 perverseque
1501 1471 1626 1514 agere
1652 1459 1820 1500 criticos
1846 1459 1920 1514 qui

338 1525 568 1567 Plutarcho
612 1525 800 1582 aliquem
843 1527 1084 1569 abiudicent
1125 1526 1282 1570 librum
1326 1528 1401 1569 illo
1432 1528 1516 1569 eolo
1546 1533 1772 1581 armamento
1804 1528 1916 1585 quod

337 1597 381 1637 in
414 1610 474 1646 eo,
508 1598 705 1651 quamvis
739 1596 868 1639 multi
900 1598 1211 1653 manifestique,
1244 1598 1387 1641 hiatus
1420 1600 1705 1642 inveniantur.

398 1665 589 1722 Denique
620 1666 752 1724 legite
785 1667 894 1709 mihi
926 1667 1149 1723 pulchram
1182 1668 1302 1711 illam
1333 1671 1620 1712 narrationem
1653 1669 1704 1712 de
1735 1672 1920 1726 equestri

337 1737 663 1779 Atheniensium
691 1752 790 1780 cum
817 1738 1109 1794 Epaminonda
1135 1740 1212 1781 sub
1239 1739 1482 1782 Mantineae
1503 1741 1726 1783 moenibus
1742 1739 1915 1796 proelio,

335 1821 416 1849 non
456 1807 614 1849 invidia
646 1808 822 1850 ductum
856 1810 982 1852 πᾶσίν
1015 1810 1345 1862 Ἰσοκρατιδεῡσιν
1375 1810 1578 1853 indixisse
1611 1810 1772 1853 bellum
1804 1810 1916 1854 hunc

337 1881 545 1920 oratorem
577 1881 781 1922 sentietis.

397 1948 461 1990 Ad
495 1949 686 2005 singulos
719 1949 830 1992 locos
863 1964 968 2006 quae
1001 1954 1199 1993 annotem
1234 1965 1367 2007 pauca
1398 1955 1498 1994 sunt
1527 1951 1736 2008 leviaque.

396 2090 530 2132 345E
565 2095 746 2143 Ξενοφῶν
777 2093 852 2141 μὲν
884 2093 966 2143 γαρ
1001 2093 1125 2139 αὐτὸς
1159 2092 1302 2135 ἑαυτοῦ
1338 2093 1507 2144 γέγονεν
1538 2094 1710 2147 ἱστορία,
1742 2094 1917 2148 γράψας

336 2155 364 2203 ἃ
397 2161 683 2212 ἐστρατήγησε
716 2162 783 2206 καὶ
818 2164 1051 2215 κατώρθωσε
1083 2163 1150 2205 καὶ
1185 2164 1478 2214 Θεμιστογένει
1511 2165 1618 2219 [περὶ
1652 2164 1802 2207 τούτων
1829 2181 1916 2208 συν-

336 2232 564 2287 τετάχθαι]
597 2236 650 2285 τῷ
687 2234 939 2288 Συροκοσίῳ[,
973 2232 1036 2276 ἵνα
1069 2235 1304 2286 πιστότερος
1338 2233 1360 2288 ἦ
1395 2235 1657 2286 διηγούμενος
1689 2236 1832 2278 ἑαυτὸν
1863 2238 1917 2284 ὥς

336 2301 478 2353 ἄλλον,
512 2303 647 2358 ἑτέρῳ]
681 2305 751 2352 τὴν
783 2309 859 2347 τῶν
890 2304 1025 2355 λόγων
1053 2304 1169 2355 δόξαν
1202 2304 1482 2359 χαριζόμενος.

396 2372 491 2415 Non
523 2373 663 2416 solum
689 2374 801 2417 illud
831 2376 1122 2426 Θεμιστογένει
1150 2378 1204 2428 τῷ
1235 2376 1466 2428 Σύρακοσίῳ
1491 2378 1551 2430 (in
1578 2377 1789 2420 codicibus
1814 2382 1916 2421 sunt

336 2446 582 2497 accusativi)
625 2459 648 2487 a
691 2445 887 2488 Turnebo
929 2460 1065 2496 sumo,
1109 2447 1181 2489 sed
1221 2451 1435 2502 praeterea
1475 2446 1638 2490 inclusa
1679 2447 1822 2501 deleo;
1854 2450 1914 2491 sic

336 2513 510 2556 demum
542 2519 640 2570 apta
672 2517 860 2558 nascitur
891 2518 1099 2559 sententia
1131 2521 1309 2572 apteque
1340 2519 1540 2561 continuo
1573 2518 1675 2560 haec
1701 2532 1915 2574 opponun-

338 2587 429 2626 tur:
464 2585 496 2627 οἱ
531 2585 563 2625 δ’
597 2584 717 2627 ἄλλοι
752 2586 907 2633 πάντες
939 2588 1125 2637 ἱστορικοί
1160 2619 1168 2630 .
1189 2619 1197 2629 .
1220 2619 1228 2630 .
1250 2619 1259 2630 .
1294 2590 1515 2638 ἀλλοτρίων
1542 2589 1763 2639 γεγόνασιν
1790 2588 1916 2642 ἔργων

338 2653 468 2706 ὥσπερ
500 2656 716 2706 δραμάτων
752 2658 976 2708 ὑποκριταί.
1020 2657 1177 2713 Lepide
1210 2673 1321 2701 nunc
1353 2658 1467 2701 solus
1498 2659 1797 2701 historicorum
1830 2658 1917 2702 lau-

336 2725 460 2767 datur
491 2726 740 2782 Xenophon,
773 2733 921 2784 utpote
948 2730 1021 2784 qui
1047 2730 1263 2784 copiarum
1293 2729 1443 2772 ducem
1471 2743 1514 2772 se
1541 2730 1687 2772 haberi
1717 2729 1916 2781 voluerit,

337 2797 552 2851 scriptoris
592 2797 751 2840 famam
795 2801 849 2840 sit
892 2803 1152 2855 aspernatus.
1196 2800 1277 2852 Qui
1318 2814 1342 2842 a
1382 2800 1661 2856 Xenophonte
1699 2788 1914 2843 diversum

382 2948 416 2988 1)
441 2948 491 2979 Sic
515 2959 585 2981 cum
609 2948 778 2981 Abreschio
802 2949 966 2990 legendum
991 2960 1049 2992 pro
1072 2948 1265 2990 φάλαγγος.
