2002 3372
889 222 977 267 273

47 372 53 399 5
134 344 276 389 durem
311 375 322 388 .
342 376 352 388 .
372 376 383 388 .
402 377 414 388 .
446 343 632 396 γελάσαι
669 375 679 387 .
699 375 709 387 .
730 377 739 387 .
759 374 771 387 .
803 345 1060 397 ὀρχήσασθαι
1105 359 1210 402 quos
1252 344 1497 402 redarguat.
1530 344 1642 388 Nam
1674 358 1736 386 re-

42 476 49 478 -
135 414 360 471 damnandi
390 429 462 459 eos
495 417 619 459 citari
650 414 827 459 consilio
858 420 1036 472 apparet
1067 431 1118 460 ex
1150 416 1290 459 hisce:

318 486 393 529 καί
422 501 460 528 τι
495 485 592 534 ἔπος
623 486 831 539 προέηκεν,
865 484 960 540 ὅπερ
993 488 1031 530 τ’
1064 485 1232 541 ἄρρητον
1265 485 1428 538 ἄμεινον

135 558 248 602 τοῦτ’
280 556 353 608 ἤδη
385 557 510 602 δεινὸν
542 559 612 601 καὶ
645 558 904 602 ἐπικίνδυνον.

196 628 309 683 Quid
339 632 486 672 autem
519 630 632 672 inter
663 628 771 672 duos
802 628 900 673 illos
931 629 1112 673 Homeri
1143 629 1258 673 locos
1285 629 1499 686 interponi
1525 632 1568 672 et
1594 631 1736 685 potest

135 703 181 745 et
219 697 374 744 debet?
417 699 541 744 Nihil
582 699 702 743 aliud
744 714 875 756 quam
915 701 1021 744 hoc:
1069 701 1200 758 „quid
1233 705 1379 744 autem
1411 704 1576 752 cantus,
1610 702 1734 751 risus,

46 822 49 823 ⁷
134 770 306 816 saltatio
346 770 453 815 mali
492 771 650 814 habent
661 769 708 813 ?”
751 771 865 815 Tum
906 773 1023 815 enim
1065 774 1286 829 aptissime
1329 771 1502 815 additur
1543 770 1736 814 clausula

134 855 264 900 quam
295 843 384 886 iam
415 843 669 886 citavimus:
703 843 775 886 καί
806 859 844 886 τι
881 875 890 886 .
912 875 921 886 .
942 874 952 886 .
973 875 982 887 .
1017 843 1278 887 ἐπικίνδυνον.

195 913 449 958 Rectissime
478 914 559 958 hoc
590 913 816 958 vinculum
848 915 976 959 habet
1004 916 1047 958 in
1076 915 1398 973 Wyttenbachii
1425 914 1632 958 lectione:
1664 914 1732 963 καὶ

134 984 178 1029 τί
207 985 255 1029 τὸ
287 983 411 1029 δεινόν
434 985 478 1039 ¹),
511 984 589 1039 ᾠδὴ
623 986 691 1028 καὶ
726 986 860 1037 γέλως
895 986 964 1029 καὶ
998 985 1191 1040 ὄρχησις;
1223 986 1333 1030 οὐδὲν
1364 984 1464 1039 ἄχρι
1499 989 1672 1029 τοῦτων·

317 1056 392 1100 καί
424 1071 463 1099 τι
497 1056 593 1104 ἔπος
625 1057 712 1100 κτὲ.

42 1149 48 1181 3
134 1125 352 1177 τοῦτ’-ἥδη
384 1126 508 1171 δεινὸν
538 1127 610 1170 καὶ
644 1128 711 1171 ἐπ.

194 1197 245 1241 In
285 1211 370 1255 qua
410 1212 511 1256 prae
552 1200 703 1242 ceteris
746 1199 877 1255 probo
907 1199 1200 1256 interrogandi
1232 1200 1407 1256 signum
1440 1183 1538 1255 post
1568 1197 1733 1251 ὄρχησις

134 1272 178 1312 et
219 1268 454 1327 semicolon
485 1273 584 1327 post
615 1270 781 1313 τούτων.
814 1269 967 1314 Editor
999 1269 1188 1314 Graecus
1221 1284 1334 1322 vero,
1368 1269 1471 1313 licet
1501 1271 1638 1327 ipsius
1670 1284 1736 1312 co-

136 1339 252 1384 dices
283 1341 352 1384 καὶ
387 1342 429 1385 τί
459 1341 658 1394 habeant,
690 1342 792 1385 haec
825 1341 920 1385 dat:

42 1414 69 1423 ’“
131 1458 143 1462 ,
197 1411 330 1456 καίτοι
374 1413 421 1457 τὸ
462 1412 709 1465 δεινότατον,
753 1412 831 1467 ᾠδὴ
874 1413 945 1456 καὶ
989 1412 1124 1465 γέλως
1168 1412 1237 1456 καὶ
1272 1411 1455 1467 ὄρχησις,
1487 1412 1598 1456 οὐδὲν
1631 1411 1734 1467 ἄχρι

134 1481 310 1526 τούτων·

133 1607 140 1616 ι
318 1555 392 1598 καί
423 1571 463 1598 τι
497 1553 591 1604 ἔπος
625 1555 711 1598 κτὲ.

69 1659 83 1670 .,
135 1627 248 1670 τοῦτ’
279 1625 352 1678 ἤδη
385 1626 508 1670 δεινόν
540 1626 609 1670 καὶ
645 1627 713 1670 ἐπ.

134 1701 396 1756 annotatque
426 1697 480 1742 ad
505 1697 829 1756 Wyttenbachii
853 1697 1106 1742 lectionem:
1143 1697 1279 1750 „nihil
1307 1697 1459 1754 opus’'.
1491 1697 1625 1741 Suam
1653 1698 1737 1741 sibi

133 1783 238 1828 ergo
267 1769 423 1814 habeat
453 1771 525 1815 vir
556 1769 722 1822 doctus,
754 1770 866 1813 mihi
897 1784 1040 1814 merae
1074 1783 1147 1814 eae
1178 1768 1381 1814 videntur
1411 1769 1623 1813 tenebrae.

101 1919 106 1924 ¹
196 1933 337 1979 504Α
381 1934 572 1985 Ἀθήνησι
605 1933 647 1977 δέ
681 1950 743 1982 τις
778 1934 918 1977 ἑστιῶν
953 1933 1148 1987 πρέσβεις
1182 1933 1430 1985 βασιλικοὺς
1464 1933 1736 1986 ἐφιλοτιμήθη

63 2004 65 2006 ’
135 2004 429 2060 σπουδάζουσιν
463 2007 605 2054 αὐτοῖς
637 2011 898 2058 συναγαγεῖν
931 2005 987 2052 εἰς
1021 2005 1152 2048 ταύτὸ
1185 2004 1278 2051 τοὺς
1311 2003 1586 2057 Φιλοσόφους.

197 2077 316 2122 Haec
346 2079 408 2122 sic
439 2079 572 2122 vertit
602 2079 834 2135 interpres:
870 2077 1081 2130 „Athenis
1107 2080 1255 2120 autem
1282 2076 1457 2133 quidam
1484 2077 1739 2120 convivium

135 2143 269 2207 regiis
306 2148 465 2207 legatis
506 2149 724 2206 praebens,
757 2164 915 2204 operam
946 2148 1059 2191 dedit
1090 2152 1141 2191 ut
1172 2149 1227 2191 iis
1259 2148 1331 2190 hoc
1363 2147 1613 2202 cupientibus
1645 2147 1740 2204 phi-

133 2219 337 2278 losophos
367 2219 517 2264 eodem
549 2220 831 2264 conduceret’'
865 2234 1019 2277 parum
1053 2222 1260 2271 accurate,
1292 2232 1394 2262 nam
1426 2220 1740 2270 φιλοτιμεῖσθαι

134 2305 218 2335 non
261 2292 322 2335 sic
363 2290 620 2349 simpliciter
664 2305 866 2348 „operam
905 2290 1033 2334 dare''
1068 2289 1308 2348 significat;
1341 2291 1417 2346 qui
1449 2293 1739 2341 Φιλοσιμεῖται

136 2361 212 2406 dat
251 2361 427 2419 quidem
469 2376 643 2420 operam
685 2362 759 2406 sed
795 2361 982 2419 gloriam
1015 2375 1067 2404 ex
1100 2374 1148 2404 ea
1180 2375 1224 2404 re
1258 2362 1328 2403 cui
1359 2374 1533 2417 operam
1564 2360 1637 2403 dat
1669 2374 1740 2417 ap-

136 2434 259 2491 petit,
301 2431 373 2478 vel
412 2434 496 2477 sibi
539 2432 610 2477 vel
646 2437 715 2488 (ut
756 2434 844 2487 hic)
888 2434 1049 2490 patriae
1092 2446 1206 2483 suae,
1251 2435 1295 2474 et
1336 2430 1486 2474 nullus
1515 2433 1741 2486 Φιλοσιμίᾳ

134 2502 256 2548 locus
285 2503 546 2561 relinquitur
577 2506 613 2547 si
643 2506 728 2561 ipsi
759 2504 896 2562 legati
928 2503 1194 2547 clamarunt:
1232 2502 1312 2554 „ad
1344 2516 1420 2545 nos
1453 2516 1615 2546 arcesse
1646 2503 1740 2560 phi-

135 2573 339 2632 losophos
380 2574 547 2632 aliquos
589 2574 800 2619 vestros’'.
847 2574 930 2618 Sed
971 2575 1052 2618 hoc
1094 2573 1236 2618 voluit
1278 2572 1561 2617 Plutarchus:
1612 2567 1737 2625 ,jcum

136 2646 259 2700 forte,
298 2650 350 2690 ut
389 2660 514 2704 saepe
545 2646 593 2690 fit
625 2648 738 2690 inter
768 2645 934 2703 pocula,
967 2646 1016 2687 de
1049 2660 1093 2687 re
1123 2645 1230 2687 seria
1261 2644 1472 2698 disputare
1503 2645 1741 2701 coepissent

136 2719 354 2771 convivae,
393 2717 547 2775 hospes
587 2716 662 2761 ille
704 2715 982 2761 Atheniensis
1018 2716 1195 2770 qloriari
1234 2716 1396 2769 cupiens
1437 2716 1601 2771 patriae
1634 2729 1737 2758 suae

137 2789 360 2846 sapientia,
392 2787 670 2846 philosophos
702 2788 910 2845 quosdam
941 2786 1225 2831 introduxit.''

177 2991 222 3035 -1)
244 2991 438 3025 conferatur
461 2991 744 3034 Francogallornm
767 2990 867 3024 illud:
894 2990 956 3024 noh
979 2992 1026 3024 eet
1049 2990 1080 3024 le
1103 2989 1168 3023 mal
1177 2990 1214 3023 12’·

1503 3055 1544 3086 18
