2002 3372
1061 238 1149 281 250

314 373 449 414 neque
475 358 757 401 Bernardakio
783 358 1015 414 quidquam
1043 359 1259 404 suboluit?
1286 363 1344 404 At
1370 362 1571 405 damnare
1596 361 1795 407 libellum
1810 378 1894 406 non

314 429 526 471 dubitavit
556 430 760 472 Naberus.
794 428 962 472 Dixeris
992 427 1093 487 ergo
1126 432 1232 474 meis
1263 433 1350 474 iam
1384 434 1648 489 argumentis
1677 446 1783 490 opus
1812 449 1893 477 non

313 513 413 541 esse.
457 498 580 542 Certe
622 500 710 554 ipse
754 499 861 540 mihi
902 513 984 541 non
1026 501 1063 542 is
1094 501 1240 544 videor
1271 503 1346 558 qui
1378 502 1533 545 Naberi
1565 505 1796 560 suscipiam
1827 518 1895 560 pa-

312 571 554 611 trocinium.
589 568 667 611 Sed
703 570 847 625 paucis
878 570 1018 612 verbis
1050 571 1273 614 defunctus
1303 571 1378 614 ille
1409 578 1495 624 est;
1528 587 1595 616 res
1625 575 1719 630 ipsa
1749 579 1892 618 autem

313 639 426 681 haud
461 630 635 695 indigna
666 643 730 682 est
762 639 811 682 de
843 653 925 695 qua
957 643 1193 683 accuratius
1225 642 1481 698 disputetur,
1514 657 1612 686 cum
1644 645 1893 700 praesertim

311 709 532 751 videamus
572 709 768 760 aliorum,
812 723 1043 766 eorumque
1083 713 1271 754 maxime
1313 712 1576 764 idoneorum,
1618 713 1810 758 iudicum
1851 717 1894 756 et

311 780 441 821 fuisse
472 783 515 821 et
547 794 636 822 esse
668 781 911 823 etiamnunc
940 783 1193 824 contrariam
1221 785 1490 825 sententiam.
1525 785 1617 841 Age
1643 798 1744 841 ergo
1770 783 1894 828 litem

311 850 430 900 hanc,
462 863 562 892 nam
593 850 702 892 litem
734 864 823 893 esse
854 855 1040 907 apparet,
1075 852 1246 895 tandem
1277 853 1503 909 aliquando
1534 854 1587 897 ad
1613 856 1777 899 exitum
1805 869 1892 912 per-

312 920 462 962 ducere
493 920 715 963 conemur!

372 990 588 1033 Naberum
631 991 708 1034 hoc
739 1005 837 1047 prae
870 994 1020 1035 ceteris
1052 997 1212 1044 movet,
1246 999 1287 1036 et
1319 995 1396 1037 hoc
1431 994 1520 1037 solo
1552 996 1693 1038 utitur
1722 995 1799 1041 ille
1830 1009 1894 1039 ar-

309 1064 530 1116 gumento,
573 1061 683 1117 quod
725 1061 775 1104 de
815 1062 943 1105 Decio
985 1063 1284 1106 absurdissima
1324 1065 1394 1107 hic
1437 1065 1664 1109 traduntur
1705 1070 1747 1109 et
1787 1080 1893 1123 quae

309 1133 504 1187 ineptum
545 1133 589 1173 in
631 1132 808 1175 modum
850 1133 1044 1176 recedant
1076 1147 1100 1176 a
1129 1134 1383 1192 pervulgata
1414 1137 1667 1180 narratione.
1709 1136 1763 1181 Et
1792 1141 1894 1180 sunt

310 1202 498 1258 profecto
530 1202 831 1246 absurdissima
862 1202 938 1245 illa
969 1208 1013 1246 et
1043 1203 1273 1247 Plutarcho
1304 1220 1476 1261 prorsus
1506 1206 1696 1264 indigna.
1730 1206 1812 1257 Sed
1843 1211 1894 1250 ut

311 1286 439 1328 quam
476 1274 562 1315 sint
594 1274 737 1329 inepta
769 1279 810 1316 et
841 1276 986 1316 insana
1016 1277 1186 1331 penitus
1217 1276 1416 1318 sentiatur
1448 1302 1502 1309 —
1537 1291 1636 1321 nam
1665 1278 1894 1322 sentimur

310 1343 518 1386 eiusmodi
560 1358 624 1386 res
666 1346 804 1401 magis
847 1359 974 1400 quam
1008 1348 1132 1388 certis
1162 1349 1430 1402 argumentis
1462 1347 1804 1393 demonstrantur
1834 1373 1888 1382 -

310 1417 449 1456 totum
481 1418 621 1469 caput,
653 1415 726 1456 ubi
758 1414 975 1471 leguntur,
1009 1416 1357 1459 considerandum
1389 1422 1465 1460 est.
1500 1418 1619 1473 Quod
1646 1420 1721 1474 qui
1746 1419 1892 1464 fecerit

310 1499 392 1526 non
435 1486 591 1540 poterit
623 1499 704 1527 non
739 1487 884 1527 mirari
917 1486 1019 1528 talia
1051 1501 1239 1542 unquam
1272 1501 1346 1543 pro
1379 1487 1646 1531 Plutarcheis
1678 1489 1891 1532 venditari

309 1556 510 1610 potuisse.
544 1554 606 1598 De
633 1559 723 1598 toto
750 1570 850 1612 ergo
878 1558 1014 1612 capite
1036 1556 1111 1599 illo
1133 1559 1295 1609 (tertio)
1317 1560 1472 1600 nostris
1488 1559 1721 1604 referamus
1738 1560 1891 1604 verbis.

369 1625 590 1667 Inducitur
633 1627 654 1673 ἡ
698 1627 823 1668 κακίαι
865 1627 1223 1678 (‚,vitiositatem”
1258 1641 1351 1670 eam
1382 1628 1570 1684 appellat
1597 1630 1817 1686 interpres,
1849 1635 1893 1674 et

309 1695 516 1738 utendum
562 1697 682 1738 nobis
728 1711 776 1739 eo
818 1703 882 1739 est
926 1697 1144 1748 vocabulo,
1189 1700 1389 1753 quoniam
1433 1699 1589 1742 melius
1631 1699 1804 1757 aliquod
1844 1702 1888 1743 in

309 1772 509 1823 promptu
541 1781 622 1809 non
653 1771 747 1820 est),
783 1767 1003 1810 Vitiositas
1035 1782 1135 1824 ergo
1168 1768 1385 1811 inducitur
1413 1783 1511 1811 cum
1538 1769 1726 1813 Fortuna
1753 1770 1894 1827 dispu-⁴

308 1842 402 1880 tans
445 1842 491 1880 ut
533 1837 795 1880 demonstret
835 1839 886 1880 ab
925 1838 1001 1880 illa
1043 1838 1133 1881 sola
1175 1839 1389 1882 hominem
1420 1841 1626 1883 miserum
1657 1840 1776 1884 reddi
1807 1855 1889 1884 non

308 1922 443 1963 posse.
477 1909 616 1962 Atque
649 1909 707 1950 sic
740 1909 824 1950 fere
856 1923 977 1951 suam
1011 1910 1102 1964 agit
1133 1923 1327 1951 causam:

370 1978 753 2034 „Paupertatemne
794 1980 984 2029 minaris,
1033 1978 1246 2022 Fortuna?
1292 1980 1418 2023 Ridet
1462 1985 1503 2023 te
1546 1980 1773 2024 Metrocles
1817 1983 1890 2037 qui

307 2049 448 2091 hieme
474 2050 516 2090 in
546 2050 694 2091 ovium
721 2049 913 2101 stabulis,
941 2053 1097 2092 aestate
1124 2051 1166 2091 in
1193 2049 1419 2092 vestibulis
1446 2050 1704 2107 templorum
1722 2056 1887 2094 noctem

308 2119 464 2175 degens
498 2119 721 2161 Persarum
756 2133 855 2176 rege
889 2120 968 2161 sibi
996 2121 1157 2162 beatior
1183 2120 1412 2172 videretur,
1440 2120 1540 2163 licet
1566 2122 1785 2164 hibernam
1812 2121 1888 2165 ille

307 2190 479 2232 haberet
511 2192 672 2246 regiam
707 2189 938 2247 Babylone,
971 2192 1178 2233 aestivam
1209 2192 1252 2231 in
1285 2190 1471 2234 Media'’.

367 2260 450 2302 Hic
491 2261 600 2302 mihi
639 2260 855 2316 paulisper
894 2261 1212 2303 subsistendum
1253 2266 1329 2302 est.
1374 2260 1419 2303 Si
1461 2261 1692 2318 quidquam
1734 2263 1776 2304 in
1821 2251 1891 2305 his

307 2330 585 2387 probandum,
628 2331 822 2386 equidem
867 2331 1078 2387 probanda
1118 2345 1264 2373 censeo
1306 2331 1467 2372 stabula
1496 2330 1572 2374 illa
1604 2332 1742 2374 ovium.
1775 2331 1886 2384 Quid

306 2402 417 2443 enim
463 2403 604 2456 aptius
646 2401 838 2443 mendico
881 2401 950 2443 vel
993 2415 1093 2444 vero
1137 2401 1204 2444 vel
1247 2400 1451 2443 simulato
1495 2415 1577 2457 quo
1619 2402 1759 2445 hieme
1809 2403 1888 2444 sub

305 2475 473 2514 noctem
513 2470 757 2527 confugiat?
796 2471 942 2514 Nonne
981 2473 1018 2513 is
1060 2472 1110 2513 ad
1144 2485 1357 2514 summam
1389 2471 1581 2514 redactus
1613 2476 1687 2514 aut
1717 2476 1783 2514 est
1813 2476 1887 2515 aut

306 2541 477 2584 videtur
517 2546 825 2597 paupertatem,
868 2544 942 2597 qui
983 2556 1033 2583 ne
1076 2543 1187 2584 inter
1217 2541 1562 2584 immundissima
1594 2542 1765 2597 quidem
1797 2544 1886 2585 ani-

306 2611 436 2654 malia
467 2626 664 2654 somnum
697 2626 842 2667 capere
875 2610 1145 2654 reformidet?
1179 2611 1305 2653 Haud
1337 2613 1397 2654 ita
1430 2610 1614 2655 Usenero
1641 2613 1783 2654 visum
1812 2614 1886 2668 qui

306 2697 380 2737 pro
414 2681 584 2725 Graecis
617 2682 833 2725 vocabulis
864 2683 901 2723 ἐν
936 2688 1017 2728 τοῖς
1047 2681 1270 2733 προβάτοις
1302 2683 1447 2737 reponi
1472 2683 1599 2724 iussit
1624 2682 1663 2723 ἐν
1692 2687 1774 2728 τοῖς
1803 2697 1887 2734 πρι-

305 2752 449 2802 βαὶτοις
482 2755 510 2794 1.
530 2767 564 2795 e.
598 2755 640 2794 in
673 2752 830 2795 balneis
856 2754 1049 2808 privatis.
1083 2752 1166 2794 Hic
1191 2756 1342 2794 notum
1368 2751 1478 2794 illud
1503 2751 1775 2808 „distingue”
1805 2766 1885 2795 usu

305 2824 436 2864 venit.
471 2822 564 2878 Ipse
598 2823 853 2865 Plutarchus
885 2822 1104 2865 vocabulis
1135 2824 1274 2864 utitur
1305 2822 1462 2872 latinis,
1495 2822 1568 2864 sed
1593 2836 1686 2865 raro
1718 2826 1884 2866 etcum

304 2894 395 2947 ipsa
427 2907 491 2935 res
523 2893 573 2935 de
606 2907 687 2948 qua
719 2895 863 2949 agitur
897 2897 1062 2935 tantum
1096 2907 1175 2936 non
1209 2894 1324 2949 cogit
1357 2894 1433 2934 uti.
1476 2892 1545 2934 Sic
1577 2894 1620 2934 in
1652 2892 1799 2935 libello
1832 2893 1882 2935 de

305 2962 476 3005 vitando
517 2977 609 3005 aere
646 2963 782 3005 alieno
814 2964 1086 3004 Kalendarum
1118 2977 1271 3005 nomen
1302 2962 1475 3019 legitur,
1509 2963 1752 3018 aptissime:
1786 2966 1882 3006 ante
