2002 3372
1073 185 1157 230 166

325 327 368 355 se
413 310 529 354 istud
578 310 833 361 αἰτιολογίας
877 309 1108 353 artificium
1150 308 1264 352 haud
1305 311 1454 366 magni
1494 309 1651 362 facere,·
1683 311 1905 367 poetarum

325 384 438 426 enim
480 380 592 424 illud
634 395 722 424 esse
766 395 847 423 non
888 380 1256 437 philosophorum.
1299 379 1409 424 Cum
1451 380 1631 424 Platone
1673 381 1787 424 enim
1829 393 1905 424 suo

327 454 531 509 mag-ister
563 451 783 494 Plutarchi
815 455 980 494 monet:
1016 452 1221 507 „poeticis
1253 451 1470 508 figmentis
1502 450 1764 495 delectentur
1785 452 1906 508 pueri

327 528 369 567 et
401 522 716 573 adolescentuli,
765 521 931 565 adultos
962 521 1230 580 philosophia
1261 526 1303 565 et
1335 536 1434 566 vera
1466 522 1652 566 doctrina
1682 521 1842 566 decet”.

389 593 470 636 Sed
518 607 641 645 nunc,
691 606 790 635 cum
837 592 1079 649 Sarapionis
1121 607 1245 636 causa
1286 592 1544 649 colloquium
1586 592 1696 636 illud
1737 593 1908 637 chartae

331 664 516 715 mandat,
558 665 645 706 iam
686 662 817 721 longa
858 663 1022 707 effluxit
1053 678 1259 707 annorum
1298 665 1448 707 series:
1483 664 1657 706 παλαι
1689 664 1815 707 ποτὲ
1846 665 1909 707 ait

332 738 420 778 καθ’
465 730 504 776 ὃν
547 734 678 786 καιρὸν
723 734 914 784 ἐπεδήμει
957 734 1091 787 Νέρων
1135 735 1363 786 ἠκούσαμεν
1407 734 1641 785 Ἀμμωνίου
1683 733 1756 778 καί
1793 749 1906 776 τινων

333 806 472 848 ἄλλων
515 805 749 855 διεξιόντων.
790 804 852 848 De
893 805 1072 861 antiqua,
1116 809 1165 848 ut
1207 807 1267 848 ita
1311 805 1462 858 dicam,
1503 805 1680 849 historia
1710 819 1754 848 se
1783 818 1908 863 agere

332 878 474 927 sentit,
518 881 773 932 quapropter
813 890 893 933 ego
934 876 1046 919 hunc
1087 890 1255 932 quoque
1296 875 1508 927 libellum,
1550 881 1601 919 ut
1641 879 1731 919 tam
1772 873 1910 919 multa

333 948 490 1003 scripta
525 946 771 998 „moralia’'‚
806 961 914 1005 anno
944 947 1029 989 fere
1059 945 1144 990 107
1176 948 1383 1003 scriptum
1417 946 1664 1004 editumque
1695 950 1850 990 statuo.

395 1016 710 1060 Adolescentuli
736 1031 850 1074 ergo,
878 1032 976 1060 cum
1002 1016 1114 1060 illud
1143 1017 1404 1073 colloquium
1430 1017 1664 1061 habebatur
1680 1021 1805 1070 (anno
1823 1015 1911 1069 66),

335 1092 455 1132 erant
483 1091 525 1131 et
550 1087 807 1131 Plutarchus
836 1092 878 1131 et
906 1087 1127 1144 Lamprias
1154 1087 1226 1130 sed
1252 1087 1468 1144 aliquanto
1496 1089 1633 1132 maior
1647 1086 1736 1131 illis
1751 1086 1910 1139 Theon,

336 1159 437 1202 licet
469 1173 568 1201 eum
601 1159 756 1210 ἑταῖρον
787 1158 972 1215 appellet
1004 1157 1263 1201 Plutarchus
1294 1173 1336 1215 p.
1370 1157 1516 1203 385131.
1549 1158 1660 1202 Nam
1692 1158 1913 1215 Lampriae

338 1231 592 1281 αἰτιολογίαν
632 1229 797 1281 leniter,
842 1235 890 1273 ut
931 1229 1077 1273 lusum
1117 1229 1339 1286 puerilem,
1372 1230 1482 1273 ridet
1513 1230 1781 1282 Ammonius,
1813 1227 1915 1274 Plu-

337 1302 471 1344 tarchi
515 1301 749 1344 doctrinam
792 1300 1124 1358 Pythagoricam
1163 1300 1310 1344 laudat
1351 1301 1521 1357 quidem
1565 1300 1637 1344 sed
1677 1302 1752 1344 vix
1781 1299 1915 1344 ullam

339 1373 429 1415 eius
461 1372 588 1414 habet
618 1373 827 1414 rationem
838 1385 849 1424 ;
892 1373 982 1427 ipse
1016 1385 1182 1428 quoque
1215 1371 1472 1414 Plutarchus
1504 1386 1586 1428 quo
1615 1375 1805 1428 tempore
1830 1362 1916 1414 'col-

338 1443 533 1500 loquium
566 1443 733 1486 chartae
764 1442 952 1493 mandat,
979 1442 1102 1485 illam
1127 1445 1296 1485 tantum
1322 1456 1406 1485 non
1433 1444 1679 1486 contemnit.
1711 1442 1915 1499 Legimus

339 1516 453 1557 enim
495 1529 535 1570 p.
571 1512 726 1557 387F:
764 1515 988 1562 τηνικαῦτα
1022 1514 1288 1565 προσεκείμην
1322 1518 1406 1560 τοῖς
1437 1513 1676 1563 μαθήμασιν
1708 1513 1914 1564 ἐμπαθῶς,

339 1584 460 1638 τάχα
488 1585 522 1627 δ’
540 1583 712 1634 ἔμελλον
739 1585 797 1632 εἷς
825 1586 964 1627 πάντα
992 1585 1176 1634 τιμήσειν
1204 1584 1249 1625 τὸ
1270 1583 1419 1635 »μηδὲν
1438 1582 1581 1634 ἄγαν”
1601 1584 1638 1626 ἐν
1657 1583 1915 1637 ’Δκαδημείᾳ

340 1656 571 1707 γενόμενος.
615 1654 698 1698 Hic
740 1669 843 1699 voce
883 1655 1123 1705 μαθήμασιν
1164 1656 1256 1711 ipsa
1285 1653 1361 1697 illa
1393 1655 1599 1710 sapientia
1630 1654 1918 1711 Pythagorica

339 1726 617 1783 significatur.
650 1726 708 1768 At
738 1725 883 1768 Theon
914 1727 1001 1768 iam
1033 1730 1252 1782 tamquam
1277 1739 1353 1781 par
1379 1739 1476 1767 cum
1503 1726 1676 1781 paribus
1702 1728 1836 1768 certat
1861 1728 1916 1776 et,

340 1798 516 1839 minime
554 1800 748 1839 metuens
779 1810 830 1838 ne
863 1809 1062 1852 arrogans
1092 1796 1303 1845 videatur,
1334 1795 1535 1839 adversus
1567 1794 1829 1839 Nicandrum
1860 1794 1918 1837 di-

340 1867 494 1910 lectam
521 1881 643 1910 suam
670 1866 935 1909 dialecticam
962 1866 1160 1909 defendit.
1193 1865 1353 1909 Eodem
1379 1869 1422 1908 et
1447 1865 1521 1908 alii
1547 1864 1630 1908 loci
1653 1866 1827 1918 ducunt,
1845 1865 1921 1908 ubi

341 1937 482 1981 Theon
500 1940 869 1989 commemoratur,
887 1939 1136 1994 praesertim
1154 1951 1253 1981 vero
1271 1938 1316 1990 Q.
1335 1938 1450 1979 Com).
1462 1936 1574 1989 VIII,
1592 1936 1634 1989 4,
1650 1937 1675 1979 5
1692 1940 1750 1993 (p.
1766 1934 1852 1980 724
1864 1935 1920 1990 D)

341 2009 415 2051 ubi
448 2008 628 2051 Theonis
660 2007 772 2050 filius
805 2007 1014 2064 Caphisus
1045 2009 1147 2050 satis
1176 2009 1263 2051 iam
1294 2011 1358 2050 est
1389 2011 1589 2051 maturus
1621 2011 1669 2050 ut
1695 2022 1793 2051 cum
1819 2008 1922 2050 viris

343 2079 475 2122 doctis
508 2082 547 2122 ei
578 2080 793 2135 disputare
824 2078 970 2131 liceat;
1005 2077 1115 2130 VIII,
1151 2078 1191 2128 6,
1213 2078 1235 2120 1
1269 2077 1373 2131 (726
1388 2079 1454 2132 A),
1487 2079 1560 2121 ubi
1591 2078 1813 2122 Plutarchi
1843 2077 1921 2120 filii

342 2152 531 2193 iuniores
577 2165 600 2193 a
641 2150 823 2193 Theonis
867 2149 966 2192 filiis
1006 2148 1372 2205 reprehenduntur
1383 2163 1393 2201 ς
1443 2150 1492 2191 de
1523 2149 1646 2206 faeie
1683 2150 1713 2192 i.
1755 2163 1790 2192 o.
1828 2147 1858 2191 1.
1893 2147 1918 2191 7

344 2221 448 2274 (923
461 2221 524 2275 F),
569 2221 643 2263 ubi
682 2222 772 2276 ipse
813 2219 1068 2263 Plutarchus
1109 2219 1277 2262 Theone
1319 2221 1525 2276 magistro
1556 2222 1706 2263 utitur.
1745 2219 1921 2275 Semper

345 2293 453 2334 mihi
498 2293 633 2334 oritur
679 2292 861 2346 suspicio
908 2290 1121 2333 Theonem
1172 2289 1391 2332 Plutarchi
1437 2290 1565 2333 fuisse
1606 2292 1650 2333 in
1691 2289 1920 2334 sacerdotio

344 2362 549 2419 Delphico
576 2363 822 2404 decessorem.
856 2361 971 2414 Quae
998 2363 1035 2404 si
1061 2360 1166 2404 falsa
1192 2375 1276 2403 non
1293 2366 1368 2412 cst,
1386 2360 1641 2403 Plutarchus
1656 2360 1921 2417 aliquamdiu

345 2437 564 2490 tamquam
610 2448 778 2474 summus
821 2433 1002 2474 sacerdos
1048 2433 1126 2475 toti
1173 2431 1340 2475 oraculo
1382 2432 1578 2488 praefuit.
1619 2431 1761 2474 Theon
1804 2432 1919 2474 enim

343 2504 453 2547 illud
495 2518 710 2547 senescens
750 2505 837 2546 iam
878 2507 920 2546 et
961 2517 1092 2560 paene
1133 2502 1380 2560 neglectum
1423 2504 1646 2546 suscitavit
1676 2502 1916 2558 refecitque.

343 2575 622 2631 Inspiciamus
646 2575 788 2617 locum
816 2589 863 2618 eo
889 2576 1194 2631 pertinentem:
1220 2576 1267 2616 de
1283 2574 1454 2630 Pythiae
1469 2573 1642 2616 oraculis
1657 2587 1697 2629 p.
1717 2571 1922 2619 409.B.O.

343 2647 481 2702 Ipsius
513 2647 614 2689 haec
645 2646 827 2689 Theonis
863 2646 987 2689 verba
1020 2649 1141 2687 sunt:

404 2721 512 2768 Φιλῶ
556 2717 630 2766 μὲν
668 2717 844 2766 ἐμαυτὸν
867 2752 869 2755 .
891 2716 957 2768 ἐφ’
1001 2713 1058 2763 οἷς
1099 2715 1297 2766 ἐγενόμην
1329 2715 1387 2762 εἷς
1419 2715 1472 2756 τοὶ
1508 2714 1747 2767 πράγματα
1782 2716 1919 2755 ταῦτα

346 2787 543 2837 πρόθυμος
587 2787 655 2828 καὶ
698 2788 899 2840 χρήσιμος
932 2787 1043 2837 μετὰ
1077 2785 1361 2838 Πολυκράτους
1395 2786 1462 2828 καὶ
1500 2784 1710 2837 Πετραίου,
1744 2788 1852 2837 φιλῶ
1881 2783 1921 2827 δὲ

346 2857 412 2897 τὸν
462 2858 722 2907 καθηγέμονα
773 2857 929 2907 ταύτης
977 2861 1050 2904 τῆς
1098 2856 1310 2904 πολιτείας
1355 2855 1568 2906 γενόμενον
1618 2855 1713 2904 ἡμῖν
1755 2854 1821 2898 καὶ
1866 2856 1921 2897 τὰ

347 2932 525 2969 πλεῖστα
561 2928 708 2971 τούτων
743 2926 1048 2980 ἐκφροντίζοντα
1082 2927 1149 2969 καὶ
1183 2925 1562 2980 παρασκευάζοντα.
