2002 3372
1126 225 1183 270 20

367 345 479 388 dicta
521 345 650 387 sunt”
695 346 754 386 sic
796 345 1063 386 enuntiatur:
1098 349 1181 392 τοῖς
1213 345 1421 398 ἀλλαχόθι
1456 347 1552 400 πρὸς
1586 347 1813 390 τούναντίον
1844 347 1942 399 εἰρη-

365 416 498 465 μένοις
541 417 908 465 οὶνταναιρεῖν.
954 413 989 455 Ε
1027 415 1290 470 praecedenti
1325 416 1499 458 ἐναντίον
1531 416 1643 459 male
1673 417 1742 461 hic
1773 431 1943 474 praepo-

366 488 463 528 sitio
496 486 697 528 adhaesit.
732 485 846 541 Lege
878 485 1055 535 ἀναιρεῖν
1087 485 1238 537 delere,
1272 486 1435 530 tollere.

425 556 527 599 221³*
568 556 698 612 Saepe
740 559 907 611 turpem
951 570 1122 599 versum
1165 556 1382 600 meliorem
1426 563 1544 614 potes
1585 557 1757 601 reddere
1797 557 1939 615 aliquo

363 626 568 671 vocabulo
606 629 651 668 in
683 626 810 668 aliam
843 628 1097 669 sententiam
1128 627 1383 671 detrahendo
1414 630 1465 676 ὡς
1498 629 1532 671 οἱ
1565 629 1850 680 γραμματικοὶ
1884 630 1943 671 δι-

363 697 587 749 δάσκουσιν,
619 695 751 738 ἄλλο
784 698 877 750 πρὸς
911 697 1046 747 ἄλλην
1076 687 1247 747 δύναμιν
1280 699 1584 749 λαμβάνοντες,

421 769 559 810 Immo
602 767 778 810 ἄλλοτεε
823 767 923 809 idem
964 767 1219 812 vocabulum
1262 769 1386 812 modo
1432 771 1492 813 sic
1533 770 1661 814 modo
1704 769 1829 814 aliter
1868 785 1932 814 ac-

360 841 536 895 cipiunt.

419 909 526 951 23D
569 908 678 952 Cum
713 909 926 951 Homerus
958 909 1062 952 dicit
1090 910 1230 960 „Iovis
1257 910 1482 955 consilium
1509 912 1592 955 fuit
1617 911 1776 956 multos
1801 913 1936 956 homi-

359 994 431 1022 nes
473 979 676 1022 interire’'
719 982 789 1028 την
832 980 1078 1032 εἱμαρμένην
1119 994 1168 1023 eo
1206 983 1374 1024 nomine
1406 982 1641 1038 significat:
1675 984 1717 1025 οὐ
1749 983 1834 1035 γὰρ
1867 984 1934 1026 τὸν

360 1051 442 1092 θεὸν
485 1052 503 1093 ὁ
546 1052 708 1098 ποιητὴς
744 1050 870 1093 οἴεται
905 1052 1015 1093 κακοὶ
1049 1053 1319 1104 μηχανᾶσθαι
1353 1059 1433 1100 τοῖς
1467 1054 1678 1106 ἀνθρώποις
1713 1055 1829 1102 ἄλλα
1863 1057 1934 1104 τὴν

358 1125 433 1164 τῶν
477 1123 735 1173 πραγμάτων
781 1123 967 1172 ἀνάγκην
1009 1123 1120 1174 ὀρθῶς
1155 1123 1439 1175 ὑποδείκνυσιν,
1474 1122 1534 1166 ὅτι
1567 1125 1634 1166 καὶ
1669 1125 1834 1168 πόλεσιν
1865 1126 1932 1167 καὶ

357 1193 641 1246 στρατοπέδοις
688 1193 754 1234 καὶ
801 1194 1011 1245 ἡγεμόσιν,
1054 1193 1104 1235 ἂν
1146 1195 1220 1243 μὲν
1261 1199 1522 1248 σωφρονῶσιν,
1564 1193 1607 1238 εὖ
1639 1194 1833 1249 πράττειν
1865 1198 1933 1239 πέ-

357 1281 510 1317 πρωται
546 1265 630 1306 κτέ.

415 1336 509 1378 Nisi
540 1336 652 1386 όρθως
685 1339 793 1378 esset
824 1335 1032 1386 additum,
1067 1336 1167 1378 haec
1199 1337 1439 1392 probarem:
1473 1351 1553 1380 non
1585 1337 1732 1381 Iovem
1764 1310 1836 1381 sed
1867 1353 1934 1382 ne-

355 1409 594 1450 cessitatem
621 1406 844 1463 significat‚
873 1421 978 1462 quae
1005 1407 1083 1449 hoc
1109 1407 1236 1449 habet
1253 1408 1363 1463 quod
1380 1405 1527 1461 (ome.
1547 1423 1585 1464 q.
1605 1423 1652 1460 s.,
1680 1412 1730 1451 ut
1745 1409 1930 1460 ἀνάγκην

356 1483 398 1521 et
431 1477 489 1520 ὅτι
522 1492 649 1533 quam
682 1479 893 1519 artissimo
923 1479 1033 1519 inter
1064 1491 1106 1519 se
1138 1479 1449 1534 coniungantur
1475 1478 1659 1521 vinculo.
1691 1479 1814 1530 Nunc
1836 1483 1930 1536 post

356 1549 542 1599 ἀνάγκην
576 1547 746 1605 virgula
778 1551 819 1590 et
849 1549 1086 1590 coniunctio
1120 1550 1190 1590 καί
1222 1548 1434 1604 ponendae
1465 1549 1675 1592 videntur.

416 1620 520 1662 24ss
564 1618 662 1661 οὕτω
706 1619 751 1666 δὴ
795 1620 848 1660 τοὶ
892 1619 1031 1660 πολλοὶ
1074 1623 1149 1660 τῶν
1182 1620 1341 1667 ἀτόπως
1380 1620 1467 1671 περὶ
1502 1623 1570 1662 τοῦ
1605 1622 1696 1667 Διὸς
1731 1620 1924 1672 λέγεσθαι

354 1691 567 1732 δοκούντων
611 1689 895 1740 ἐπανορθωτέον
930 1721 938 1731 .
959 1721 968 1732 .
989 1722 997 1732 .
1032 1690 1080 1735 ὦς
1125 1690 1211 1740 περὶ
1246 1696 1317 1738 τῆς
1352 1691 1481 1742 τύχης
1517 1690 1539 1740 ἢ
1573 1696 1643 1740 τῆς
1675 1691 1923 1743 εἱμαρμένης

354 1761 596 1813 λεγομένων,
640 1762 678 1802 ἐν
719 1756 804 1806 αἶς
850 1761 891 1801 τὸ
936 1759 1232 1810 ἀσυλλόγιστον
1276 1762 1370 1810 ἡμῖν
1402 1765 1474 1808 τῆς
1509 1762 1649 1810 αἰτίας
1679 1762 1924 1813 σημαίνεται

355 1833 423 1874 καὶ
458 1830 555 1878 ὅλως
589 1832 631 1873 οὐ
665 1832 754 1872 καθ’
787 1831 911 1880 ἡμᾶς.

414 1903 534 1946 Unde
559 1902 694 1945 editor
720 1901 828 1944 illud
855 1902 1115 1951 σημαίνεται,
1144 1901 1253 1957 quod
1271 1916 1403 1958 neque
1420 1902 1532 1959 apud
1549 1902 1923 1960 Wyttenbachium

352 1989 485 2030 neque
516 1975 560 2015 in
591 1973 814 2015 Didotiana
841 1971 1014 2028 legitur,
1042 1972 1193 2014 habeat
1219 1986 1298 2014 non
1326 1977 1511 2029 apparet.
1545 1973 1757 2017 Lubenter
1784 1979 1937 2018 tamen·

353 2044 700 2101 supplementum
741 2042 851 2085 illud
893 2044 1062 2098 recipie,
1107 2042 1336 2085 dummodo
1380 2043 1510 2086 simul
1553 2058 1626 2100 pro
1659 2042 1723 2092 αἷς
1758 2044 1927 2102 legatur

352 2112 406 2162 οἷς
451 2117 511 2168 (in
556 2115 710 2171 quibus
750 2113 869 2164 locis,
905 2114 1127 2166 versibus).
1162 2113 1380 2170 Iungenda
1412 2119 1555 2157 autem
1586 2116 1716 2158 verba
1746 2117 1828 2158 sic:
1861 2132 1926 2165 ση-

351 2188 543 2236 μαίνεται
575 2187 619 2226 τὸ
653 2185 953 2235 ἀσυλλόγιστον
986 2185 1052 2225 καὶ
1087 2181 1185 2230 ὅλως
1220 2185 1263 2226 οὐ
1296 2186 1384 2226 καθ’
1419 2186 1552 2234 ἡμᾶςε
1587 2185 1851 2242 significatur
1879 2188 1924 2228 in

348 2257 437 2299 illis
480 2257 671 2299 versibus
713 2255 755 2297 id
799 2255 910 2311 quod
951 2257 1111 2298 ratione
1151 2257 1317 2312 assequi
1358 2270 1440 2298 non
1479 2270 1705 2312 possumus
1741 2261 1784 2300 et
1814 2256 1924 2313 quod

349 2328 561 2370 humanae
593 2326 840 2383 prudentiae
874 2326 1050 2368 modum
1083 2326 1258 2368 excedit.

409 2398 515 2441 241)
559 2398 644 2440 ἐπεὶ
690 2397 772 2447 γὰρ
814 2398 856 2438 οὐ
890 2396 1006 2446 μόνον
1039 2397 1243 2448 ἔμφρονας
1279 2397 1507 2449 παρέχεται
1543 2398 1611 2439 καὶ
1646 2398 1818 2444 δικαίους
1853 2397 1920 2439 καὶ

349 2469 527 2519 ἀγαθοὺς
562 2470 600 2510 ἕν
632 2466 802 2519 πράξεσι
837 2467 904 2508 καὶ
939 2466 1074 2518 λόγοις
1105 2468 1144 2519 (η
1173 2468 1328 2518 ἀρετή),
1356 2468 1470 2510 ἄλλα
1499 2469 1566 2510 καὶ
1593 2468 1711 2520 δόξας
1740 2469 1918 2516 ἐπιεικῶς

349 2541 415 2581 καὶ
450 2540 638 2587 δυνάμεις
676 2543 955 2591 περιποιεῖται,
989 2538 1102 2589 παρα
1136 2541 1251 2579 τοῦτο
1281 2541 1484 2580 ποιοῦνται
1514 2539 1581 2581 καὶ
1617 2541 1707 2588 τὴν
1738 2538 1918 2589 εὐδοξίαν

328 2592 490 2661 ’ἀρετην
533 2626 602 2651 και
649 2627 720 2659 την
761 2608 944 2660 δύναμιν,
986 2609 1174 2651 fructum
1216 2608 1361 2651 eodem
1406 2623 1488 2665 quo
1527 2609 1718 2653 arborem
1750 2611 1920 2658 nomine

347 2680 631 2736 designantes.

408 2751 657 2794 Rectissime
700 2750 834 2792 editor
876 2763 899 2791 a
942 2749 1114 2792 Reiskio
1156 2749 1334 2792 alterum
1367 2767 1437 2799 την
1470 2752 1627 2807 recepit
1657 2731 1700 2794 et
1729 2755 1826 2807 post
1855 2751 1920 2794 δυ’-

347 2838 467 2872 ναμιν
500 2823 643 2877 posuit
676 2819 906 2877 virgulam.
945 2820 1026 2862 Sed
1061 2820 1110 2862 de
1143 2824 1349 2862 ποιοῦνται
1381 2821 1541 2873 dubito,
1574 2821 1825 2878 videturque
1857 2837 1919 2865 so·

347 2892 425 2934 lito
456 2894 500 2933 in
534 2891 756 2934 Plutarchi
789 2895 908 2932 textu
943 2892 1046 2932 vitio
1081 2905 1102 2932 e
1130 2891 1279 2932 vicinis
1304 2892 1433 2933 medii
1459 2892 1605 2934 formis
1631 2897 1802 2946 natum,
1820 2907 1917 2937 cum

344 2977 494 3006 verum
527 2964 583 3005 sit
613 2965 778 3004 ποιοῦσι.
