2002 3372
902 191 990 235 263

145 318 224 368 att,
256 327 358 359 eum
388 316 464 371 qui
493 315 644 358 morbo
670 315 753 357 isto
779 312 943 356 laboret
971 327 1138 370 semper
1165 314 1335 370 assequi
1361 313 1627 356 contrarium
1654 314 1746 355 eius

45 402 70 447 ⁴33
108 400 109 403 ’
144 388 207 432 rei
236 399 369 444 quam
401 387 615 444 appetivit
645 384 842 440 (502E):

207 457 430 511 „Maxima
471 457 635 501 silentii
675 460 719 500 et
762 458 1072 500 taciturnitatis
1116 455 1411 500 emolumenta
1453 458 1554 498 sunt
1596 454 1744 498 audire

143 532 188 574 et
218 528 384 583 audiri3
414 542 602 586 quorum
630 531 836 572 neutrum
867 527 1044 585 garrulo
1076 528 1305 584 contingit.
1338 526 1387 570 In
1419 540 1469 570 ea
1493 527 1588 583 ipsa
1615 540 1746 583 quam

0 611 1 622 ²
56 652 58 655 v
142 602 298 659 petunt
333 613 380 644 re
410 599 588 644 adversa
622 602 804 643 utuntur
835 599 1021 642 fortuna.
1055 598 1145 641 Alii
1176 599 1334 642 mentis
1366 598 1518 651 morbi,
1552 599 1746 650 avaritia,

143 670 307 730 gloriae
347 671 516 728 cupido,
557 669 775 727 voluptas,
818 669 971 713 saltem
1016 683 1064 712 ea
1096 670 1290 712 obtinent
1322 683 1429 726 quae
1461 671 1643 726 cupiunt
1675 670 1746 713 ob-

50 771 57 781 2
142 744 292 795 tinere,
334 741 532 801 garrulos
573 756 674 786 vero
715 743 753 784 is
794 745 939 784 manet
983 740 1103 784 dolor
1138 742 1356 784 maximus
1387 741 1500 798 quod
1532 741 1746 785 auditores

30 820 33 821 ’
142 814 298 859 habere
338 812 492 858 volunt
534 812 608 857 sed
648 826 870 870 nunquam
905 817 1103 869 possunt:
1139 813 1318 869 quisque
1350 814 1468 855 enim
1499 827 1570 856 eos
1603 812 1743 870 fugit;

49 888 83 933 '.
141 899 243 931 oum
273 883 327 929 ad
358 883 690 942 colloquendum
721 883 1004 927 consederunt
1030 884 1225 927 homines
1253 883 1323 928 vel
1349 883 1481 927 simul
1507 883 1745 935 ambulant,

55 991 57 993 a
141 957 220 1002 ubi
258 955 486 1014 garrulum
528 955 678 1000 vident
709 956 978 999 accedentem
1011 969 1205 999 sermone
1237 956 1420 1011 abrupto
1450 954 1522 999 vel
1554 954 1746 998 ambula-

141 1029 259 1072 tione
288 1027 556 1071 discedunt.”

202 1097 282 1143 Vel
310 1097 422 1142 illud
454 1098 567 1155 quod
598 1100 762 1155 petitur
793 1113 815 1142 e
843 1099 1160 1155 comparatione
1187 1096 1459 1155 garrulitatis
1487 1111 1586 1141 cum
1614 1097 1746 1141 ebrie·

139 1173 230 1215 tate
259 1169 507 1224 (503DE):

203 1241 485 1299 „Quicunque
515 1241 644 1285 homo
677 1244 742 1284 est
769 1240 1035 1285 verecundus
1061 1243 1103 1284 et
1130 1254 1277 1283 amans
1304 1239 1466 1284 decoris
1492 1240 1745 1284 ebrietatem

139 1314 309 1359 vitabit.
342 1313 456 1358 Iram
490 1315 612 1357 aiunt
644 1327 735 1357 esse
768 1314 956 1356 vicinam
986 1313 1191 1363 insaniae,
1224 1313 1477 1355 ebrietatem
1509 1326 1612 1356 vero
1644 1326 1744 1356 cum

138 1385 217 1430 illa
249 1386 297 1428 in
329 1384 484 1428 iisdem
514 1385 709 1428 habitare
740 1383 930 1427 aedibuS.
965 1383 1130 1427 Revera
1161 1383 1343 1426 ebrietas
1377 1386 1569 1441 tempore
1599 1384 1745 1426 minus

142 1460 208 1501 est
249 1455 365 1500 mala
406 1470 536 1513 quam
578 1457 744 1499 insania
785 1454 858 1498 sed
889 1456 1056 1512 origine
1088 1453 1229 1497 multo
1261 1458 1327 1498 est
1357 1455 1500 1511 peior:
1532 1458 1598 1497 est
1628 1455 1744 1498 enim

139 1529 307 1573 insania
348 1541 479 1584 quam
521 1530 671 1584 sponte
704 1525 860 1583 aliquis
892 1525 1093 1583 petivit.’'
1129 1525 1270 1579 „Quid
1302 1525 1478 1569 autem’'
1511 1527 1570 1568 sic
1603 1531 1746 1569 orator

141 1601 284 1658 pergit
326 1600 660 1656 „turpissimum
703 1599 832 1642 habet
875 1596 1087 1641 ebrietas?
1130 1597 1248 1641 Num
1293 1597 1420 1654 quod,
1453 1600 1504 1639 ut
1534 1600 1600 1640 est
1629 1597 1744 1654 apud

139 1672 397 1724 Homerum,
430 1670 484 1715 ad
516 1670 790 1723 cantandum,
824 1670 1065 1723 ridendum,
1093 1669 1337 1713 saltandum
1364 1666 1565 1712 adducit?
1598 1668 1647 1711 In
1677 1668 1743 1711 his

138 1744 265 1789 rebus
296 1741 403 1787 mali
433 1741 544 1786 nihil
573 1743 700 1785 inest.
734 1741 818 1785 Sed
850 1741 963 1798 quod
993 1740 1119 1784 silere
1150 1740 1314 1785 vetat.''

199 1815 286 1859 Hic
315 1819 462 1859 tamen
493 1814 671 1858 fortasse
701 1813 821 1857 locus
853 1815 1104 1871 aptissimus
1137 1816 1202 1856 est
1235 1812 1288 1856 ad
1319 1812 1567 1855 audientium
1597 1811 1742 1856 devin-

138 1886 307 1932 ciendas
331 1889 512 1937 mentes,
540 1886 614 1929 ubi
641 1888 783 1929 orator
809 1900 885 1929 cur
910 1899 1085 1942 prorsus
1111 1883 1397 1928 intolerabilis
1424 1885 1480 1927 sit
1504 1883 1739 1942 garrulitas

138 1959 340 2004 describit
371 1957 479 2012 (504
490 1956 565 2011 O):

200 2030 381 2088 „Lysias
412 2029 626 2087 quondam
657 2029 828 2073 cuidam
862 2030 969 2080 viro,
1003 2030 1078 2086 qui
1109 2030 1154 2071 in
1186 2027 1400 2071 iudicium
1432 2031 1523 2072 erat
1553 2031 1741 2079 vocatus,

137 2103 376 2147 orationem
407 2102 658 2158 scripseram
691 2100 870 2144 domum
902 2114 1048 2143 secum
1082 2113 1177 2143 eam
1209 2098 1369 2142 tulerat
1399 2098 1488 2142 ille.
1533 2098 1616 2152 Qui
1642 2114 1742 2143 cum

137 2173 368 2231 aliquoties
409 2186 504 2216 eam
547 2171 740 2229 legisset,
784 2172 948 2216 abiecto
981 2170 1107 2228 plane
1140 2172 1284 2215 animo
1317 2170 1370 2213 ad
1401 2170 1581 2228 Lysiam
1613 2170 1742 2214 rediit

137 2245 333 2302 dixitque
363 2244 446 2288 sibi
476 2246 714 2288 orationem
746 2242 884 2296 illam,
917 2258 1018 2286 cum
1049 2245 1242 2300 primum
1273 2242 1452 2300 legeret,
1480 2242 1742 2299 praeclaram

137 2318 278 2362 visam
319 2329 423 2367 esse,
467 2315 541 2359 sed
585 2315 723 2359 denuo
766 2316 1030 2372 tertiumque
1072 2314 1236 2372 legenti
1273 2313 1497 2371 languoris
1529 2313 1742 2370 taediique

137 2387 324 2446 plenam.
366 2386 479 2430 'l'um
522 2387 697 2445 Lysias:
732 2387 836 2444 quid
870 2384 993 2430 tum?
1027 2400 1167 2429 nonne
1199 2384 1333 2429 semel
1366 2399 1462 2428 eam
1494 2384 1547 2427 ad
1578 2385 1742 2428 iudices

137 2473 183 2504 es
213 2457 470 2503 habiturus?
511 2458 567 2501 Et
599 2458 684 2501 fuit
717 2458 869 2516 Lysias
901 2457 977 2501 ille
1011 2461 1168 2509 orator,
1202 2458 1272 2500 cui
1303 2458 1494 2500 maxima
1526 2458 1593 2500 vis
1625 2470 1741 2499 sum-

138 2544 294 2587 maque
326 2533 550 2574 venustas:

443 2603 634 2644 comatae
667 2599 795 2644 violis
827 2600 979 2643 Musae
1011 2601 1083 2643 cui
1114 2613 1282 2656 semper
1314 2599 1475 2642 amicae

137 2686 311 2731 possum
344 2673 461 2715 enim
493 2671 544 2714 de
576 2686 624 2715 eo
657 2671 834 2714 Pindari
866 2672 934 2713 uti
966 2671 1121 2715 verbis.
1155 2670 1398 2713 Homerum
1430 2671 1575 2726 ipsum
1608 2671 1740 2714 veris-

137 2745 247 2790 sime
288 2743 463 2801 quidem
505 2744 627 2786 aiunt
670 2742 810 2786 solum
853 2756 943 2785 esse
984 2742 1204 2786 hominem
1238 2743 1313 2799 qui
1344 2741 1537 2784 taedium
1567 2745 1741 2786 moveat

137 2828 374 2872 nunquam,
417 2815 518 2871 quia
560 2816 653 2871 ipsa
695 2815 788 2857 eius
830 2816 1033 2857 venustas
1076 2813 1205 2856 faciat
1247 2816 1297 2855 ut
1338 2827 1507 2869 semper
1539 2811 1740 2857 videatur

138 2900 276 2932 novus
307 2899 550 2942 recensque.
583 2885 640 2928 Et
673 2889 818 2928 tamen
849 2884 924 2928 ille
954 2899 1122 2942 quoque
1156 2884 1208 2927 de
1239 2899 1284 2928 se
1316 2884 1533 2941 profatur:

441 2958 662 3014 perspicue
694 2956 860 3000 dictum
891 2969 1039 2999 rursus
1072 2969 1243 2999 narrare
1274 2970 1423 2999 recuso
