2002 3372
866 223 953 267 265

29 401 42 420 Y
105 351 406 395 instrumenta.
449 348 498 391 In
535 348 616 391 hoc
658 348 751 404 ipso
796 361 899 391 vero
932 346 1042 390 libro
1072 346 1256 403 insignis
1287 343 1364 388 ille
1394 343 1514 387 locus
1545 342 1709 400 legitur

19 420 37 492 J
106 421 184 465 ubi
215 434 299 478 quo
330 419 457 463 modo
488 420 544 462 iis
576 418 788 462 utendum
821 420 877 461 sit
909 419 1137 475 exponitur
1168 420 1227 473 (p.
1263 414 1347 458 511
1364 415 1432 468 A).

167 490 304 535 Probe
344 504 448 547 ergo
480 493 604 534 notae
635 493 765 546 atque
798 489 902 532 adeo
937 489 1182 532 decantatae
1212 484 1569 537 narratiunculae,
1602 498 1710 541 quae

106 563 155 607 in
182 560 294 605 libro
324 560 376 604 de
408 559 663 618 garrulitate
696 559 918 618 leguntur,
952 560 1031 603 hae
1063 563 1188 602 sunt:

119 667 123 671 .
171 631 195 676 1
237 630 360 677 Sulla
386 632 576 676 Athenas
604 631 827 676 obsidebat
853 631 925 675 sed
957 630 1052 674 aliis
1079 645 1180 674 eum
1207 629 1290 673 alio
1308 628 1560 674 vocantibus
1583 628 1710 671 rebus

106 705 195 760 iam
224 704 368 761 copias
398 717 497 747 suas
525 702 626 747 inde
658 707 749 747 erat
783 707 979 747 moturus
1012 716 1112 745 cum
1143 702 1252 745 forte
1282 702 1327 743 in
1358 701 1567 743 tonstrina
1598 713 1713 743 unus

35 828 38 829 ⁷
108 788 162 819 ex
208 775 302 818 eius
346 773 684 832 exploratoribus
733 789 852 818 senes
901 774 1105 832 quosdam
1155 773 1356 817 audiebat
1402 775 1615 830 nugantes
1661 772 1711 815 de

109 847 330 890 moenium
361 849 483 904 parte
514 845 698 903 quadam
729 861 813 889 non
846 845 1071 889 custodita.
1106 844 1225 898 Quod
1257 845 1332 887 ubi
1367 843 1418 886 ad
1451 842 1619 887 Sullam
1648 847 1712 886 est

109 915 340 975 perlatum,
383 918 532 961 statim
574 918 627 961 ab
669 931 718 961 ea
755 921 875 975 parte
917 919 1133 974 impetum
1165 916 1258 959 fieri
1285 916 1426 967 iussit,
1459 915 1612 959 urbem
1644 930 1712 958 ex-

109 989 325 1046 pugnavit
365 988 685 1046 dirissimasque
718 989 769 1032 de
800 988 952 1032 incolis
983 989 1142 1032 sumsit
1174 1001 1344 1044 poenas.
1379 986 1492 1040 Quas
1525 991 1568 1030 et
1599 988 1714 1043 ipsas

39 1064 42 1067 ’
109 1059 390 1104 Athenienses
421 1074 470 1103 eo
496 1064 835 1117 provocaverant
862 1060 976 1117 quod
1003 1059 1128 1103 silere
1154 1074 1236 1102 non
1264 1062 1506 1115 potuerant.
1539 1058 1714 1101 Etenim

32 1119 37 1174 s
110 1130 318 1189 quamdiu
371 1129 516 1175 Sullae
562 1130 725 1175 milites
772 1132 833 1174 ibi
879 1131 988 1174 nihil
1037 1134 1211 1189 agentes
1259 1129 1533 1174 considebant
1578 1144 1714 1187 usque

34 1241 38 1243 ,
110 1205 270 1247 stantes
298 1204 347 1246 in
378 1203 602 1246 moenibus
633 1206 930 1246 cantaverant:

294 1278 360 1318 est
389 1274 518 1318 facies
549 1273 695 1318 Sullae
725 1288 1000 1331 conspersum
1033 1273 1192 1331 polline
1226 1287 1414 1317 morum.

113 1345 367 1403 (Aptissime
398 1359 502 1403 ergo
535 1346 605 1389 hic
632 1345 716 1389 duo
742 1349 886 1389 noster
910 1347 1023 1388 inter
1049 1359 1093 1388 se
1119 1345 1263 1387 iunxit
1290 1343 1486 1400 exempla
1512 1358 1534 1387 e
1560 1344 1716 1401 quibus

113 1430 222 1475 quae
251 1416 399 1461 afferat
430 1416 620 1474 pericula
654 1418 676 1467 ἦ
711 1416 913 1468 ἀσιγησία
948 1420 1156 1473 apparet).

173 1488 202 1533 2
247 1487 362 1533 Zeno
404 1502 458 1532 ne
498 1490 713 1532 sociorum
755 1502 933 1531 suorum
975 1491 1134 1530 secreta
1177 1486 1363 1530 traderet
1403 1485 1601 1544 linguam
1647 1486 1716 1530 de-

113 1573 303 1605 mersam
334 1562 380 1604 in
411 1574 458 1604 os
489 1561 690 1617 conspuit
722 1561 908 1617 tyranni.

174 1631 204 1676 3
249 1631 416 1676 Leaena
457 1625 685 1676 Harmodii
721 1632 1115 1689 Aristogitonisque
1157 1631 1295 1673 amica
1325 1633 1422 1687 post
1454 1630 1636 1673 heroum
1667 1628 1718 1672 il-

112 1703 256 1748 lorum
296 1704 525 1747 interitum
565 1702 883 1747 crudelissimos
924 1702 1110 1759 perferre
1152 1703 1366 1745 cruciatus
1398 1700 1555 1744 maluit
1587 1715 1717 1758 quam

114 1776 250 1820 socios
286 1788 438 1819 eorum
470 1775 679 1832 proderet.
723 1774 990 1831 Quapropter
1022 1777 1169 1830 postea
1201 1773 1482 1816 Athenienses
1511 1774 1557 1815 in
1589 1773 1718 1816 hono-

115 1860 207 1890 rem
247 1847 340 1889 eius
381 1850 715 1910 monumentum
746 1849 985 1902 posuerunt
1017 1845 1129 1902 quod
1162 1847 1204 1887 et
1238 1846 1446 1887 virtutem
1479 1845 1572 1886 eius
1603 1843 1716 1886 clare

115 1921 347 1963 testaretur
388 1922 431 1961 et
473 1919 609 1975 ipsius
651 1931 819 1974 quoque
860 1917 1049 1960 nominis
1091 1919 1281 1960 servaret
1312 1917 1591 1959 memoriam:
1628 1919 1719 1958 erat

47 2020 50 2023 Δ
114 1988 262 2034 leaena
291 1990 415 2033 cuius
444 2003 490 2033 os
522 1984 751 2047 (apertum,
784 1992 835 2032 ut
868 1990 1036 2044 opinor)
1068 1987 1219 2045 lingua
1250 1988 1432 2030 carebat.

177 2060 206 2104 4
253 2059 432 2119 Ulysses
472 2075 573 2104 cum
614 2074 763 2112 uxore,
808 2059 912 2111 filio,
953 2061 1119 2102 nutrice
1163 2059 1458 2116 depinguntur
1495 2061 1716 2115 tamquam

30 2142 33 2178 ζ
117 2133 426 2177 taciturnitatis
467 2132 677 2189 exempla.
717 2132 837 2175 Uxor
868 2133 1068 2189 promisit
1099 2145 1143 2174 se
1174 2130 1295 2188 ligno
1327 2130 1397 2174 vel
1428 2131 1540 2173 ferro
1573 2144 1719 2187 parem

117 2205 207 2249 fore
237 2204 410 2257 duritie,
439 2206 533 2261 ipse
565 2218 678 2255 vero,
714 2205 914 2261 quamvis
946 2206 1057 2246 esset
1087 2206 1329 2246 commotus
1354 2201 1473 2245 illius
1499 2206 1722 2259 conspecta

117 2277 310 2328 tristitia,
351 2277 484 2320 etiam
525 2274 660 2319 oculis
692 2276 782 2318 suis
812 2275 1103 2331 imperitabat,
1138 2276 1200 2317 ita
1225 2277 1276 2317 ut
1308 2274 1442 2316 cornei
1473 2273 1721 2317 viderentur

119 2346 189 2392 vel
207 2346 365 2405 ferrei.

182 2418 208 2462 5
260 2418 456 2462 Pittacus
497 2431 522 2461 a
563 2431 664 2475 rege
706 2418 899 2475 Aegypti
946 2420 1123 2474 rogatus
1168 2420 1220 2459 ut
1261 2417 1343 2459 sibi
1387 2430 1482 2459 eam
1527 2417 1722 2459 mitteret

41 2506 45 2510 ·
119 2505 290 2536 carnem
331 2504 440 2547 quae
481 2490 615 2533 simul
646 2494 756 2534 esset
788 2491 953 2546 optima
985 2491 1268 2546 pessimaque,
1301 2488 1499 2546 linguam
1531 2490 1570 2531 ei
1601 2490 1722 2531 misit

121 2577 173 2608 ex
204 2563 346 2607 hostia
378 2565 639 2619 exemptam.

184 2634 211 2678 6
259 2633 422 2678 Eorum
454 2635 529 2691 qui
559 2633 742 2691 Ibycum
777 2632 1016 2677 occiderant
1047 2646 1172 2684 unus,
1206 2646 1305 2676 cum
1333 2646 1461 2689 supra
1488 2632 1721 2684 theatrum,

30 2682 37 2750 γ.
121 2707 167 2749 in
209 2719 293 2762 quo
333 2704 629 2755 considebant,
672 2718 777 2761 grex
821 2718 983 2761 gruum
1025 2703 1254 2756 volitabat,
1298 2706 1513 2747 continere
1555 2717 1599 2746 se
1639 2718 1723 2747 non

32 2827 34 2830 .
122 2777 266 2834 potuit
297 2778 399 2833 quin
431 2775 657 2819 clamaret:
693 2789 774 2826 „en
806 2775 927 2833 Ibyci
960 2775 1132 2832 grues''.

184 2848 334 2891 Minus
364 2852 503 2899 notae,
537 2849 782 2904 partimque
813 2848 943 2889 etiam
978 2847 1082 2889 satis
1114 2846 1368 2898 reconditae,
1400 2846 1480 2889 hae
1511 2849 1636 2889 sunt:

188 2919 212 2962 l
260 2918 324 2962 De
365 2919 532 2961 Pisonis
573 2920 620 2960 in
664 2917 877 2960 Neronem
919 2919 1211 2960 coniuratione
1252 2931 1319 2960 res
1363 2917 1483 2960 nobis
1527 2920 1724 2960 narratur

125 2991 302 3048 cognitu
345 2989 599 3048 dignissima
632 3003 768 3046 neque
802 3002 985 3045 usquam
1017 2987 1121 3031 alibi
1153 2988 1323 3031 tradita.
1357 2989 1524 3031 Mirum
1556 2989 1600 3030 in
1631 3002 1724 3031 mo-
