2002 3372
1113 187 1167 228 24

353 307 577 350 ultimus'’.
606 307 688 351 Sed
714 308 843 350 simul
870 312 965 350 tum
992 310 1130 365 magis
1156 322 1283 365 quam
1311 312 1434 352 antea
1460 323 1556 351 sum
1584 311 1781 365 expertus
1797 321 1925 365 quam

353 381 554 421 tenaciter
588 379 777 435 plerique
809 383 1010 422 tueantur
1041 379 1247 436 quidquid
1279 380 1472 423 videatur
1504 379 1724 432 traditum,
1756 380 1927 424 etiamsi

351 464 558 506 nusquam
590 450 794 492 traditum
829 452 897 493 sit.

415 519 516 562 3513
559 521 743 571 καθάπερ
786 521 869 573 γὰρ
913 521 948 562 οἱ
992 522 1044 562 τὰ
1089 521 1239 572 ἱμάτια
1274 525 1578 572 μαστιγοῦντες
1609 523 1689 574 οὐχ
1720 519 1923 564 ἅπτονται

353 594 421 632 τοῦ
464 591 669 642 σώματος,
715 588 839 638 οὕτως
873 591 905 633 οἱ
939 591 1164 644 δυστυχίας
1198 593 1313 640 τινας
1347 594 1367 642 ἢ
1402 593 1642 644 δυσγενείας
1675 590 1923 646 ὀνειδίζοντες

352 661 428 707 εἰς
461 663 523 702 τοὶ
558 661 709 707 ἐκτὸς
742 662 1088 704 ἐντείνονται.
1145 686 1147 689 -

412 730 576 774 Ultima
619 731 869 774 Didotianus
911 734 970 775 sic
1011 734 1165 776 vertit:
1211 735 1447 785 „exteriora
1478 733 1742 778 verberant''.
1785 734 1925 791 Atque

351 817 398 845 eo
430 804 498 845 hic
532 817 636 859 opus
668 808 743 855 est,
777 804 849 846 sed
882 818 986 846 num
1018 802 1176 848 Graece
1208 805 1252 848 id
1284 807 1343 848 sic
1377 805 1544 857 dic-itur,
1578 820 1644 857 an,
1675 807 1816 849 nescio
1842 820 1926 862 quo

351 887 461 923 casu,
497 874 730 915 ἐντείνονται
765 888 816 916 ex
849 875 1058 917 ἐντείνουσι
1091 875 1263 926 πληγάς
1294 880 1442 918 natum
1475 874 1565 919 est?
1915 911 1917 913 >

413 943 515 986 36ss
547 943 592 986 Si
625 945 727 1000 quid
759 945 871 1001 apud
901 950 1071 1002 poetam
1103 946 1262 1004 legitur
1293 947 1404 1003 quod
1436 948 1625 991 moribus
1658 947 1765 990 utile
1789 946 1927 990 videri

350 1016 494 1071 possit,
523 1016 854 1071 protrahendum
882 1020 944 1058 est
970 1017 1141 1073 aliquod
1167 1018 1409 1074 philosophi
1437 1018 1599 1061 dictum
1621 1017 1733 1074 quod
1749 1017 1925 1062 eandem

349 1086 500 1128 habeat
540 1088 629 1128 vim
673 1091 715 1129 et
756 1087 1003 1143 philosopho
1043 1087 1108 1130 illi
1151 1103 1253 1131 suus
1295 1091 1459 1132 inventi
1504 1089 1740 1133 reddendus
1779 1089 1925 1133 honor.

350 1156 504 1199 Multis
551 1159 642 1199 eius
688 1159 863 1200 rationis
911 1158 1052 1201 allatis
1099 1159 1306 1217 exemplis
1351 1161 1410 1203 sic
1457 1159 1710 1203 Plutarchus
1756 1161 1923 1217 pergit:

351 1227 572 1280 ἐπιρρητέον
605 1228 644 1269 δὲ
679 1229 747 1270 καὶ
782 1231 836 1282 τῷ
870 1233 938 1271 τοῦ
975 1230 1187 1283 Αἰσχύλου

591 1299 748 1351 θάρσει·
783 1301 901 1343 πόνου
934 1302 1017 1353 γὰρ
1050 1301 1168 1352 οέκρὸν
1202 1303 1271 1344 οὐκ
1305 1301 1393 1355 ἔχει
1427 1302 1566 1355 χρόνον

352 1367 410 1411 ὅτι
455 1372 564 1411 τοῦτ’
599 1370 684 1412 ἐστὶ
729 1371 772 1412 τὸ
814 1373 910 1423 παρ’
944 1372 1179 1423 Ἐπικούρου
1223 1372 1481 1423 θρυλούμενον
1523 1372 1585 1414 ἀεὶ
1619 1372 1688 1415 καὶ
1721 1370 1925 1425 θαυμαζό-

353 1456 482 1491 μενον,
515 1442 566 1487 ὡς
603 1442 662 1492 „oi
697 1441 875 1492 μεγάλοι
910 1442 1018 1484 πόνοι
1051 1443 1256 1492 συντόμως
1290 1441 1516 1495 ἐξάγουσιν,
1549 1444 1582 1485 οἱ
1615 1443 1656 1486 δὲ
1683 1443 1828 1497 χρόνιοι
1856 1442 1927 1493 μέ-

350 1513 466 1562 γεθος
501 1512 570 1553 οὐκ
602 1510 805 1565 ἔχουσιν”.

410 1582 519 1624 Satis
545 1582 714 1625 insolite
741 1583 929 1626 adhibita
955 1584 1025 1627 hic
1051 1587 1306 1641 praepositio
1335 1601 1461 1638 παρα,
1489 1589 1599 1628 recte
1626 1549 1785 1628 tamen.
1809 1584 1925 1629 Haec

350 1655 464 1696 enim
496 1661 558 1695 est
591 1656 821 1696 sententia:
857 1655 1008 1711 ,‚quod‚
1042 1656 1092 1698 ab
1124 1655 1307 1711 Epicuro
1334 1656 1584 1712 profectum,
1613 1670 1780 1714 semper
1805 1657 1926 1700 nobis

350 1724 638 1767 decantatur&
673 1724 753 1766 Sed
786 1729 854 1767 τοῦ
890 1726 1103 1778 Αἰσχύλου
1136 1726 1408 1769 eximendum
1441 1731 1516 1770 est.
1551 1726 1641 1780 Quo
1672 1730 1924 1806 argumento

349 1794 427 1836 hoc
459 1795 597 1837 dicam
628 1797 806 1851 quaeris.
839 1795 953 1852 Lege
984 1810 1083 1853 ergo
1117 1810 1223 1852 quae
1254 1799 1454 1841 continuo
1486 1802 1744 1854 sequuntur:

410 1863 457 1907 ὧν
491 1866 535 1907 τὸ
568 1866 643 1916 μὲν
675 1866 822 1917 εἴρηκεν
855 1868 872 1909 ὁ
909 1868 1116 1920 Αἰσχύλος
1152 1871 1325 1920 ἐναργῶς
1360 1870 1403 1912 τὸ
1431 1869 1471 1911 δὲ
1499 1871 1551 1921 τῷ
1580 1870 1768 1923 εἰρημένῳ
1796 1885 1927 1923 παρα·

350 1937 532 1987 κείμενόν
567 1938 650 1978 ἐστι

348 2007 545 2050 concedes
578 2007 709 2050 semel
740 2009 1050 2060 tantummodo,
1082 2009 1210 2065 idque
1242 2010 1421 2053 secunda
1453 2010 1561 2062 sede,
1595 2015 1742 2068 poetae
1773 2025 1926 2055 nomen

348 2092 436 2121 esse
483 2078 738 2134 ponendum.
789 2079 843 2121 Et
884 2084 948 2121 est
988 2080 1057 2122 hic
1097 2079 1282 2131 libellus,
1325 2082 1361 2123 si
1402 2083 1496 2137 quis
1538 2081 1646 2124 alius
1689 2081 1924 2133 Plutarchi,

348 2153 525 2191 venuste
566 2153 608 2191 et
650 2153 841 2192 accurate
883 2151 1078 2206 scriptus.
1113 2150 1203 2193 Vox
1237 2153 1534 2202 παρακείμενον
1565 2156 1710 2195 autem
1743 2151 1925 2204 ‚‚simile,

348 2223 576 2276 cognatum
608 2224 734 2275 atque
766 2220 1026 2276 consequens⁹²
1062 2221 1288 2279 significat.
1323 2221 1464 2266 Semel
1491 2222 1788 2266 tantummodo
1813 2222 1926 2279 apud

348 2289 627 2332 Plutarchum
660 2304 707 2332 eo
739 2305 864 2333 sensu
895 2291 1069 2348 legitur.

410 2359 510 2403 360
554 2359 723 2403 Citatur
748 2365 791 2403 et
812 2362 879 2404 hic
905 2361 1023 2404 locus
1050 2362 1267 2418 Euripidis
1294 2368 1510 2420 tamquam
1528 2363 1679 2420 plenus
1696 2365 1925 2421 sapientiae

345 2431 660 2487 philosophicae
674 2444 682 2473 :

587 2504 713 2550 τιμᾶν
746 2503 822 2543 τάν
855 2502 1041 2554 τέτασθε,
1076 2505 1237 2557 πλούτῳ
1271 2505 1303 2547 δ’
1332 2506 1482 2556 ἀρετὰν
1510 2506 1712 2557 κατεργά-

588 2574 736 2614 σασθαι
772 2573 927 2624 δοκεῖτ’,
963 2575 999 2614 ἓν
1035 2575 1189 2622 ἐσθλοῖς
1222 2575 1260 2616 δὲ
1297 2577 1460 2625 κάθησθ’
1491 2575 1658 2626 ἄνολβοι

347 2646 406 2686 sic
448 2644 531 2685 fere
574 2643 758 2685 eduntur
798 2644 924 2685 verba
956 2658 1077 2700 saepe
1109 2649 1283 2698 tentata,
1316 2660 1421 2702 quae
1452 2660 1587 2702 neque
1618 2648 1708 2703 ipse
1739 2646 1847 2689 mihi
1876 2648 1918 2688 in

346 2716 563 2770 integrum
611 2727 729 2769 posse
772 2715 995 2756 restituere
1038 2716 1195 2758 videor.
1241 2716 1416 2772 Aliquid
1457 2721 1597 2759 tamen
1629 2716 1736 2759 lucis
1767 2718 1811 2759 in
1844 2717 1921 2759 hac

347 2784 526 2840 caligine
558 2798 696 2826 cerno.
729 2783 777 2824 In
808 2785 930 2826 initio
962 2786 1069 2827 mihi
1101 2786 1232 2829 latere
1264 2787 1433 2829 videtur

587 2855 628 2894 τί
660 2855 800 2903 μοὶταν
832 2853 1003 2896 τέτασθε

346 2925 425 2966 hoc
466 2938 611 2966 seusu:
659 2924 785 2980 „quid
828 2925 984 2967 frustra
1027 2927 1324 2969 contenditis’'.
1369 2926 1432 2970 Of.
1475 2927 1625 2980 Quom.
1664 2929 1759 2984 quis
1793 2925 1917 2970 79FA:
