2002 3372
838 723 841 725 ’
944 675 1233 778 CAPUT
1276 723 1344 779 V.

873 993 1118 1031 PRAEOEP'JJA
1149 993 1420 1026 CONIUGALIA.
1494 997 1497 1000 '

410 1124 806 1167 Praestantissimus
847 1124 915 1167 hic
944 1123 1132 1175 libellus,
1167 1127 1240 1181 qui
1273 1115 1355 1181 quo
1389 1125 1514 1168 modo
1546 1139 1595 1169 ea
1626 1126 1845 1179 aetateede
1875 1128 1938 1171 in-

347 1204 494 1251 genua,
533 1196 755 1238 inventute
802 1197 956 1237 mereri
997 1196 1081 1238 siut
1124 1195 1239 1237 soliti
1293 1195 1594 1252 „philosophi'f
1648 1198 1820 1254 egregie
1861 1210 1936 1241 nos

350 1266 482 1308 (locet.
515 1265 707 1321 Scriptus
734 1267 846 1308 enim
880 1270 943 1308 est
973 1265 1225 1323 Eurydicae,
1259 1280 1366 1322 quae
1398 1265 1590 1317 Polliano
1616 1281 1759 1323 nuper*
1776 1269 1934 1324 nupsit,

347 1337 494 1380 iuveni
527 1335 725 1378 'Romano
766 1336 914 1387 nobili,
950 1341 997 1378 ut
1031 1338 1193 1392 opinor,
1226 1336 1449 1393 divitique.
1485 1337 1673 1393 Uterque
1705 1337 1935 1381 Plutarcho

348 1421 450 1449 usus
482 1410 545 1449 est
576 1409 796 1463 magistro,
833 1407 1117 1463 dicunturque
1149 1407 1256 1460 (138
1269 1407 1320 1461 O)
1354 1411 1455 1450 tunc
1482 1409 1612 1452 fuisse
1640 1409 1677 1450 ἐν
1703 1409 1934 1465 φιλοσοφίᾳ

350 1478 719 1529 παρατρεφόμενοι.
775 1478 865 1530 Quo
906 1480 1076 1521 nomine
1119 1478 1352 1535 significari
1394 1482 1572 1535 possunt
1611 1481 1829 1531 iuniores,
1859 1481 1934 1536 qui

349 1549 452 1590 dum
495 1539 722 1592 adultiores
764 1550 900 1604 ipsam
944 1548 1256 1604 philosophiam
1289 1549 1458 1592 discunt
1491 1575 1546 1581 —
1580 1551 1640 1593 sic
1673 1539 1806 1593 1453
1835 1550 1933 1594 Pol-

346 1619 485 1662 lianus
536 1619 693 1661 dicitur
716 1666 721 1667 ⁷
741 1621 828 1662 iam
880 1618 980 1671 ὥραν
1030 1618 1140 1672 ἔχειν
1182 1625 1424 1672 Φιλοσοφεῖν
1475 1646 1530 1653 —-
1579 1621 1764 1664 assident
1814 1621 1933 1678 audi-

347 1694 457 1733 tores
498 1692 636 1746 magis
684 1704 813 1746 quam
844 1690 1099 1747 philosophi,
1134 1691 1205 1733 sed
1237 1693 1281 1733 in
1314 1706 1460 1734 omnes
1490 1693 1672 1735 omniuo·
1693 1691 1929 1748 illud-con-

348 1763 466 1804 venit
506 1775 658 1816 pueros
699 1761 957 1817 puellasque,
985 1771 1107 1818 'quos
1151 1766 1245 1804 tum
1288 1762 1480 1818 opulenti
1513 1760 1685 1817 Graeci,
1709 1763 1932 1820 magisque

346 1833 476 1875 etiam
519 1831 711 1883 Romani,
747 1831 1069 1888 „philosophis”
1105 1830 1277 1875 Graecis
1310 1832 1546 1884 educandos
1577 1834 1930 1877 committebant:

347 1915 548 1957 mag-nam
590 1902 703 1943 enim
745 1902 863 1944 illius
905 1904 1191 1945 institutionis
1231 1907 1393 1959 partem
1436 1903 1579 1954 fuisse·
1608 1905 1742 1959 viros*
1760 1918 1931 1961 graves,

347 1974 421 2028 qui
469 1973 540 2020 ’τὴν
586 1973 836 2024 Φιλοσοφίαν
878 1972 1027 2024 τέχνην
1068 1970 1196 2029 ἦχον,
1241 1973 1461 2016 Plutarchi
1504 1975 1549 2016 in
1589 1979 1680 2027 arte
1718 1975 1932 2024 mentibus

345 2044 571 2086 hominum
598 2043 794 2089 medendi
810 2042 1007 2099 collegas,
1025 2044 1145 2086 docte
1162 2044 1426 2100 disputantes
1443 2045 1589 2088 audire
1605 2035 1932 2101 consentaneum

345 2117 421 2156 est.
465 2113 684 2156 Pollianus
725 2128 824 2170 cum
868 2128 997 2157 uxore
1028 2116 1178 2163 amicis
1213 2115 1443 2158 utebantur
1473 2117 1527 2158 iis
1559 2117 1634 2172 qui
1666 2107 1838 2178 tu'm'in
1869 2130 1933 2160 re-

345 2183 514 2240 publica
546 2183 738 2227 Romana
768 2186 927 2240 primas
960 2185 1144 2241 agebant
1174 2190 1327 2241 partes,
1363 2188 1400 2228 si
1432 2186 1605 2242 quidem
1639 2186 1744 2247 (145
1762 2187 1817 2241 A)
1849 2187 1932 2231 Em

346 2254 489 2311 rydice
521 2255 693 2297 iubetur
725 2254 866 2311 legere
894 2270 941 2298 ea
972 2270 1079 2311 quae
1112 2255 1349 2307 'Pimoxena
1378 2258 1545 2313 scripsit
1573 2256 1820 2314 Aristyllae.
1853 2258 1932 2302 Est

345 2328 490 2367 autem
528 2324 760 2369 Ti'moxena
801 2325 876 2368 illa
917 2327 1052 2381 ipsius
1095 2325 1315 2369 Plutarchi
1360 2341 1466 2369 uxor
1498 2347 1560 2359 —·
1587 2328 1632 2369 si=
1666 2327 1716 2370 de
1743 2327 1934 2371 aliashio

344 2400 454 2439 esset
479 2396 754 2452 cogitandum
783 2395 974 2447 muliere,
1004 2397 1172 2446 disertis
1189 2397 1232 2439 id
1251 2398 1390 2448 verbis
1409 2397 1585 2441 dixisset
1602 2397 1931 2459 Plutarchus—5-

344 2466 554 2522 Aristylla
586 2467 687 2522 quin
721 2468 776 2509 sit
808 2466 1012 2518 Timonis,
1046 2467 1268 2510 Plutarchi
1301 2468 1458 2519 fratris,
1494 2483 1600 2512 uxor
1622 2463 1818 2513 *dubitari
1848 2484 1931 2516 non

345 2543 465 2592 'posse
494 2536 681 2578 videtur:
711 2538 980 2579 verissimam
1009 2539 1123 2580 enim
1146 2541 1250 2594 puto
1267 2537 1526 2591 Volkmanni
1542 2541 1931 2597 essefconiecturam

344 2606 455 2649 Plin.
496 2606 590 2662 Epi,
634 2607 666 2657 I,
702 2607 741 2658 5,
763 2606 787 2649 5
837 2608 1034 2658 „aderam
1077 2608 1344 2662 Arrionillae,
1377 2608 1568 2652 Timonis
1601 2611 1736 2667 uxori,
1777 2610 1932 2668 rogatu

345 2676 523 2720 Aruleni
542 2676 742 2728 Rustici'r'
771 2690 859 2733 pro*
874 2678 1054 2722 absurdo
1069 2666 1327 2720 Arrionillae
1343 2678 1573 2735 legendum
1589 2694 1677 2737 esse
1691 2681 1930 2738 Aristyllae.

409 2748 547 2789 Amici
578 2761 680 2803 ergo
713 2749 947 2804 coniugum
963 2747 1152 2803 ‚illorum
1179 2748 1352 2803 fuerunt
1378 2749 1546 2806 Timon,
1574 2750 1754 2810 Plinius,
1782 2751 1931 2806 quidni

345 2817 523 2858 Aruleni
567 2817 732 2859 Rustici
771 2819 858 2860 iam
897 2820 1059 2861 mortui
1091 2819 1266 2861 fratrem
1299 2819 1470 2862 Iunium
1504 2820 1744 2863 Mauricum
1777 2809 1930 2863 adicia-

346 2901 455 2937 mus,
499 2891 539 2928 et
580 2887 772 2929 Tacitum
820 2893 946 2943 atque
992 2889 1094 2931 adeo
1135 2890 1278 2944 ipsum
1322 2891 1620 2946 imperatorem
1669 2889 1930 2933 Traianum?

347 2957 566 3000 Plutarchi
610 2962 751 3000 autem
798 2973 904 3001 uxor
946 2959 1075 3002 libros
1116 2961 1325 3002 scribebat
1356 2976 1437 3004 non
1469 2962 1624 3018 populo
1658 2962 1730 3005 sed
1761 2962 1929 3005 feminis
