2002 3372
1077 220 1166 263 234

390 343 592 392 „fortasse
619 346 658 384 te
686 344 855 384 omnino
882 356 965 384 non
994 347 1138 385 movet
1164 344 1275 399 quod
1303 343 1402 386 ullis
1429 345 1486 386 818
1504 345 1746 400 parentibus
1762 348 1904 387 1131118.

329 413 467 457 Ceteri
508 411 707 455 mortales
749 426 907 463 omnes,
947 411 1050 455 licet
1088 413 1191 469 quid
1232 413 1342 456 illud
1373 417 1429 457 sit
1459 428 1609 470 parum
1639 414 1905 472 intelligant,

328 484 475 526 dicunt
518 486 659 525 tamen
701 486 939 538 canuntque
982 487 1025 525 et
1066 487 1263 526 naturam
1304 489 1346 527 et
1385 484 1515 542 leges,
1561 499 1668 542 quae
1707 490 1907 529 naturam

326 554 574 603 defendunt,
621 558 714 608 post
761 552 859 596 deos
902 567 1122 596 summum
1163 555 1348 599 tribuere
1389 556 1594 599 honorem
1646 555 1905 612 parentibus.

325 624 470 679 Neque
513 623 744 678 quidquam
787 623 851 666 dis
882 624 1196 668 immortalibus
1226 627 1392 682 gratius
1424 627 1617 670 homines
1646 626 1782 672 facere
1811 639 1906 683 pos-

325 698 425 736 snnt
471 707 598 749 quam
644 707 743 735 cum
791 695 967 751 pignore
1014 695 1184 738 reddere
1233 697 1476 752 parentibus
1522 697 1903 753 educatoribusque

327 778 433 820 quae
459 765 511 806 ab
536 765 589 806 iis
615 770 864 820 acceperunt
891 767 1046 808 amoris
1072 769 1114 808 et
1140 766 1456 817 benevolentiae
1482 769 1745 818 testimonia3
1768 781 1904 824 neque

326 834 466 877 ullum
509 839 572 877 est
613 836 769 877 certius
802 837 1038 892 impietatis
1070 836 1374 880 documentum
1407 852 1534 894 quam
1565 839 1601 880 si
1634 839 1728 895 quis
1757 839 1804 881 in
1833 851 1905 894 pa-

323 911 462 949 rentes
493 919 589 947 suos
622 907 836 948 commisit
868 905 1030 962 aliquid
1057 906 1127 950 vel
1153 907 1509 964 negligentiorem
1537 923 1580 952 se
1607 908 1808 952 adversus
1834 921 1906 951 eos

322 977 548 1033 praestitit.
580 975 696 1032 Ergo
728 977 1023 1034 tantummodo
1054 976 1171 1034 leges
1203 982 1350 1020 vet-ant
1379 978 1475 1022 aliis
1505 993 1666 1031 nocere,
1697 980 1771 1036 (1111
1801 993 1904 1023 vero

321 1062 402 1090 non
435 1061 600 1103 semper
631 1051 714 1089 stat
745 1052 918 1103 paratus
944 1047 996 1090 ad
1023 1048 1192 1104 quidvis
1219 1049 1460 1092 faciendum
1488 1049 1767 1094 dicendumve
1792 1049 1904 1106 quod

321 1119 432 1175 patri
473 1117 543 1160 vel
582 1119 711 1160 matri
749 1121 925 1174 gratum
968 1119 1024 1160 sit
1063 1119 1272 1171 futurum,
1316 1122 1486 1163 etiamsi
1526 1119 1646 1164 nullo
1675 1134 1755 1164 eos,
1777 1119 1904 1164 afficit

322 1188 478 1239 dolore,
521 1188 633 1231 hunc
676 1203 822 1231 omnes
862 1190 1047 1245 impium
1084 1194 1237 1245 putant
1268 1194 1311 1233 et
1341 1191 1477 1247 ipsius
1508 1190 1726 1248 religionis
1755 1190 1902 1235 adver-

321 1261 493 1302 sarium.
527 1259 582 1301 Et
609 1263 837 1315 possuntne
863 1259 1096 1315 quidquam
1123 1259 1246 1303 liberi
1274 1260 1342 1304 vel
1367 1261 1501 1305 facere
1528 1261 1597 1305 vel
1618 1262 1774 1305 sentire
1789 1261 1902 1318 quod

322 1331 478 1373 maiore
509 1331 641 1386 possit
672 1329 833 1372 afficere
864 1330 1022 1386 gaudio
1054 1334 1262 1386 parentes,
1290 1345 1418 1388 quam
1444 1333 1595 1375 fratres
1621 1346 1717 1376 suos
1743 1333 1902 1375 sincera

321 1401 525 1458 firmaque
556 1402 751 1457 prosequi
782 1400 1075 1444 benevolentia
1087 1399 1132 1443 ?'’

381 1471 445 1514 En
486 1472 564 1514 hoc
605 1475 670 1514 est
710 1486 866 1524 aearum
906 1470 1065 1514 our-affe!
1111 1472 1261 1515 Nonne
1302 1487 1415 1516 nunc
1455 1473 1579 1530 plane
1619 1474 1900 1531 perspicimus

322 1557 427 1599 quae
459 1544 516 1585 sit
548 1543 772 1586 verborum
804 1542 991 1595 illorum,
1026 1557 1132 1599 quae
1163 1558 1214 1586 ex
1245 1545 1331 1586 vita
1363 1545 1638 1588 Demosthenis
1663 1549 1752 1588 tam
1778 1558 1900 1601 saepe

320 1615 519 1664 citantur,
562 1627 751 1669 quaeque
794 1627 959 1669 semper
1000 1615 1209 1666 omnibus,
1248 1617 1322 1671 qui
1354 1615 1403 1658 de
1434 1615 1655 1658 Plutarchi
1686 1617 1776 1660 vita
1805 1628 1900 1672 ege·

319 1689 432 1735 runt,
472 1686 581 1727 tanti
612 1686 818 1727 momenti
847 1686 940 1727 iure
972 1686 1064 1727 visa
1095 1690 1209 1736 sunt,
1244 1684 1478 1729 sententia?
1509 1686 1588 1730 Illa
1618 1685 1715 1731 volo
1746 1687 1896 1731 verba:

319 1755 541 1807 „homines
584 1757 658 1811 qui
699 1755 833 1798 Roma
874 1769 942 1798 me
965 1756 1247 1811 philosophiae
1278 1773 1397 1799 eausa
1430 1757 1668 1801 adierunt’'.
1701 1757 1796 1801 Non
1826 1757 1896 1800 hic

316 1825 585 1883 intelligendi
627 1829 726 1868 sunt
767 1826 961 1869 homines
992 1827 1196 1869 doetrinae
1226 1828 1383 1884 cupidi,
1418 1830 1492 1885 qui
1521 1830 1678 1886 logices
1710 1827 1782 1872 vel
1811 1828 1897 1872 dia-

314 1897 485 1940 lectices
517 1898 772 1952 quaerebant
803 1899 1073 1954 magistrum.
1106 1898 1170 1940 Ne
1201 1899 1302 1954 quid
1337 1898 1616 1951 dissimulem,
1649 1899 1802 1943 harum
1833 1912 1896 1942 ar-

318 1971 427 2012 tium
469 1968 542 2011 alii
583 1972 701 2010 erant
740 1970 794 2010 iis
837 1969 1064 2024 quaerendi
1107 1971 1315 2026 magistri,
1349 1985 1372 2013 a
1403 1969 1632 2016 Plutarcho
1662 1969 1900 2013 admodum,

318 2040 488 2083 diversi.
520 2038 601 2081 Sed
631 2038 901 2095 intelligendi
933 2043 1033 2082 sunt
1064 2045 1256 2096 parentes
1287 2042 1361 2096 qui
1393 2042 1498 2083 vitia
1524 2040 1728 2098 quaedam
1754 2041 1896 2098 depre-

318 2110 548 2154 henderant
574 2112 620 2152 in
652 2114 1013 2166 praetextatorum
1045 2125 1219 2155 suorum
1251 2111 1437 2156 filiorum
1467 2113 1694 2156 mentibus.
1726 2112 1894 2156 Horum

320 2186 431 2234 certe
472 2183 688 2223 maximus
729 2188 820 2223 erat
849 2195 1066 2225 numerus.
1098 2182 1179 2225 Sed
1212 2187 1255 2226 et
1286 2183 1422 2226 adulti
1452 2183 1504 2226 ad
1536 2197 1635 2226 eum
1667 2198 1743 2227 8113
1771 2197 1896 2227 cauea

317 2254 461 2295 venire
493 2251 701 2303 solebant3
739 2252 928 2295 homines
960 2255 1034 2308 qui
1064 2254 1176 2296 inter
1207 2268 1250 2296 se
1277 2253 1582 2297 dissentiebant
1607 2254 1678 2298 sed
1704 2268 1753 2298 ea
1777 2259 1896 2297 erant

317 2323 540 2380 prudent-ia
581 2326 630 2364 ut
659 2322 781 2365 litem
812 2322 935 2365 illam
968 2323 1219 2380 disputando
1250 2324 1369 2367 finire
1402 2324 1577 2368 mallent
1606 2339 1733 2381 quam
1764 2326 1893 2368 armis

314 2394 546 2443 iudiciove3
591 2394 672 2436 viri
715 2393 998 2450 mulieresque
1041 2409 1145 2450 quos
1178 2395 1267 2438 dira
1298 2409 1372 2451 per
1403 2399 1568 2438 noctem
1600 2396 1894 2452 perturbarent

315 2464 565 2521 spectacula,
599 2466 672 2520 qui
703 2469 885 2507 mortem
916 2469 1155 2509 metuerent
1187 2470 1230 2509 et
1258 2466 1426 2518 inferos,
1459 2471 1649 2510 monstra
1679 2470 1893 2524 portenta-

315 2549 416 2591 que3
461 2539 587 2590 atque
629 2536 757 2577 etiam
801 2536 917 2577 urbis
957 2539 1169 2579 curatores
1210 2536 1523 2592 publicanique,
1567 2551 1671 2593 quos
1704 2538 1892 2580 muneris

314 2607 379 2648 8111
422 2605 638 2648 molestiae
682 2606 733 2647 ad
775 2606 1107 2662 desperationem
1150 2607 1389 2663 adigerent,
1433 2609 1633 2663 quoniam
1679 2607 1891 2650 addiscere

313 2681 449 2718 artem
480 2690 563 2718 non
595 2679 788 2732 poterant
820 2678 1109 2733 apparitorum
1137 2691 1313 2720 suorum
1341 2678 1636 2735 regendorum,
1665 2678 1890 2720 hominum

315 2746 544 2789 calliditate
575 2747 657 2788 sibi
688 2761 770 2789 non
802 2749 945 2790 minus
978 2748 1254 2791 molestorum
1286 2763 1413 2805 quam
1445 2750 1611 2791 muneri
1643 2747 1830 2791 utilium.
1892 2764 1893 2767 ¹

376 2817 511 2869 Quam
552 2816 726 2873 plenum
767 2817 896 2860 fuisse
938 2820 1028 2861 eius
1058 2822 1259 2875 putemus
1292 2820 1450 2862 atrium
1481 2819 1560 2862 sub
1592 2822 1774 2873 tempus,
1806 2832 1890 2874 quo

313 2887 610 2929 celeberrimus
649 2886 724 2929 ille
765 2888 953 2931 medicus
984 2890 1050 2931 sui
1081 2889 1256 2932 daturus
1288 2894 1397 2932 esset
1428 2886 1615 2945 copiam!
1648 2887 1758 2932 Cum
1790 2903 1889 2932 vero

312 2957 471 2999 multoe
513 2957 643 2999 simul
675 2962 785 2999 esset
815 2964 1051 3010 curaturus,
1084 2960 1127 3002 id
1158 2964 1222 3003 est
1252 2975 1350 3004 cum
1383 2962 1571 3002 oratione
1601 2974 1745 3003 omnes
1777 2964 1886 3003 esset
