2002 3372
877 214 965 258 299

120 343 187 385 ost
211 343 288 383 τῶν
314 340 449 392 Φίλων
475 339 591 382 πόσοι
620 337 680 381 ἔτι
705 335 834 390 ζῶσιν.
867 337 979 380 Nam
1007 350 1163 380 avarus
1179 337 1261 378 iste
1279 334 1462 387 θηριώδης
1483 334 1720 377 amicorum

38 470 41 473 ,
121 411 320 454 omnium
352 409 608 453 hereditates
639 413 683 452 et
713 408 857 466 legata
888 410 1064 465 expetit,
1097 421 1206 463 quae
1233 409 1270 450 si
1295 406 1461 449 diutius
1485 408 1722 457 morantur,

121 485 308 526 mortem
340 482 575 525 amicorum
610 480 858 524 maturabit.

185 626 319 671 526A
365 626 514 670 Minus
554 630 655 670 sunt
698 625 918 669 metuendi
959 627 1035 682 qui
1078 625 1251 668 divitias
1293 627 1524 681 appetunt,
1569 622 1724 679 quibus

37 698 43 726 ’-
121 699 322 743 fruantur
361 697 553 742 molliter
595 701 640 742 et
680 697 857 740 delicate
901 696 1098 747 vivendo,
1142 710 1273 752 quam
1304 697 1379 752 qui
1412 698 1580 752 praeter
1610 695 1725 750 ipsas

122 770 299 814 divitias
341 768 452 812 nihil
493 768 607 812 ultra
648 772 865 825 spectant3
908 767 975 811 illi
1008 769 1123 811 enim
1158 767 1328 810 tandem
1362 765 1590 823 aliquando
1621 766 1724 808 satis

121 841 207 885 sibi
236 840 393 884 divites
421 839 685 884 videbuntur

183 917 270 959 τοῖς
310 911 345 953 δ’
379 911 437 959 εἷς
478 910 606 962 μηδὲν
649 910 721 960 ἡδὺ
765 910 868 960 μηδὲ
911 910 1113 964 χρήσιμον
1152 909 1476 960 πολιτευομένοις
1512 909 1582 951 οὐκ
1615 906 1723 950 ἔστιν

122 984 312 1036 ὶνοκωχη
345 986 415 1025 τοῦ
449 988 708 1025 πλεονεκτεῖν
741 981 822 1024 οὐδ’
856 983 1044 1036 άσχολία
1080 987 1203 1028 κενοῖς
1242 977 1349 1023 οὖσιν
1383 980 1463 1022 ozel.

98 1063 103 1071 ·
181 1053 296 1107 Quid
327 1053 411 1096 sibi
441 1053 510 1096 hic
542 1067 607 1096 res
639 1051 780 1096 civilis
810 1051 907 1095 vult
933 1057 977 1095 et
1002 1050 1261 1108 reipublicae
1286 1048 1631 1094 administratio?
1664 1049 1726 1092 De

122 1124 371 1169 hominibus
396 1138 651 1182 quocunque
679 1124 805 1167 modo
833 1138 920 1167 rem
950 1123 1204 1167 facientibus
1230 1137 1371 1166 sermo
1398 1123 1468 1165 hic
1494 1136 1584 1165 esse
1602 1121 1726 1165 debet

123 1200 169 1240 et
208 1195 261 1239 de
302 1194 454 1239 multis
486 1195 596 1239 aliis.
630 1195 747 1253 Lege
780 1209 882 1253 ergo
917 1194 1184 1248 ποριζομένοις
1218 1208 1295 1250 pro
1325 1194 1649 1242 πολιτευομένοις
1684 1197 1726 1234 et

122 1267 268 1312 confer
293 1266 431 1310 525D
458 1267 551 1315 τοὺς
585 1267 779 1318 βασιλεῖς
813 1266 1043 1320 πορίζεσθαι
1078 1267 1152 1318 δεῖ,
1186 1266 1374 1323 regibus,
1401 1266 1558 1322 quibus
1584 1268 1728 1308 tantae

123 1341 226 1382 eunt
254 1339 475 1395 impensae
506 1338 734 1390 faciendae,
766 1339 896 1381 etiam
931 1352 997 1381 res
1028 1337 1218 1381 facienda
1250 1341 1328 1380 est.

183 1477 242 1520 ib.
285 1475 357 1519 Sic
388 1475 441 1519 ad
471 1475 767 1520 adversarium
802 1474 1081 1518 refellendum
1117 1476 1270 1518 transit
1302 1479 1467 1518 noster:

185 1547 304 1591 ἀλλὰ
347 1549 394 1597 νὴ
439 1547 537 1599 Δία,
575 1549 703 1599 Φησει
736 1562 813 1598 τις,
846 1546 906 1589 ὅτι
940 1547 1084 1588 παισὶν
1115 1544 1220 1589 οὗτοι
1255 1547 1324 1588 καὶ
1361 1545 1616 1600 κληρονόμοις
1649 1551 1726 1599 φυ-

124 1618 327 1663 λάττουσι
361 1619 431 1662 καὶ
464 1617 757 1672 θησαυρίζουσι.

186 1689 223 1733 Ε
255 1693 379 1734 textu
410 1690 584 1734 tandem
615 1689 844 1747 aliquando
877 1689 1118 1746 expellatur
1148 1690 1265 1733 istud
1294 1704 1318 1732 a
1345 1689 1610 1747 Stegmanno
1637 1703 1730 1746 pro-

124 1762 334 1820 scriptum
368 1759 443 1805 ὅτι.

187 1907 325 1952 526ss
367 1908 527 1966 Lepide
568 1922 668 1952 sane
710 1910 830 1952 avari
871 1910 1098 1966 progenies
1129 1923 1229 1952 cum
1261 1908 1530 1965 aquaeductu
1563 1922 1730 1964 compa-

125 1983 260 2032 ratur,
300 1981 423 2023 cuius
463 1980 630 2023 fistulae
671 1979 780 2023 nihil
823 1981 905 2023 sibi
945 1984 1118 2023 servant
1157 1981 1229 2024 sed
1262 1994 1430 2037 semper
1459 1982 1504 2023 in
1536 1982 1731 2037 proxime

126 2054 376 2108 sequentem
407 2065 602 2109 quaeque¹
631 2051 936 2095 transfundunt
968 2065 1125 2108 aquam

188 2119 291 2176 ἄχρι
334 2121 385 2165 ἄν
426 2138 487 2170 τις
531 2122 671 2174 ἔξωθεν
706 2123 728 2172 ἢ
763 2123 1027 2175 συκοφάντης
1061 2122 1084 2173 ἦ
1115 2122 1298 2176 τύραννος
1338 2123 1519 2174 ἐκκόψας
1554 2122 1621 2164 τὸν
1655 2126 1731 2175 Φυ-

128 2194 344 2238 adra-om
377 2194 446 2237 καὶ
480 2194 674 2246 κατάξας
711 2195 934 2249 ἀλλαχόσε
970 2194 1218 2248 παρατρέψῃ
1245 2194 1314 2236 καὶ
1345 2194 1635 2248 παροχετεύσῃ
1663 2194 1730 2236 τὸν

128 2267 319 2310 πλοῦτον.

189 2336 274 2381 Hic
314 2350 397 2394 ego
439 2338 507 2381 τὸν
549 2337 823 2390 φυλάττοντα
870 2339 1134 2390 „terminum
1178 2336 1451 2381 technicum”
1494 2351 1583 2380 esse
1626 2339 1732 2393 puto

127 2408 252 2462 („het
291 2408 550 2460 reeervoir’'),
595 2413 645 2451 ut
675 2409 746 2452 hic
778 2423 945 2466 quoque
976 2410 1140 2466 insigni
1172 2409 1372 2452 doceatur
1401 2408 1598 2465 exemplo
1631 2422 1733 2464 quo-

128 2478 256 2523 modo
285 2479 548 2536 metaphoris
580 2481 646 2522 uti
677 2479 840 2523 soleant
875 2482 1064 2538 antiqui:
1099 2495 1147 2524 ea
1173 2494 1280 2537 quae
1307 2479 1582 2537 comparandi
1608 2493 1733 2523 causa

130 2550 390 2595 adhibentur
431 2555 475 2594 et
513 2565 563 2595 ea
606 2565 713 2608 quae
755 2555 1071 2609 comparatione
1113 2551 1391 2595 illustrantur
1421 2553 1533 2595 inter
1564 2565 1608 2594 se
1639 2565 1732 2608 per-

130 2622 327 2666 miscent.

194 2763 330 2810 5260
371 2764 506 2823 Saepe
538 2767 669 2809 etiam
703 2766 752 2809 fit
786 2769 835 2809 ut

193 2837 382 2889 καθάπερ
417 2837 622 2889 λέγουσιν,
656 2834 710 2884 εἷς
745 2837 764 2879 ὃ
798 2838 1067 2889 πονηρότατος
1103 2839 1141 2880 ἐν
1173 2839 1227 2889 τῷ
1261 2837 1371 2889 γένει
1407 2838 1624 2889 γενόμενος
1660 2854 1733 2880 κα-

133 2907 318 2962 ταφάγῃ
349 2909 404 2950 τὰ
439 2909 619 2951 πάντων.

193 2978 405 3032 Quorsum
432 2978 551 3022 istud
579 2980 764 3031 καθάπερ
793 2979 982 3030 λέγουσιν
1010 2979 1079 3022 hic
1106 2979 1287 3023 addatur
1313 2994 1485 3036 prorsus
1513 2994 1583 3023 me
1605 2979 1730 3023 latet:
