2002 3372
877 193 960 236 145

114 319 161 362 in
200 317 345 376 aliquo
386 317 630 361 substitisse
670 315 762 359 loco
804 316 1081 368 intellexerit,
1128 318 1306 373 „nequis
1348 331 1416 359 me
1448 320 1572 373 putet
1609 348 1618 359 .
1642 352 1651 360 .
1674 316 1713 360 .'’

114 392 176 435 ait
216 394 261 434 et
301 404 346 433 se
387 390 599 433 convertit
640 387 738 432 alio.
771 387 828 430 Et
860 402 912 430 ne
943 403 1134 445 unquam
1165 388 1416 444 languescat
1450 388 1635 440 auditor,
1670 390 1716 431 in

41 503 42 506 ,
113 467 306 519 tempore
339 474 440 504 eum
472 460 615 517 lepido
642 458 785 516 aliquo
812 459 1026 502 exhilarat
1052 459 1242 503 flosculo.
1275 460 1427 503 Annon
1452 459 1716 516 lepidissime

115 532 293 576 Romuli
339 532 548 588 Bemique
593 530 742 587 lupam
790 531 850 573 sic
892 530 967 573 alii
1010 532 1148 573 cuivis
1190 532 1368 588 opponit
1408 530 1571 584 beluae,
1615 545 1716 574 suae

113 607 293 648 naturae
335 603 648 660 obtemperanti
689 601 883 659 legibus:
929 603 1098 660 „magis
1140 617 1268 659 quem
1301 602 1434 646 aleret
1467 617 1598 659 quam
1632 618 1716 660 quo

55 690 61 694 ·
117 675 303 720 aleretur
343 671 644 732 requirebat”?
685 673 838 717 Nonne
871 675 1098 731 egregium
1131 674 1210 717 hoc
1245 675 1480 724 ἐνθύμημαε
1519 674 1718 731 „publica

117 746 376 805 Pompeium
417 745 575 790 extulit
617 745 802 797 fortuna,
847 746 1018 801 privata
1056 743 1268 788 deiecit''?
1303 744 1500 803 Cumque
1532 746 1586 789 ad
1617 761 1718 789 eum

116 817 266 862 locum*
304 819 444 875 poetis
480 817 808 873 rhetoribusque
841 816 1169 859 dilectissimum
1202 819 1397 873 pervenit
1428 817 1479 860 de
1511 817 1718 875 Pompeio

117 890 390 948 confugiente
431 889 484 933 ad
525 889 720 946 Aegypti
761 902 908 946 regem
941 887 1068 930 illum
1102 890 1265 930 summi
1296 888 1488 932 beneficii
1521 889 1720 932 crudelis-

116 963 225 1006 sime
266 963 581 1012 immemorem,
626 963 819 1017 paratam
861 960 987 1002 habet
1030 958 1331 1002 sententiolam
1374 965 1415 1003 et
1447 962 1718 1016 aptissimam

115 1036 371 1091 argumento
411 1037 456 1075 et
497 1031 550 1074 ad
592 1031 922 1074 admirationem
965 1032 1160 1074 omnium
1203 1031 1359 1087 quibus
1404 1033 1719 1087 quaesitissima

36 1110 39 1126 ²
117 1117 308 1162 quaeque
349 1105 538 1147 maxime
580 1103 776 1160 placeant
817 1102 1084 1145 excitandam
1117 1116 1246 1158 quam
1279 1104 1465 1145 maxime
1497 1103 1717 1146 idoneam:

121 1175 447 1232 „sicPompeio
479 1174 748 1218 moriendum
783 1174 879 1225 fuit,
914 1175 973 1216 sic
1000 1173 1236 1216 cadendum
1264 1178 1315 1216 ut
1341 1188 1421 1216 non
1450 1188 1598 1217 cruore
1626 1176 1718 1217 eius

119 1261 273 1291 manus
300 1261 398 1290 suas
425 1245 762 1290 commacularet
789 1244 986 1290 Caesar'’.
1020 1244 1103 1288 Sed
1129 1259 1266 1301 neque
1291 1246 1421 1288 nimis
1437 1245 1568 1303 longe
1583 1248 1719 1304 petita

117 1321 203 1363 ista
233 1323 335 1362 sunt
367 1318 558 1369 artificia,
592 1332 728 1375 neque
757 1319 819 1360 ita
851 1317 1068 1360 abundant
1101 1321 1151 1359 ut
1184 1318 1228 1359 in
1261 1317 1552 1374 sophistarum
1585 1317 1719 1360 decla-

117 1391 392 1435 mationibus.
436 1390 518 1433 His
561 1389 834 1433 adnumerari
875 1390 1055 1431 minime
1087 1395 1230 1431 noster
1262 1388 1368 1432 velit
1401 1391 1615 1446 sentitque
1648 1389 1718 1431 ad-

117 1476 209 1507 esse
252 1476 365 1506 nunc
406 1461 650 1520 periculum
691 1475 745 1504 ne
785 1459 898 1504 illud
940 1461 1027 1504 fiat.
1070 1460 1188 1518 Ergo
1230 1474 1313 1517 qua
1354 1463 1546 1517 primum
1578 1464 1720 1518 potest

120 1535 338 1578 occasione
383 1535 527 1577 utitur
571 1533 804 1576 invehendi
848 1534 893 1575 in
942 1533 1110 1585 λόγους,
1160 1534 1433 1584 σοφίσματα,
1476 1534 1717 1583 στωμυλίας

116 1605 303 1661 (31813),
350 1605 481 1663 idque
526 1607 588 1648 ita
635 1609 686 1648 ut
733 1606 881 1648 statim
924 1606 1111 1647 sentiant
1153 1618 1299 1647 omnes
1340 1604 1444 1661 quid
1484 1606 1568 1648 ista
1610 1604 1718 1648 velit

115 1677 336 1722 acerbitas.
382 1675 541 1721 Contra
571 1678 726 1719 doctum
762 1691 806 1719 se
839 1676 988 1719 haberi
1018 1677 1165 1733 gestit,
1198 1675 1497 1732 doctrinaeque
1531 1680 1717 1719 ostentat

116 1751 288 1793 tantum
320 1752 530 1807 quantum
564 1748 646 1791 fert
679 1749 815 1791 oratio
848 1749 981 1791 etiam
1012 1747 1065 1790 ad
1094 1747 1285 1790 indoctos
1313 1748 1473 1791 habita.
1505 1747 1598 1791 Iam
1631 1752 1715 1790 sta-

30 1826 33 1827 ’
116 1822 198 1864 tim
240 1835 370 1878 quam
409 1819 488 1864 illa
528 1821 684 1863 doctum
715 1820 998 1875 philosophum
1029 1819 1148 1862 decet
1179 1819 1480 1876 Xenophontis
1511 1821 1715 1872 imitatio,

117 1906 202 1950 qua
242 1891 478 1936 Fortunam
519 1893 565 1935 in
607 1906 780 1935 scenam
820 1891 1016 1948 producit
1057 1895 1116 1947 (p.
1151 1889 1329 1940 317E>2
1375 1896 1448 1939 τῆς
1490 1891 1531 1933 δὲ
1565 1891 1714 1943 Τύχης

75 1994 77 1996 -
117 1963 188 2017 ὀξὺ
215 1965 292 2015 μὲν
317 1965 364 2008 τὸ
392 1966 548 2016 κίνημα
575 1964 645 2007 καὶ
674 1965 798 2016 θρασὺ
827 1964 872 2005 τὸ
899 1962 1093 2016 φρόνημα
1121 1963 1190 2005 καὶ
1219 1964 1502 2016 μεγάλαυχον
1535 1963 1555 2011 ἦ
1581 1963 1714 2014 ἐλπίς,

115 2035 401 2088 <paduanae
429 2035 470 2079 δὲ
498 2037 571 2084 τὴν
598 2037 767 2087 Ἀρετὴν
796 2035 927 2086 ἐγγύς
957 2038 1067 2077 ἐστιν
1095 2035 1164 2087 (cf.
1192 2034 1301 2077 Xen.
1330 2034 1446 2077 Men.
1477 2033 1532 2086 II,
1566 2035 1605 2085 1,
1625 2034 1715 2088 23).

115 2106 228 2151 'rum
275 2107 444 2165 largam
490 2106 670 2150 effundit
720 2121 865 2149 rerum
914 2120 966 2149 ex
1013 2106 1192 2149 historia
1237 2105 1432 2149 Romana
1481 2107 1712 2163 petitarum

115 2180 296 2237 copiam,
322 2178 395 2222 sed
420 2180 483 2222 ita
508 2182 558 2221 ut
584 2192 823 2235 numquam
850 2177 1044 2220 audienti
1069 2176 1287 2234 legentive
1312 2177 1504 2220 taedium
1530 2181 1715 2228 moveat,

114 2255 418 2308 auctoremque
447 2265 574 2294 suum
606 2265 690 2293 non
722 2249 863 2293 solum
894 2249 1022 2292 illum
1054 2250 1249 2292 nominat
1279 2250 1354 2305 qui
1384 2250 1430 2291 in
1462 2248 1626 2292 deliciis
1652 2254 1716 2292 est

115 2323 317 2367 omnibus
347 2322 554 2366 Romanis
583 2321 712 2379 paulo
747 2320 1015 2372 cultioribus,
1048 2319 1227 2364 Livium
1260 2322 1341 2372 aio,
1376 2321 1448 2364 sed
1480 2322 1612 2364 etiam
1638 2322 1715 2363 im-

117 2408 246 2452 pense
288 2394 464 2438 doctum
505 2393 634 2437 illum
675 2393 924 2451 Polybium,
968 2394 1091 2435 cuius
1133 2392 1202 2435 illi
1235 2392 1316 2435 soli
1349 2392 1547 2436 evolvere
1579 2392 1716 2435 solent

25 2445 45 2478 γ’
116 2467 296 2524 paginas
321 2467 397 2523 qui
423 2480 468 2509 se
493 2469 606 2508 totos
632 2466 848 2508 historicis
875 2465 1086 2507 dederunt
1107 2464 1492 2520 disquisitionibus.
1520 2464 1715 2506 Profecto

117 2552 201 2581 11011
239 2542 412 2594 propter
453 2524 728 2594 quisquilias¹
750 2537 981 2579 rhetoricas
1021 2536 1092 2578 hic
1124 2535 1290 2578 laudari
1321 2537 1440 2591 cupit
1472 2540 1612 2578 orator
1644 2535 1715 2578 sed

116 2612 292 2667 propter
329 2622 480 2652 veram
521 2607 785 2664 solidamque
822 2607 1125 2664 eloquentiam.
1160 2606 1488 2649 Narrationibus
1520 2609 1608 2649 suis
1640 2621 1716 2655 nos

115 2680 302 2725 detinet:
349 2679 471 2723 illam
512 2681 601 2722 iam
640 2683 751 2730 tum,
794 2683 844 2722 ut
885 2681 1050 2735 opinor,
1093 2678 1362 2721 decantatam
1403 2679 1454 2721 de
1497 2679 1715 2721 anseribus

114 2750 379 2809 Capitolium
410 2751 693 2803 servantibus,
725 2765 850 2793 nemo
879 2754 967 2792 tam
996 2750 1102 2792 bene
1130 2749 1334 2792 Romanis
1360 2749 1557 2792 exhibuit
1584 2763 1714 2806 quam

117 2821 305 2868 Graecus
346 2823 431 2866 hic.
475 2822 559 2866 Sed
602 2836 702 2879 prae
743 2823 894 2865 ceteris
936 2820 1161 2878 splendent
1193 2820 1447 2878 fulgentque
1479 2821 1714 2864 sententiae

114 2909 269 2954 graves
314 2894 417 2938 illae
462 2893 798 2952 magnificaeque
846 2893 1002 2950 quibus
1049 2892 1319 2935 audientium
1362 2894 1528 2935 animos
1571 2906 1714 2935 amore

113 2966 269 3024 implet
310 2968 496 3024 patriae:
540 2967 748 3023 potentia,
792 2965 989 3015 libertas,
1032 2966 1267 3021 imperium
1310 2964 1601 3007 Romanorum
1644 2964 1714 3006 hic

1470 3046 1512 3077 10
