2002 3372
1073 173 1158 217 198

327 313 425 341 casu
459 298 640 354 quodam
671 297 893 340 exordium
925 297 1268 353 occasionemque
1295 297 1365 339 hic
1391 295 1598 339 referendi
1623 294 1816 339 dedisti”.
1849 294 1908 338 Et

330 374 441 412 certe
480 369 554 411 illa
595 370 826 424 requiritur
869 368 1088 418 sententia,
1123 367 1194 410 sed
1227 370 1458 423 possuntne
1489 368 1572 409 ista
1601 366 1667 408 hio
1696 365 1906 424 referendi

330 441 374 481 ἐκ
406 441 482 481 τῶν
515 437 859 491 συμφραζομένων
889 436 1091 494 intelligi,
1125 451 1179 480 an
1211 451 1233 480 e
1266 441 1388 480 textu
1419 433 1691 480 exciderunt?

393 583 526 626 432ss
571 583 765 626 Hominis
798 584 1004 625 memoria
1034 581 1181 638 quidni
1211 582 1356 625 futura
1387 579 1640 639 praecipiat?

393 655 459 695 καὶ
509 655 591 705 γὰρ
633 653 912 702 ἐπιβάλλεται
961 652 1027 694 καὶ
1077 653 1307 704 προτίθεται
1350 652 1444 702 πρὸς
1489 654 1543 694 τοὶ
1586 650 1796 702 μέλλοντα
1838 651 1907 694 καὶ

335 724 636 776 παρῳχημένων
666 724 732 765 καὶ
761 724 878 770 τέλος
906 723 1080 774 ἐχόντων
1107 723 1379 784 ἀπήλλακται
1409 724 1515 770 πλὴν
1542 725 1612 765 τοῦ
1635 721 1908 772 μνημονεύειν.

394 794 569 837 Sanavit
609 795 710 837 haec
751 793 1037 850 Stegmannus
1080 793 1176 845 πρός
1209 792 1382 836 delendo
1415 797 1457 836 et
1486 797 1563 835 τῶν
1595 796 1692 836 ante
1722 807 1914 846 παρῳχη-

337 865 463 915 μένων
494 864 726 907 inserendo.

399 1000 536 1043 432D
578 999 699 1053 Quod
730 999 951 1056 Euripides
978 1001 1089 1043 vatis
1115 1013 1204 1042 esse
1230 1000 1291 1042 ait
1316 999 1409 1041 bene
1433 998 1634 1052 coniicere,
1659 998 1706 1043 id
1730 998 1916 1042 hominis

339 1076 402 1115 est
433 1072 536 1114 bene
567 1072 880 1114 ratiocinantis:

1984 691 1998 723 <a

400 1144 444 1184 τὸ
487 1142 527 1184 δὲ
568 1141 761 1191 μαντικὸν
805 1139 934 1192 ὥσπερ
977 1145 1264 1192 γραμματεῖον
1314 1139 1504 1192 ἄγραφον
1547 1140 1616 1183 καὶ
1659 1139 1812 1192 ἄλογον
1843 1139 1912 1182 καὶ

342 1214 519 1263 ἀόριστον
549 1212 592 1261 ἐξ
623 1213 780 1263 ἑαυτοῦ,
808 1212 987 1253 δεκτικὸν
1015 1212 1055 1254 δὲ
1080 1216 1316 1262 Φαντασιῶν
1345 1212 1491 1253 πάθεσι
1517 1212 1584 1254 καὶ
1609 1211 1916 1263 προαισθήσεων,

344 1285 656 1333 ἀσυλλογίστως
698 1281 879 1324 ἅπτεται
923 1285 993 1324 τοῦ
1036 1282 1271 1333 μέλλοντος,
1315 1278 1413 1324 ὅταν
1458 1283 1581 1336 ἐκστῇ
1622 1281 1814 1331 μα’λιστα
1846 1283 1916 1323 τοῦ

344 1354 552 1404 παρόντος.

405 1425 481 1467 Vel
512 1424 629 1467 locus
659 1424 812 1467 indicio
845 1428 908 1466 est
938 1423 1053 1466 istud
1085 1423 1231 1466 πάθεσι
1250 1437 1352 1477 ‚esse
1384 1423 1715 1467 removendum:
1741 1424 1787 1466 in
1812 1435 1921 1465 mar-

345 1498 443 1552 gine
474 1495 733 1551 adscriptum
766 1494 850 1537 fuit
881 1494 933 1537 ad
967 1495 1087 1548 ἐκστῇ
1122 1494 1431 1551 explicandum.

406 1643 463 1685 ib.
509 1641 646 1686 Causa
677 1643 805 1685 huius
836 1644 897 1685 rei
927 1646 991 1685 est
1021 1656 1172 1698 corpus
1204 1642 1270 1684 τὸν
1304 1641 1583 1690 ἐνθουσιασμόν
1615 1641 1845 1696 accipiens:

409 1714 508 1755 αὐτὸ
537 1715 611 1762 μὲν
637 1710 700 1756 οὖν
728 1713 772 1763 ἐξ
801 1713 924 1755 αὑτοῦ
953 1715 997 1754 τὸ
1026 1718 1142 1762 σῶμα
1173 1713 1361 1761 τοιαύτην
1387 1712 1589 1758 πολλάκις
1616 1710 1727 1764 ἴσχει
1746 1710 1919 1753 διάθεσιν

347 1787 481 1827 immo
524 1786 565 1826 οὐ
611 1785 812 1830 πολλάκις
845 1783 1203 1840 quemadmodum
1235 1790 1278 1826 et
1308 1784 1400 1839 ipsa
1432 1784 1494 1825 rei
1524 1786 1674 1825 natura
1705 1787 1850 1825 monet
1881 1786 1921 1825 et

348 1855 391 1897 id
431 1854 543 1910 quod
584 1857 783 1897 continuo
825 1857 1038 1910 sequitur:
1076 1854 1175 1905 „sed
1208 1859 1318 1897 terra
1349 1853 1596 1896 huiusmodi
1627 1851 1798 1896 affectus
1830 1854 1928 1897 sub·.

349 1926 497 1968 mittit'
505 1926 528 1968 ’.

410 2061 541 2103 4321.φ
583 2060 676 2110 ἅμα
719 2061 752 2103 δ’
786 2061 834 2103 ἄν
877 2052 937 2107 ‘rte
980 2063 1050 2103 οὐκ
1093 2062 1258 2111 ἀλόγως
1301 2061 1369 2103 καὶ
1414 2059 1616 2110 ξηρότητα
1659 2059 1767 2111 <palu
1810 2060 1927 2109 μετὰ-

350 2134 460 2187 [τῆς]
492 2133 731 2182 θερμότητος
764 2131 1059 2183 ἐγγιγνομένην
1091 2133 1303 2174 λεπτύνειν
1336 2131 1380 2173 τὸ
1414 2134 1593 2181 πνεῦμα.

409 2202 601 2245 Inclusus
633 2202 836 2245 articulus
866 2202 1020 2245 melius
1052 2202 1199 2245 aberit.

411 2348 544 2391 433ss
586 2354 656 2397 τῆς
691 2349 764 2398 μὲν
797 2349 1005 2399 πορφύρας
1037 2349 1054 2391 ὅ
1084 2348 1237 2398 κύαμος
1265 2352 1336 2396 τῆς
1365 2346 1407 2389 δὲ
1435 2346 1572 2399 κρόκου
1599 2346 1644 2389 τὸ
1671 2348 1794 2398 νίτρον
1818 2347 1927 2391 δοκεῖ

350 2422 420 2467 την
452 2420 598 2471 βαφὴν
630 2418 748 2470 ἄγειν
781 2421 1049 2470 μεμιγμένον.

409 2489 494 2533 Gur
534 2492 576 2531 in
620 2494 740 2532 textu
782 2491 1013 2532 retineatur
1053 2502 1177 2532 sensu
1219 2502 1385 2531 cassum
1422 2487 1538 2530 istud
1570 2487 1703 2539 ἄγειν,
1736 2501 1811 2544 pro
1843 2501 1926 2544 quo

351 2560 414 2602 W.
448 2559 583 2609 αὔξειν
618 2562 764 2616 reponi
795 2559 946 2602 iussit?

406 2632 463 2672 ib.
507 2631 593 2681 περὶ
627 2631 768 2672 δὲ-τοῡ
805 2632 951 2673 Κύδνου
983 2631 1051 2672 καὶ
1086 2635 1157 2678 τῆς
1186 2630 1297 2681 ἱερᾶς
1324 2632 1393 2670 τοῦ
1424 2628 1680 2674 ’Λπόλλωνος
1707 2629 1747 2669 ἐν
1775 2630 1923 2680 Ταρσῷ

348 2702 580 2752 μαχαίρας,
621 2699 647 2742 ὦ
692 2702 793 2751 Φίλε
828 2702 1049 2751 Δημήτριε,
1083 2704 1151 2742 σοῦ
1184 2699 1376 2750 λέγοντος
1408 2699 1600 2748 ἠκούομεν
1631 2699 1680 2746 ὥς
1713 2700 1792 2750 οὐχ
1825 2697 1925 2751 ὕδωρ

347 2771 451 2813 ἄλλο
484 2775 645 2820 μᾶλλον
679 2772 904 2822 ἐκκαθαίρει
939 2772 1089 2822 σίδηρον
1125 2770 1284 2812 ἐκείνου.

405 2842 512 2883 Sana
553 2843 653 2884 haec
684 2847 725 2884 et
767 2842 936 2898 elegans
981 2847 1044 2884 est
1086 2841 1258 2884 editoris
1301 2839 1450 2884 Graeci
1480 2839 1623 2890 lectio,
1655 2840 1783 2882 ceteri
1811 2853 1923 2882 com-

347 2913 525 2953 mixtam
558 2913 898 2954 annotationibus
930 2912 1142 2967 praebent.
