<?xml version="1.0" encoding="UTF-8"?>
<!DOCTYPE html PUBLIC "-//W3C//DTD XHTML 1.0 Transitional//EN"
    "http://www.w3.org/TR/xhtml1/DTD/xhtml1-transitional.dtd">
<html xmlns="http://www.w3.org/1999/xhtml" xml:lang="en" lang="en">
 <head>
  <title>
</title>
<meta http-equiv="Content-Type" content="text/html;charset=utf-8" />
  <meta name='ocr-system' content='tesseract 3.04.00' />
  <meta name='ocr-capabilities' content='ocr_page ocr_carea ocr_par ocr_line ocrx_word'/>
</head>
<body>
  <div class='ocr_page' id='page_1' title='image "./deplutarchoscrip00hartuoft_0270.png"; bbox 0 0 2002 3372; ppageno 0'>
   <div class='ocr_carea' id='block_1_1' title="bbox 1066 188 1154 233">
    <p class='ocr_par' dir='ltr' id='par_1_1' title="bbox 1066 188 1154 233">
     <span class='ocr_line' id='line_1_1' title="bbox 1066 188 1154 233; baseline -0.011 0"><span class='ocrx_word' id='word_1_1' title='bbox 1066 188 1154 233; x_wconf 80' lang='lat'><strong>254</strong></span> 
     </span>
    </p>
   </div>
   <div class='ocr_carea' id='block_1_2' title="bbox 317 313 1903 2833">
    <p class='ocr_par' dir='ltr' id='par_1_2' title="bbox 318 313 1903 1215">
     <span class='ocr_line' id='line_1_2' title="bbox 319 313 1900 371; baseline -0.003 -9"><span class='ocrx_word' id='word_1_2' title='bbox 319 318 517 362; x_wconf 87' lang='lat' dir='ltr'><strong>audimus</strong></span> <span class='ocrx_word' id='word_1_3' title='bbox 559 315 840 358; x_wconf 83' lang='lat' dir='ltr'><strong>Plutarchum</strong></span> <span class='ocrx_word' id='word_1_4' title='bbox 882 313 1185 369; x_wconf 78' lang='lat' dir='ltr'><strong>disputantem,</strong></span> <span class='ocrx_word' id='word_1_5' title='bbox 1229 329 1364 371; x_wconf 89' lang='lat' dir='ltr'><strong>neque</strong></span> <span class='ocrx_word' id='word_1_6' title='bbox 1406 315 1565 356; x_wconf 90' lang='lat' dir='ltr'><strong>mirum</strong></span> <span class='ocrx_word' id='word_1_7' title='bbox 1595 320 1660 357; x_wconf 83' lang='lat' dir='ltr'><strong>est</strong></span> <span class='ocrx_word' id='word_1_8' title='bbox 1687 315 1900 358; x_wconf 80' lang='lat' dir='ltr'><strong>exstitisse</strong></span> 
     </span>
     <span class='ocr_line' id='line_1_3' title="bbox 319 383 1897 440; baseline -0.003 -8"><span class='ocrx_word' id='word_1_9' title='bbox 319 391 462 432; x_wconf 85' lang='lat' dir='ltr'><strong>virum</strong></span> <span class='ocrx_word' id='word_1_10' title='bbox 505 387 678 429; x_wconf 92' lang='lat' dir='ltr'><strong>doctum</strong></span> <span class='ocrx_word' id='word_1_11' title='bbox 721 385 796 440; x_wconf 89' lang='lat' dir='ltr'><strong>qui</strong></span> <span class='ocrx_word' id='word_1_12' title='bbox 836 383 1106 426; x_wconf 84' lang='lat' dir='ltr'><strong>contenderet</strong></span> <span class='ocrx_word' id='word_1_13' title='bbox 1146 398 1230 427; x_wconf 91' lang='lat' dir='ltr'><strong>non</strong></span> <span class='ocrx_word' id='word_1_14' title='bbox 1271 389 1359 427; x_wconf 87' lang='lat' dir='ltr'><strong>tam</strong></span> <span class='ocrx_word' id='word_1_15' title='bbox 1403 398 1525 427; x_wconf 85' lang='lat' dir='ltr'><strong>suam</strong></span> <span class='ocrx_word' id='word_1_16' title='bbox 1557 397 1684 440; x_wconf 86' lang='lat' dir='ltr'><strong>quam</strong></span> <span class='ocrx_word' id='word_1_17' title='bbox 1717 384 1897 428; x_wconf 86' lang='lat' dir='ltr'><strong>alienam</strong></span> 
     </span>
     <span class='ocr_line' id='line_1_4' title="bbox 319 454 1899 509; baseline -0.002 -8"><span class='ocrx_word' id='word_1_18' title='bbox 319 460 389 501; x_wconf 91' lang='lat' dir='ltr'><strong>hic</strong></span> <span class='ocrx_word' id='word_1_19' title='bbox 431 456 651 500; x_wconf 87' lang='lat' dir='ltr'><strong>defendere</strong></span> <span class='ocrx_word' id='word_1_20' title='bbox 682 454 961 496; x_wconf 86' lang='lat' dir='ltr'><strong>Plutarchum</strong></span> <span class='ocrx_word' id='word_1_21' title='bbox 994 455 1249 509; x_wconf 87' lang='lat' dir='ltr'><strong>opinionem.</strong></span> <span class='ocrx_word' id='word_1_22' title='bbox 1283 455 1492 497; x_wconf 88' lang='lat' dir='ltr'><strong>Iohannes</strong></span> <span class='ocrx_word' id='word_1_23' title='bbox 1525 454 1797 498; x_wconf 79' lang='lat' dir='ltr'><strong>Schroeterus</strong></span> <span class='ocrx_word' id='word_1_24' title='bbox 1825 454 1899 499; x_wconf 87' lang='lat' dir='ltr'><strong>ille</strong></span> 
     </span>
     <span class='ocr_line' id='line_1_5' title="bbox 320 523 1900 583; baseline -0.002 -12"><span class='ocrx_word' id='word_1_25' title='bbox 320 534 397 579; x_wconf 88' lang='lat' dir='ltr'><strong>est,</strong></span> <span class='ocrx_word' id='word_1_26' title='bbox 445 528 517 583; x_wconf 89' lang='lat' dir='ltr'><strong>qui</strong></span> <span class='ocrx_word' id='word_1_27' title='bbox 559 539 693 581; x_wconf 87' lang='lat' dir='ltr'><strong>nuper</strong></span> <span class='ocrx_word' id='word_1_28' title='bbox 735 523 880 566; x_wconf 91' lang='lat' dir='ltr'><strong>libello</strong></span> <span class='ocrx_word' id='word_1_29' title='bbox 923 523 1140 580; x_wconf 82' lang='lat' dir='ltr'><strong>eleganter</strong></span> <span class='ocrx_word' id='word_1_30' title='bbox 1180 526 1350 581; x_wconf 88' lang='lat' dir='ltr'><strong>scripto,</strong></span> <span class='ocrx_word' id='word_1_31' title='bbox 1392 530 1489 581; x_wconf 83' lang='lat' dir='ltr'><strong>apte</strong></span> <span class='ocrx_word' id='word_1_32' title='bbox 1532 524 1734 581; x_wconf 86' lang='lat' dir='ltr'><strong>disposito</strong></span> <span class='ocrx_word' id='word_1_33' title='bbox 1774 530 1900 582; x_wconf 85' lang='lat' dir='ltr'><strong>atque</strong></span> 
     </span>
     <span class='ocr_line' id='line_1_6' title="bbox 318 593 1902 652; baseline -0.001 -12"><span class='ocrx_word' id='word_1_34' title='bbox 318 600 449 640; x_wconf 88' lang='lat' dir='ltr'><strong>bonae</strong></span> <span class='ocrx_word' id='word_1_35' title='bbox 481 598 616 652; x_wconf 85' lang='lat' dir='ltr'><strong>frugis</strong></span> <span class='ocrx_word' id='word_1_36' title='bbox 642 595 765 650; x_wconf 85' lang='lat' dir='ltr'><strong>pleno</strong></span> <span class='ocrx_word' id='word_1_37' title='bbox 791 594 966 650; x_wconf 86' lang='lat' dir='ltr'><strong>(prodiit</strong></span> <span class='ocrx_word' id='word_1_38' title='bbox 990 593 1064 637; x_wconf 89' lang='lat' dir='ltr'><strong>ille</strong></span> <span class='ocrx_word' id='word_1_39' title='bbox 1092 595 1259 651; x_wconf 84' lang='lat' dir='ltr'><strong>Lipsiae</strong></span> <span class='ocrx_word' id='word_1_40' title='bbox 1287 610 1337 638; x_wconf 84' lang='lat' dir='ltr'><strong>ex</strong></span> <span class='ocrx_word' id='word_1_41' title='bbox 1363 595 1536 638; x_wconf 85' lang='lat' dir='ltr'><strong>aedibus</strong></span> <span class='ocrx_word' id='word_1_42' title='bbox 1562 594 1902 649; x_wconf 83' lang='lat' dir='ltr'><strong>Dicterichianis)</strong></span> 
     </span>
     <span class='ocr_line' id='line_1_7' title="bbox 319 664 1900 722; baseline -0.001 -12"><span class='ocrx_word' id='word_1_43' title='bbox 319 669 605 710; x_wconf 88' lang='lat' dir='ltr'><strong>demonstrare</strong></span> <span class='ocrx_word' id='word_1_44' title='bbox 646 669 821 708; x_wconf 88' lang='lat' dir='ltr'><strong>conatus</strong></span> <span class='ocrx_word' id='word_1_45' title='bbox 863 669 926 707; x_wconf 88' lang='lat' dir='ltr'><strong>est</strong></span> <span class='ocrx_word' id='word_1_46' title='bbox 966 664 1246 708; x_wconf 85' lang='lat' dir='ltr'><strong>Plutarchum</strong></span> <span class='ocrx_word' id='word_1_47' title='bbox 1290 680 1372 709; x_wconf 91' lang='lat' dir='ltr'><strong>non</strong></span> <span class='ocrx_word' id='word_1_48' title='bbox 1412 669 1560 722; x_wconf 86' lang='lat' dir='ltr'><strong>sponte</strong></span> <span class='ocrx_word' id='word_1_49' title='bbox 1601 667 1748 709; x_wconf 85' lang='lat' dir='ltr'><strong>iniisse</strong></span> <span class='ocrx_word' id='word_1_50' title='bbox 1785 666 1900 709; x_wconf 86' lang='lat' dir='ltr'><strong>viam</strong></span> 
     </span>
     <span class='ocr_line' id='line_1_8' title="bbox 318 735 1903 794; baseline -0.001 -14"><span class='ocrx_word' id='word_1_51' title='bbox 318 738 437 780; x_wconf 87' lang='lat' dir='ltr'><strong>illam</strong></span> <span class='ocrx_word' id='word_1_52' title='bbox 477 751 583 793; x_wconf 88' lang='lat' dir='ltr'><strong>quae</strong></span> <span class='ocrx_word' id='word_1_53' title='bbox 614 753 639 778; x_wconf 77' lang='lat' dir='ltr'><strong>a</strong></span> <span class='ocrx_word' id='word_1_54' title='bbox 670 736 918 778; x_wconf 75' lang='lat' dir='ltr'><strong>dubitatione</strong></span> <span class='ocrx_word' id='word_1_55' title='bbox 947 737 1004 777; x_wconf 79' lang='lat' dir='ltr'><strong>ad</strong></span> <span class='ocrx_word' id='word_1_56' title='bbox 1023 737 1149 790; x_wconf 80' lang='lat' dir='ltr'><strong>fidem</strong></span> <span class='ocrx_word' id='word_1_57' title='bbox 1172 735 1201 789; x_wconf 94' lang='lat'><strong>¹)</strong></span> <span class='ocrx_word' id='word_1_58' title='bbox 1233 736 1358 779; x_wconf 89' lang='lat' dir='ltr'><strong>ducat</strong></span> <span class='ocrx_word' id='word_1_59' title='bbox 1390 736 1462 779; x_wconf 87' lang='lat' dir='ltr'><strong>sed</strong></span> <span class='ocrx_word' id='word_1_60' title='bbox 1494 735 1688 779; x_wconf 91' lang='lat' dir='ltr'><strong>Philonis</strong></span> <span class='ocrx_word' id='word_1_61' title='bbox 1720 736 1903 794; x_wconf 80' lang='lat' dir='ltr'><strong>vestigia</strong></span> 
     </span>
     <span class='ocr_line' id='line_1_9' title="bbox 319 800 1900 862; baseline -0.001 -11"><span class='ocrx_word' id='word_1_62' title='bbox 319 812 528 851; x_wconf 87' lang='lat' dir='ltr'><strong>secutum.</strong></span> <span class='ocrx_word' id='word_1_63' title='bbox 560 807 625 849; x_wconf 86' lang='lat' dir='ltr'><strong>Ita</strong></span> <span class='ocrx_word' id='word_1_64' title='bbox 658 821 700 849; x_wconf 90' lang='lat' dir='ltr'><strong>se</strong></span> <span class='ocrx_word' id='word_1_65' title='bbox 732 820 821 849; x_wconf 85' lang='lat' dir='ltr'><strong>rem</strong></span> <span class='ocrx_word' id='word_1_66' title='bbox 855 805 1008 848; x_wconf 88' lang='lat' dir='ltr'><strong>habere</strong></span> <span class='ocrx_word' id='word_1_67' title='bbox 1041 800 1237 862; x_wconf 82' lang='lat' dir='ltr'><strong>equidem</strong></span> <span class='ocrx_word' id='word_1_68' title='bbox 1268 806 1427 849; x_wconf 88' lang='lat' dir='ltr'><strong>infitias</strong></span> <span class='ocrx_word' id='word_1_69' title='bbox 1457 808 1518 849; x_wconf 89' lang='lat' dir='ltr'><strong>ire</strong></span> <span class='ocrx_word' id='word_1_70' title='bbox 1545 805 1693 858; x_wconf 87' lang='lat' dir='ltr'><strong>nolim,</strong></span> <span class='ocrx_word' id='word_1_71' title='bbox 1721 806 1793 850; x_wconf 83' lang='lat' dir='ltr'><strong>sed</strong></span> <span class='ocrx_word' id='word_1_72' title='bbox 1819 821 1900 850; x_wconf 85' lang='lat' dir='ltr'><strong>non</strong></span> 
     </span>
     <span class='ocr_line' id='line_1_10' title="bbox 320 875 1902 921; baseline -0.001 0"><span class='ocrx_word' id='word_1_73' title='bbox 320 883 383 921; x_wconf 91' lang='lat' dir='ltr'><strong>est</strong></span> <span class='ocrx_word' id='word_1_74' title='bbox 436 892 510 920; x_wconf 90' lang='lat' dir='ltr'><strong>cur</strong></span> <span class='ocrx_word' id='word_1_75' title='bbox 557 878 608 919; x_wconf 90' lang='lat' dir='ltr'><strong>ob</strong></span> <span class='ocrx_word' id='word_1_76' title='bbox 656 890 749 919; x_wconf 86' lang='lat' dir='ltr'><strong>eam</strong></span> <span class='ocrx_word' id='word_1_77' title='bbox 796 889 966 918; x_wconf 89' lang='lat' dir='ltr'><strong>causam</strong></span> <span class='ocrx_word' id='word_1_78' title='bbox 1014 875 1294 919; x_wconf 88' lang='lat' dir='ltr'><strong>Plutarchum</strong></span> <span class='ocrx_word' id='word_1_79' title='bbox 1342 881 1677 920; x_wconf 86' lang='lat' dir='ltr'><strong>contemnamus.</strong></span> <span class='ocrx_word' id='word_1_80' title='bbox 1730 876 1902 920; x_wconf 80' lang='lat' dir='ltr'><strong>Etenim</strong></span> 
     </span>
     <span class='ocr_line' id='line_1_11' title="bbox 320 946 1902 1004; baseline 0 -14"><span class='ocrx_word' id='word_1_81' title='bbox 320 950 517 1004; x_wconf 84' lang='lat' dir='ltr'><strong>quamvis</strong></span> <span class='ocrx_word' id='word_1_82' title='bbox 560 947 704 989; x_wconf 85' lang='lat' dir='ltr'><strong>doceat</strong></span> <span class='ocrx_word' id='word_1_83' title='bbox 744 946 859 989; x_wconf 88' lang='lat' dir='ltr'><strong>idem</strong></span> <span class='ocrx_word' id='word_1_84' title='bbox 901 946 1156 989; x_wconf 87' lang='lat' dir='ltr'><strong>Plutarchus</strong></span> <span class='ocrx_word' id='word_1_85' title='bbox 1199 947 1311 1003; x_wconf 91' lang='lat' dir='ltr'><strong>quod</strong></span> <span class='ocrx_word' id='word_1_86' title='bbox 1353 947 1493 999; x_wconf 89' lang='lat' dir='ltr'><strong>Philo,</strong></span> <span class='ocrx_word' id='word_1_87' title='bbox 1537 961 1588 989; x_wconf 91' lang='lat' dir='ltr'><strong>ne</strong></span> <span class='ocrx_word' id='word_1_88' title='bbox 1629 947 1698 990; x_wconf 89' lang='lat' dir='ltr'><strong>hic</strong></span> <span class='ocrx_word' id='word_1_89' title='bbox 1729 947 1902 1004; x_wconf 88' lang='lat' dir='ltr'><strong>quidem</strong></span> 
     </span>
     <span class='ocr_line' id='line_1_12' title="bbox 320 1015 1902 1075; baseline 0 -14"><span class='ocrx_word' id='word_1_90' title='bbox 320 1018 552 1075; x_wconf 84' lang='lat' dir='ltr'><strong>quidquam</strong></span> <span class='ocrx_word' id='word_1_91' title='bbox 601 1017 721 1060; x_wconf 88' lang='lat' dir='ltr'><strong>docet</strong></span> <span class='ocrx_word' id='word_1_92' title='bbox 768 1015 899 1073; x_wconf 67' lang='lat' dir='ltr'><strong>quod&#39;</strong></span> <span class='ocrx_word' id='word_1_93' title='bbox 921 1031 1003 1059; x_wconf 92' lang='lat' dir='ltr'><strong>non</strong></span> <span class='ocrx_word' id='word_1_94' title='bbox 1043 1018 1126 1073; x_wconf 89' lang='lat' dir='ltr'><strong>ipsi</strong></span> <span class='ocrx_word' id='word_1_95' title='bbox 1170 1019 1226 1059; x_wconf 90' lang='lat' dir='ltr'><strong>sit</strong></span> <span class='ocrx_word' id='word_1_96' title='bbox 1267 1018 1654 1073; x_wconf 82' lang='lat' dir='ltr'><strong>persuasissimum,</strong></span> <span class='ocrx_word' id='word_1_97' title='bbox 1695 1022 1738 1061; x_wconf 89' lang='lat' dir='ltr'><strong>et</strong></span> <span class='ocrx_word' id='word_1_98' title='bbox 1777 1017 1902 1075; x_wconf 85' lang='lat' dir='ltr'><strong>longe</strong></span> 
     </span>
     <span class='ocr_line' id='line_1_13' title="bbox 319 1088 1902 1145; baseline 0 -14"><span class='ocrx_word' id='word_1_99' title='bbox 319 1088 528 1145; x_wconf 73' lang='lat' dir='ltr'><strong>longeque</strong></span> <span class='ocrx_word' id='word_1_100' title='bbox 570 1092 785 1130; x_wconf 87' lang='lat' dir='ltr'><strong>auctorem</strong></span> <span class='ocrx_word' id='word_1_101' title='bbox 829 1102 954 1129; x_wconf 92' lang='lat' dir='ltr'><strong>suum</strong></span> <span class='ocrx_word' id='word_1_102' title='bbox 999 1092 1184 1143; x_wconf 86' lang='lat' dir='ltr'><strong>superat,</strong></span> <span class='ocrx_word' id='word_1_103' title='bbox 1228 1088 1514 1131; x_wconf 86' lang='lat' dir='ltr'><strong>tenebrionem</strong></span> <span class='ocrx_word' id='word_1_104' title='bbox 1544 1089 1679 1130; x_wconf 86' lang='lat' dir='ltr'><strong>istum</strong></span> <span class='ocrx_word' id='word_1_105' title='bbox 1710 1089 1902 1144; x_wconf 86' lang='lat' dir='ltr'><strong>quisuis</strong></span> 
     </span>
     <span class='ocr_line' id='line_1_14' title="bbox 320 1157 1285 1215; baseline -0.001 -14"><span class='ocrx_word' id='word_1_106' title='bbox 320 1158 536 1215; x_wconf 87' lang='lat' dir='ltr'><strong>allegoriis</strong></span> <span class='ocrx_word' id='word_1_107' title='bbox 569 1160 711 1200; x_wconf 90' lang='lat' dir='ltr'><strong>omnia</strong></span> <span class='ocrx_word' id='word_1_108' title='bbox 742 1159 962 1214; x_wconf 87' lang='lat' dir='ltr'><strong>perturbat</strong></span> <span class='ocrx_word' id='word_1_109' title='bbox 993 1157 1285 1214; x_wconf 77' lang='lat' dir='ltr'><strong>obscuratque.</strong></span> 
     </span>
    </p>

    <p class='ocr_par' dir='ltr' id='par_1_3' title="bbox 317 1227 1902 1906">
     <span class='ocr_line' id='line_1_15' title="bbox 380 1227 1901 1286; baseline 0 -14"><span class='ocrx_word' id='word_1_110' title='bbox 380 1229 463 1272; x_wconf 81' lang='lat' dir='ltr'><strong>Sed</strong></span> <span class='ocrx_word' id='word_1_111' title='bbox 487 1231 671 1285; x_wconf 85' lang='lat' dir='ltr'><strong>scriptus</strong></span> <span class='ocrx_word' id='word_1_112' title='bbox 699 1236 762 1271; x_wconf 89' lang='lat' dir='ltr'><strong>est</strong></span> <span class='ocrx_word' id='word_1_113' title='bbox 787 1228 894 1271; x_wconf 88' lang='lat' dir='ltr'><strong>liber</strong></span> <span class='ocrx_word' id='word_1_114' title='bbox 919 1227 992 1270; x_wconf 89' lang='lat' dir='ltr'><strong>ille</strong></span> <span class='ocrx_word' id='word_1_115' title='bbox 1018 1229 1067 1270; x_wconf 84' lang='lat' dir='ltr'><strong>de</strong></span> <span class='ocrx_word' id='word_1_116' title='bbox 1085 1229 1218 1282; x_wconf 79' lang='lat' dir='ltr'><strong>primo</strong></span> <span class='ocrx_word' id='word_1_117' title='bbox 1237 1228 1405 1284; x_wconf 69' lang='lat' dir='ltr'><strong>friyido</strong></span> <span class='ocrx_word' id='word_1_118' title='bbox 1422 1228 1632 1271; x_wconf 81' lang='lat' dir='ltr'><strong>Favorino</strong></span> <span class='ocrx_word' id='word_1_119' title='bbox 1649 1228 1901 1286; x_wconf 81' lang='lat' dir='ltr'><strong>philosopho</strong></span> 
     </span>
     <span class='ocr_line' id='line_1_16' title="bbox 319 1296 1902 1355; baseline -0.001 -13"><span class='ocrx_word' id='word_1_120' title='bbox 319 1300 487 1354; x_wconf 70' lang='lat' dir='ltr'><strong>sceptico</strong></span> <span class='ocrx_word' id='word_1_121' title='bbox 519 1304 562 1342; x_wconf 87' lang='lat' dir='ltr'><strong>et</strong></span> <span class='ocrx_word' id='word_1_122' title='bbox 592 1301 703 1342; x_wconf 87' lang='lat' dir='ltr'><strong>inter</strong></span> <span class='ocrx_word' id='word_1_123' title='bbox 733 1301 890 1355; x_wconf 87' lang='lat' dir='ltr'><strong>scripta</strong></span> <span class='ocrx_word' id='word_1_124' title='bbox 916 1298 1136 1341; x_wconf 85' lang='lat' dir='ltr'><strong>Plutarchi</strong></span> <span class='ocrx_word' id='word_1_125' title='bbox 1163 1297 1426 1355; x_wconf 86' lang='lat' dir='ltr'><strong>singularem</strong></span> <span class='ocrx_word' id='word_1_126' title='bbox 1454 1303 1567 1342; x_wconf 85' lang='lat' dir='ltr'><strong>tenet</strong></span> <span class='ocrx_word' id='word_1_127' title='bbox 1591 1299 1748 1342; x_wconf 88' lang='lat' dir='ltr'><strong>locum.</strong></span> <span class='ocrx_word' id='word_1_128' title='bbox 1780 1296 1902 1343; x_wconf 74' lang='lat' dir='ltr'><strong>Certe</strong></span> 
     </span>
     <span class='ocr_line' id='line_1_17' title="bbox 320 1369 1902 1426; baseline 0 -13"><span class='ocrx_word' id='word_1_129' title='bbox 320 1371 489 1414; x_wconf 90' lang='lat' dir='ltr'><strong>nullum</strong></span> <span class='ocrx_word' id='word_1_130' title='bbox 536 1371 637 1413; x_wconf 88' lang='lat' dir='ltr'><strong>novi</strong></span> <span class='ocrx_word' id='word_1_131' title='bbox 682 1370 793 1426; x_wconf 92' lang='lat' dir='ltr'><strong>quod</strong></span> <span class='ocrx_word' id='word_1_132' title='bbox 836 1370 952 1412; x_wconf 90' lang='lat' dir='ltr'><strong>nobis</strong></span> <span class='ocrx_word' id='word_1_133' title='bbox 992 1371 1054 1412; x_wconf 87' lang='lat' dir='ltr'><strong>ita</strong></span> <span class='ocrx_word' id='word_1_134' title='bbox 1094 1384 1240 1411; x_wconf 73' lang='lat' dir='ltr'><strong>meram</strong></span> <span class='ocrx_word' id='word_1_135' title='bbox 1281 1370 1476 1425; x_wconf 88' lang='lat' dir='ltr'><strong>praebeat</strong></span> <span class='ocrx_word' id='word_1_136' title='bbox 1517 1369 1766 1421; x_wconf 78' lang='lat' dir='ltr'><strong>doctrinam,</strong></span> <span class='ocrx_word' id='word_1_137' title='bbox 1807 1383 1902 1413; x_wconf 83' lang='lat' dir='ltr'><strong>eam</strong></span> 
     </span>
     <span class='ocr_line' id='line_1_18' title="bbox 321 1441 1902 1496; baseline -0.001 -12"><span class='ocrx_word' id='word_1_138' title='bbox 321 1442 555 1484; x_wconf 82' lang='lat' dir='ltr'><strong>doctrinam</strong></span> <span class='ocrx_word' id='word_1_139' title='bbox 588 1454 715 1496; x_wconf 89' lang='lat' dir='ltr'><strong>quam</strong></span> <span class='ocrx_word' id='word_1_140' title='bbox 748 1441 953 1482; x_wconf 70' lang='lat' dir='ltr'><strong>doetrinae</strong></span> <span class='ocrx_word' id='word_1_141' title='bbox 983 1455 1101 1482; x_wconf 75' lang='lat' dir='ltr'><strong>causa</strong></span> <span class='ocrx_word' id='word_1_142' title='bbox 1134 1442 1316 1483; x_wconf 85' lang='lat' dir='ltr'><strong>exerceri</strong></span> <span class='ocrx_word' id='word_1_143' title='bbox 1343 1442 1476 1492; x_wconf 89' lang='lat' dir='ltr'><strong>aiunt,</strong></span> <span class='ocrx_word' id='word_1_144' title='bbox 1504 1454 1632 1496; x_wconf 88' lang='lat' dir='ltr'><strong>quam</strong></span> <span class='ocrx_word' id='word_1_145' title='bbox 1659 1442 1902 1496; x_wconf 80' lang='lat' dir='ltr'><strong>ceteroquin</strong></span> 
     </span>
     <span class='ocr_line' id='line_1_19' title="bbox 320 1509 1900 1567; baseline -0.001 -13"><span class='ocrx_word' id='word_1_146' title='bbox 320 1511 576 1554; x_wconf 89' lang='lat' dir='ltr'><strong>Plutarchus</strong></span> <span class='ocrx_word' id='word_1_147' title='bbox 617 1512 794 1553; x_wconf 90' lang='lat' dir='ltr'><strong>minime</strong></span> <span class='ocrx_word' id='word_1_148' title='bbox 836 1510 941 1552; x_wconf 87' lang='lat' dir='ltr'><strong>solet</strong></span> <span class='ocrx_word' id='word_1_149' title='bbox 982 1511 1133 1553; x_wconf 86' lang='lat' dir='ltr'><strong>habere</strong></span> <span class='ocrx_word' id='word_1_150' title='bbox 1165 1512 1211 1552; x_wconf 93' lang='lat' dir='ltr'><strong>in</strong></span> <span class='ocrx_word' id='word_1_151' title='bbox 1243 1509 1419 1562; x_wconf 86' lang='lat' dir='ltr'><strong>deliciis,</strong></span> <span class='ocrx_word' id='word_1_152' title='bbox 1452 1524 1586 1567; x_wconf 86' lang='lat' dir='ltr'><strong>neque</strong></span> <span class='ocrx_word' id='word_1_153' title='bbox 1619 1509 1756 1553; x_wconf 88' lang='lat' dir='ltr'><strong>ullum</strong></span> <span class='ocrx_word' id='word_1_154' title='bbox 1788 1510 1900 1567; x_wconf 88' lang='lat' dir='ltr'><strong>quod</strong></span> 
     </span>
     <span class='ocr_line' id='line_1_20' title="bbox 320 1570 1898 1638; baseline 0 -14"><span class='ocrx_word' id='word_1_155' title='bbox 320 1588 409 1624; x_wconf 80' lang='lat' dir='ltr'><strong>tam</strong></span> <span class='ocrx_word' id='word_1_156' title='bbox 452 1586 594 1638; x_wconf 87' lang='lat' dir='ltr'><strong>aperte</strong></span> <span class='ocrx_word' id='word_1_157' title='bbox 636 1583 711 1623; x_wconf 89' lang='lat' dir='ltr'><strong>uni</strong></span> <span class='ocrx_word' id='word_1_158' title='bbox 754 1581 1048 1623; x_wconf 88' lang='lat' dir='ltr'><strong>tantummodo</strong></span> <span class='ocrx_word' id='word_1_159' title='bbox 1082 1583 1138 1623; x_wconf 86' lang='lat' dir='ltr'><strong>sit</strong></span> <span class='ocrx_word' id='word_1_160' title='bbox 1170 1581 1334 1623; x_wconf 91' lang='lat' dir='ltr'><strong>homini</strong></span> <span class='ocrx_word' id='word_1_161' title='bbox 1367 1570 1627 1624; x_wconf 84' lang='lat' dir='ltr'><strong>destinatum</strong></span> <span class='ocrx_word' id='word_1_162' title='bbox 1659 1583 1782 1638; x_wconf 87' lang='lat' dir='ltr'><strong>eique</strong></span> <span class='ocrx_word' id='word_1_163' title='bbox 1813 1595 1898 1624; x_wconf 90' lang='lat' dir='ltr'><strong>non</strong></span> 
     </span>
     <span class='ocr_line' id='line_1_21' title="bbox 319 1650 1901 1708; baseline -0.001 -13"><span class='ocrx_word' id='word_1_164' title='bbox 319 1655 463 1696; x_wconf 91' lang='lat' dir='ltr'><strong>minus</strong></span> <span class='ocrx_word' id='word_1_165' title='bbox 505 1652 626 1694; x_wconf 92' lang='lat' dir='ltr'><strong>docto</strong></span> <span class='ocrx_word' id='word_1_166' title='bbox 669 1666 795 1707; x_wconf 89' lang='lat' dir='ltr'><strong>quam</strong></span> <span class='ocrx_word' id='word_1_167' title='bbox 828 1653 919 1707; x_wconf 90' lang='lat' dir='ltr'><strong>ipse</strong></span> <span class='ocrx_word' id='word_1_168' title='bbox 951 1655 1015 1694; x_wconf 87' lang='lat' dir='ltr'><strong>est</strong></span> <span class='ocrx_word' id='word_1_169' title='bbox 1046 1653 1236 1707; x_wconf 86' lang='lat' dir='ltr'><strong>scriptor.</strong></span> <span class='ocrx_word' id='word_1_170' title='bbox 1269 1650 1339 1693; x_wconf 89' lang='lat' dir='ltr'><strong>An</strong></span> <span class='ocrx_word' id='word_1_171' title='bbox 1370 1652 1522 1693; x_wconf 77' lang='lat' dir='ltr'><strong>iuniori</strong></span> <span class='ocrx_word' id='word_1_172' title='bbox 1553 1652 1621 1694; x_wconf 90' lang='lat' dir='ltr'><strong>hic</strong></span> <span class='ocrx_word' id='word_1_173' title='bbox 1652 1653 1700 1694; x_wconf 88' lang='lat' dir='ltr'><strong>in</strong></span> <span class='ocrx_word' id='word_1_174' title='bbox 1732 1666 1776 1695; x_wconf 88' lang='lat' dir='ltr'><strong>re</strong></span> <span class='ocrx_word' id='word_1_175' title='bbox 1807 1651 1901 1708; x_wconf 91' lang='lat' dir='ltr'><strong>phi-</strong></span> 
     </span>
     <span class='ocr_line' id='line_1_22' title="bbox 317 1721 1901 1778; baseline -0.001 -13"><span class='ocrx_word' id='word_1_176' title='bbox 317 1722 532 1778; x_wconf 84' lang='lat' dir='ltr'><strong>losophica</strong></span> <span class='ocrx_word' id='word_1_177' title='bbox 558 1723 668 1764; x_wconf 90' lang='lat' dir='ltr'><strong>socio</strong></span> <span class='ocrx_word' id='word_1_178' title='bbox 693 1721 949 1764; x_wconf 87' lang='lat' dir='ltr'><strong>Plutarchus</strong></span> <span class='ocrx_word' id='word_1_179' title='bbox 976 1723 1188 1777; x_wconf 89' lang='lat' dir='ltr'><strong>specimen</strong></span> <span class='ocrx_word' id='word_1_180' title='bbox 1215 1721 1313 1764; x_wconf 87' lang='lat' dir='ltr'><strong>dare</strong></span> <span class='ocrx_word' id='word_1_181' title='bbox 1335 1721 1432 1764; x_wconf 88' lang='lat' dir='ltr'><strong>vult</strong></span> <span class='ocrx_word' id='word_1_182' title='bbox 1458 1721 1670 1777; x_wconf 92' lang='lat' dir='ltr'><strong>quomodo</strong></span> <span class='ocrx_word' id='word_1_183' title='bbox 1688 1721 1901 1778; x_wconf 77' lang='lat' dir='ltr'><strong>agendum</strong></span> 
     </span>
     <span class='ocr_line' id='line_1_23' title="bbox 318 1791 1901 1848; baseline -0.001 -13"><span class='ocrx_word' id='word_1_184' title='bbox 318 1792 386 1835; x_wconf 92' lang='lat' dir='ltr'><strong>illi</strong></span> <span class='ocrx_word' id='word_1_185' title='bbox 428 1794 482 1834; x_wconf 85' lang='lat' dir='ltr'><strong>sit</strong></span> <span class='ocrx_word' id='word_1_186' title='bbox 523 1793 597 1848; x_wconf 91' lang='lat' dir='ltr'><strong>qui</strong></span> <span class='ocrx_word' id='word_1_187' title='bbox 629 1791 842 1835; x_wconf 90' lang='lat' dir='ltr'><strong>difficilem</strong></span> <span class='ocrx_word' id='word_1_188' title='bbox 877 1791 1062 1847; x_wconf 89' lang='lat' dir='ltr'><strong>aliquam</strong></span> <span class='ocrx_word' id='word_1_189' title='bbox 1096 1794 1388 1848; x_wconf 89' lang='lat' dir='ltr'><strong>quaestionem</strong></span> <span class='ocrx_word' id='word_1_190' title='bbox 1421 1806 1549 1848; x_wconf 90' lang='lat' dir='ltr'><strong>quam</strong></span> <span class='ocrx_word' id='word_1_191' title='bbox 1583 1794 1901 1835; x_wconf 84' lang='lat' dir='ltr'><strong>accuratissime</strong></span> 
     </span>
     <span class='ocr_line' id='line_1_24' title="bbox 320 1861 662 1906; baseline -0.006 0"><span class='ocrx_word' id='word_1_192' title='bbox 320 1868 497 1906; x_wconf 89' lang='lat' dir='ltr'><strong>tractare</strong></span> <span class='ocrx_word' id='word_1_193' title='bbox 530 1861 662 1905; x_wconf 85' lang='lat' dir='ltr'><strong>velit?</strong></span> 
     </span>
    </p>

    <p class='ocr_par' dir='ltr' id='par_1_4' title="bbox 318 1931 1903 2764">
     <span class='ocr_line' id='line_1_25' title="bbox 379 1931 1903 1988; baseline -0.001 -12"><span class='ocrx_word' id='word_1_194' title='bbox 379 1934 639 1988; x_wconf 76' lang='lat' dir='ltr'><strong>Quocunque</strong></span> <span class='ocrx_word' id='word_1_195' title='bbox 683 1933 808 1975; x_wconf 92' lang='lat' dir='ltr'><strong>modo</strong></span> <span class='ocrx_word' id='word_1_196' title='bbox 852 1947 894 1975; x_wconf 90' lang='lat' dir='ltr'><strong>se</strong></span> <span class='ocrx_word' id='word_1_197' title='bbox 937 1947 1001 1976; x_wconf 88' lang='lat' dir='ltr'><strong>res</strong></span> <span class='ocrx_word' id='word_1_198' title='bbox 1042 1933 1182 1983; x_wconf 91' lang='lat' dir='ltr'><strong>habet,</strong></span> <span class='ocrx_word' id='word_1_199' title='bbox 1216 1934 1319 1988; x_wconf 91' lang='lat' dir='ltr'><strong>quin</strong></span> <span class='ocrx_word' id='word_1_200' title='bbox 1349 1931 1570 1975; x_wconf 88' lang='lat' dir='ltr'><strong>Plutarchi</strong></span> <span class='ocrx_word' id='word_1_201' title='bbox 1603 1931 1712 1975; x_wconf 91' lang='lat' dir='ltr'><strong>liber</strong></span> <span class='ocrx_word' id='word_1_202' title='bbox 1740 1931 1816 1975; x_wconf 90' lang='lat' dir='ltr'><strong>ille</strong></span> <span class='ocrx_word' id='word_1_203' title='bbox 1847 1933 1903 1975; x_wconf 84' lang='lat' dir='ltr'><strong>sit</strong></span> 
     </span>
     <span class='ocr_line' id='line_1_26' title="bbox 319 2002 1903 2061; baseline -0.001 -14"><span class='ocrx_word' id='word_1_204' title='bbox 319 2018 454 2061; x_wconf 88' lang='lat' dir='ltr'><strong>neque</strong></span> <span class='ocrx_word' id='word_1_205' title='bbox 493 2004 662 2046; x_wconf 88' lang='lat' dir='ltr'><strong>dubitat</strong></span> <span class='ocrx_word' id='word_1_206' title='bbox 702 2005 928 2059; x_wconf 89' lang='lat' dir='ltr'><strong>quisquam</strong></span> <span class='ocrx_word' id='word_1_207' title='bbox 968 2017 1104 2058; x_wconf 89' lang='lat' dir='ltr'><strong>neque</strong></span> <span class='ocrx_word' id='word_1_208' title='bbox 1135 2007 1276 2059; x_wconf 89' lang='lat' dir='ltr'><strong>potest</strong></span> <span class='ocrx_word' id='word_1_209' title='bbox 1308 2002 1517 2046; x_wconf 85' lang='lat' dir='ltr'><strong>dubitari:</strong></span> <span class='ocrx_word' id='word_1_210' title='bbox 1559 2006 1679 2046; x_wconf 90' lang='lat' dir='ltr'><strong>tanta</strong></span> <span class='ocrx_word' id='word_1_211' title='bbox 1709 2006 1774 2046; x_wconf 84' lang='lat' dir='ltr'><strong>est</strong></span> <span class='ocrx_word' id='word_1_212' title='bbox 1802 2016 1903 2046; x_wconf 87' lang='lat' dir='ltr'><strong>cura</strong></span> 
     </span>
     <span class='ocr_line' id='line_1_27' title="bbox 319 2073 1901 2131; baseline -0.001 -14"><span class='ocrx_word' id='word_1_213' title='bbox 319 2081 521 2131; x_wconf 85' lang='lat' dir='ltr'><strong>tantaque</strong></span> <span class='ocrx_word' id='word_1_214' title='bbox 548 2074 773 2130; x_wconf 79' lang='lat' dir='ltr'><strong>diligentia</strong></span> <span class='ocrx_word' id='word_1_215' title='bbox 798 2074 1034 2117; x_wconf 88' lang='lat' dir='ltr'><strong>elaboratus</strong></span> <span class='ocrx_word' id='word_1_216' title='bbox 1061 2098 1117 2106; x_wconf 90' lang='lat'>—</span> <span class='ocrx_word' id='word_1_217' title='bbox 1146 2075 1275 2116; x_wconf 90' lang='lat' dir='ltr'><strong>etiam</strong></span> <span class='ocrx_word' id='word_1_218' title='bbox 1302 2074 1446 2116; x_wconf 87' lang='lat' dir='ltr'><strong>hiatus</strong></span> <span class='ocrx_word' id='word_1_219' title='bbox 1473 2073 1618 2116; x_wconf 88' lang='lat' dir='ltr'><strong>sedulo</strong></span> <span class='ocrx_word' id='word_1_220' title='bbox 1634 2074 1901 2116; x_wconf 85' lang='lat' dir='ltr'><strong>vitantur—-</strong></span> 
     </span>
     <span class='ocr_line' id='line_1_28' title="bbox 320 2144 1902 2200; baseline -0.001 -12"><span class='ocrx_word' id='word_1_221' title='bbox 320 2150 369 2188; x_wconf 86' lang='lat' dir='ltr'><strong>ut</strong></span> <span class='ocrx_word' id='word_1_222' title='bbox 411 2146 618 2189; x_wconf 89' lang='lat' dir='ltr'><strong>affirmare</strong></span> <span class='ocrx_word' id='word_1_223' title='bbox 648 2144 774 2188; x_wconf 88' lang='lat' dir='ltr'><strong>liceat</strong></span> <span class='ocrx_word' id='word_1_224' title='bbox 810 2159 893 2187; x_wconf 92' lang='lat' dir='ltr'><strong>non</strong></span> <span class='ocrx_word' id='word_1_225' title='bbox 925 2146 1113 2200; x_wconf 85' lang='lat' dir='ltr'><strong>potuisse</strong></span> <span class='ocrx_word' id='word_1_226' title='bbox 1145 2158 1245 2186; x_wconf 86' lang='lat' dir='ltr'><strong>eum</strong></span> <span class='ocrx_word' id='word_1_227' title='bbox 1277 2144 1490 2197; x_wconf 69' lang='grc' dir='ltr'><strong>ἀκέφαλον</strong></span> <span class='ocrx_word' id='word_1_228' title='bbox 1522 2157 1660 2187; x_wconf 84' lang='lat' dir='ltr'><strong>errare</strong></span> <span class='ocrx_word' id='word_1_229' title='bbox 1690 2145 1803 2186; x_wconf 91' lang='lat' dir='ltr'><strong>inter</strong></span> <span class='ocrx_word' id='word_1_230' title='bbox 1832 2144 1902 2186; x_wconf 91' lang='lat' dir='ltr'><strong>ho-</strong></span> 
     </span>
     <span class='ocr_line' id='line_1_29' title="bbox 319 2213 1902 2271; baseline -0.003 -12"><span class='ocrx_word' id='word_1_231' title='bbox 319 2218 469 2267; x_wconf 83' lang='lat' dir='ltr'><strong>mines,</strong></span> <span class='ocrx_word' id='word_1_232' title='bbox 503 2217 615 2258; x_wconf 89' lang='lat' dir='ltr'><strong>hunc</strong></span> <span class='ocrx_word' id='word_1_233' title='bbox 647 2217 720 2271; x_wconf 90' lang='lat' dir='ltr'><strong>qui</strong></span> <span class='ocrx_word' id='word_1_234' title='bbox 753 2217 920 2271; x_wconf 87' lang='lat' dir='ltr'><strong>scripsit</strong></span> <span class='ocrx_word' id='word_1_235' title='bbox 953 2219 1122 2258; x_wconf 85' lang='lat' dir='ltr'><strong>strenue</strong></span> <span class='ocrx_word' id='word_1_236' title='bbox 1149 2214 1264 2257; x_wconf 87' lang='lat' dir='ltr'><strong>dedit</strong></span> <span class='ocrx_word' id='word_1_237' title='bbox 1291 2228 1462 2270; x_wconf 88' lang='lat' dir='ltr'><strong>operam</strong></span> <span class='ocrx_word' id='word_1_238' title='bbox 1490 2219 1539 2256; x_wconf 88' lang='lat' dir='ltr'><strong>ut</strong></span> <span class='ocrx_word' id='word_1_239' title='bbox 1564 2215 1645 2256; x_wconf 90' lang='lat' dir='ltr'><strong>sibi</strong></span> <span class='ocrx_word' id='word_1_240' title='bbox 1669 2213 1902 2257; x_wconf 87' lang='lat' dir='ltr'><strong>vindicaret</strong></span> 
     </span>
     <span class='ocr_line' id='line_1_30' title="bbox 320 2282 1902 2343; baseline -0.003 -14"><span class='ocrx_word' id='word_1_241' title='bbox 320 2300 425 2343; x_wconf 92' lang='lat' dir='ltr'><strong>opus</strong></span> <span class='ocrx_word' id='word_1_242' title='bbox 466 2286 575 2328; x_wconf 91' lang='lat' dir='ltr'><strong>unde</strong></span> <span class='ocrx_word' id='word_1_243' title='bbox 618 2290 783 2328; x_wconf 87' lang='lat' dir='ltr'><strong>tantum</strong></span> <span class='ocrx_word' id='word_1_244' title='bbox 828 2285 966 2328; x_wconf 88' lang='lat' dir='ltr'><strong>laudis</strong></span> <span class='ocrx_word' id='word_1_245' title='bbox 1009 2289 1150 2341; x_wconf 89' lang='lat' dir='ltr'><strong>posset</strong></span> <span class='ocrx_word' id='word_1_246' title='bbox 1191 2286 1351 2340; x_wconf 84' lang='lat' dir='ltr'><strong>sperari</strong></span> <span class='ocrx_word' id='word_1_247' title='bbox 1390 2283 1648 2340; x_wconf 86' lang='lat' dir='ltr'><strong>gloriaeque.</strong></span> <span class='ocrx_word' id='word_1_248' title='bbox 1680 2282 1902 2326; x_wconf 83' lang='lat' dir='ltr'><strong>Eiusmodi</strong></span> 
     </span>
     <span class='ocr_line' id='line_1_31' title="bbox 318 2353 1902 2412; baseline -0.002 -13"><span class='ocrx_word' id='word_1_249' title='bbox 318 2357 426 2400; x_wconf 89' lang='lat' dir='ltr'><strong>liber</strong></span> <span class='ocrx_word' id='word_1_250' title='bbox 450 2358 523 2412; x_wconf 89' lang='lat' dir='ltr'><strong>qui</strong></span> <span class='ocrx_word' id='word_1_251' title='bbox 550 2360 696 2399; x_wconf 88' lang='lat' dir='ltr'><strong>auctor</strong></span> <span class='ocrx_word' id='word_1_252' title='bbox 712 2357 859 2411; x_wconf 78' lang='lat' dir='ltr'><strong>fertur</strong></span> <span class='ocrx_word' id='word_1_253' title='bbox 884 2359 1031 2398; x_wconf 88' lang='lat' dir='ltr'><strong>auctor</strong></span> <span class='ocrx_word' id='word_1_254' title='bbox 1056 2360 1126 2397; x_wconf 74' lang='lat' dir='ltr'><strong>est.</strong></span> <span class='ocrx_word' id='word_1_255' title='bbox 1159 2353 1333 2397; x_wconf 88' lang='lat' dir='ltr'><strong>Accedit</strong></span> <span class='ocrx_word' id='word_1_256' title='bbox 1347 2353 1554 2396; x_wconf 87' lang='lat' dir='ltr'><strong>indicium</strong></span> <span class='ocrx_word' id='word_1_257' title='bbox 1573 2367 1706 2396; x_wconf 89' lang='lat' dir='ltr'><strong>unum</strong></span> <span class='ocrx_word' id='word_1_258' title='bbox 1724 2354 1902 2396; x_wconf 90' lang='lat' dir='ltr'><strong>minime</strong></span> 
     </span>
     <span class='ocr_line' id='line_1_32' title="bbox 320 2423 1900 2483; baseline -0.003 -14"><span class='ocrx_word' id='word_1_259' title='bbox 320 2427 628 2483; x_wconf 85' lang='lat' dir='ltr'><strong>spernendum:</strong></span> <span class='ocrx_word' id='word_1_260' title='bbox 670 2427 739 2468; x_wconf 90' lang='lat' dir='ltr'><strong>hic</strong></span> <span class='ocrx_word' id='word_1_261' title='bbox 781 2440 948 2482; x_wconf 90' lang='lat' dir='ltr'><strong>quoque</strong></span> <span class='ocrx_word' id='word_1_262' title='bbox 991 2426 1196 2468; x_wconf 86' lang='lat' dir='ltr'><strong>habemus</strong></span> <span class='ocrx_word' id='word_1_263' title='bbox 1240 2423 1464 2467; x_wconf 90' lang='lat' dir='ltr'><strong>flosculum</strong></span> <span class='ocrx_word' id='word_1_264' title='bbox 1505 2423 1633 2466; x_wconf 91' lang='lat' dir='ltr'><strong>illum</strong></span> <span class='ocrx_word' id='word_1_265' title='bbox 1677 2437 1760 2479; x_wconf 92' lang='lat' dir='ltr'><strong>quo</strong></span> <span class='ocrx_word' id='word_1_266' title='bbox 1799 2423 1900 2466; x_wconf 88' lang='lat' dir='ltr'><strong>adeo</strong></span> 
     </span>
     <span class='ocr_line' id='line_1_33' title="bbox 319 2494 1901 2551; baseline -0.003 -11"><span class='ocrx_word' id='word_1_267' title='bbox 319 2498 518 2540; x_wconf 87' lang='lat' dir='ltr'><strong>delectari</strong></span> <span class='ocrx_word' id='word_1_268' title='bbox 559 2497 664 2539; x_wconf 88' lang='lat' dir='ltr'><strong>solet</strong></span> <span class='ocrx_word' id='word_1_269' title='bbox 705 2496 960 2539; x_wconf 89' lang='lat' dir='ltr'><strong>Plutarchus</strong></span> <span class='ocrx_word' id='word_1_270' title='bbox 1003 2496 1054 2538; x_wconf 91' lang='lat' dir='ltr'><strong>de</strong></span> <span class='ocrx_word' id='word_1_271' title='bbox 1095 2510 1203 2551; x_wconf 89' lang='lat' dir='ltr'><strong>aqua</strong></span> <span class='ocrx_word' id='word_1_272' title='bbox 1244 2509 1267 2537; x_wconf 87' lang='lat' dir='ltr'><strong>e</strong></span> <span class='ocrx_word' id='word_1_273' title='bbox 1308 2498 1437 2551; x_wconf 90' lang='lat' dir='ltr'><strong>puteo</strong></span> <span class='ocrx_word' id='word_1_274' title='bbox 1479 2494 1629 2537; x_wconf 91' lang='lat' dir='ltr'><strong>hausta</strong></span> <span class='ocrx_word' id='word_1_275' title='bbox 1657 2495 1901 2550; x_wconf 86' lang='lat' dir='ltr'><strong>iterumque</strong></span> 
     </span>
     <span class='ocr_line' id='line_1_34' title="bbox 320 2564 1900 2622; baseline -0.003 -12"><span class='ocrx_word' id='word_1_276' title='bbox 320 2569 503 2611; x_wconf 88' lang='lat' dir='ltr'><strong>demissa</strong></span> <span class='ocrx_word' id='word_1_277' title='bbox 534 2567 604 2609; x_wconf 91' lang='lat' dir='ltr'><strong>sed</strong></span> <span class='ocrx_word' id='word_1_278' title='bbox 635 2569 696 2609; x_wconf 88' lang='lat' dir='ltr'><strong>ita</strong></span> <span class='ocrx_word' id='word_1_279' title='bbox 727 2572 776 2609; x_wconf 89' lang='lat' dir='ltr'><strong>ut</strong></span> <span class='ocrx_word' id='word_1_280' title='bbox 806 2581 913 2609; x_wconf 88' lang='lat' dir='ltr'><strong>urna</strong></span> <span class='ocrx_word' id='word_1_281' title='bbox 945 2580 1028 2622; x_wconf 89' lang='lat' dir='ltr'><strong>qua</strong></span> <span class='ocrx_word' id='word_1_282' title='bbox 1060 2566 1210 2608; x_wconf 89' lang='lat' dir='ltr'><strong>hausta</strong></span> <span class='ocrx_word' id='word_1_283' title='bbox 1235 2570 1301 2608; x_wconf 89' lang='lat' dir='ltr'><strong>est</strong></span> <span class='ocrx_word' id='word_1_284' title='bbox 1328 2564 1593 2621; x_wconf 86' lang='lat' dir='ltr'><strong>superficiem</strong></span> <span class='ocrx_word' id='word_1_285' title='bbox 1619 2577 1765 2619; x_wconf 84' lang='lat' dir='ltr'><strong>aquae,</strong></span> <span class='ocrx_word' id='word_1_286' title='bbox 1794 2578 1900 2620; x_wconf 90' lang='lat' dir='ltr'><strong>quae</strong></span> 
     </span>
     <span class='ocr_line' id='line_1_35' title="bbox 321 2634 1902 2694; baseline -0.003 -13"><span class='ocrx_word' id='word_1_287' title='bbox 321 2643 384 2681; x_wconf 86' lang='lat' dir='ltr'><strong>est</strong></span> <span class='ocrx_word' id='word_1_288' title='bbox 413 2640 458 2680; x_wconf 90' lang='lat' dir='ltr'><strong>in</strong></span> <span class='ocrx_word' id='word_1_289' title='bbox 485 2642 626 2694; x_wconf 91' lang='lat' dir='ltr'><strong>puteo,</strong></span> <span class='ocrx_word' id='word_1_290' title='bbox 654 2652 738 2680; x_wconf 90' lang='lat' dir='ltr'><strong>non</strong></span> <span class='ocrx_word' id='word_1_291' title='bbox 769 2642 938 2694; x_wconf 87' lang='lat' dir='ltr'><strong>tangat:</strong></span> <span class='ocrx_word' id='word_1_292' title='bbox 972 2638 1168 2679; x_wconf 85' lang='lat' dir='ltr'><strong>haustam</strong></span> <span class='ocrx_word' id='word_1_293' title='bbox 1197 2641 1291 2679; x_wconf 89' lang='lat' dir='ltr'><strong>tum</strong></span> <span class='ocrx_word' id='word_1_294' title='bbox 1321 2649 1474 2691; x_wconf 90' lang='lat' dir='ltr'><strong>aquam</strong></span> <span class='ocrx_word' id='word_1_295' title='bbox 1499 2634 1763 2691; x_wconf 81' lang='lat' dir='ltr'><strong>frigidiorem</strong></span> <span class='ocrx_word' id='word_1_296' title='bbox 1793 2647 1902 2689; x_wconf 85' lang='lat' dir='ltr'><strong>aqua</strong></span> 
     </span>
     <span class='ocr_line' id='line_1_36' title="bbox 319 2708 722 2764; baseline -0.002 -13"><span class='ocrx_word' id='word_1_297' title='bbox 319 2710 438 2764; x_wconf 85' lang='lat' dir='ltr'><strong>putei</strong></span> <span class='ocrx_word' id='word_1_298' title='bbox 468 2723 558 2751; x_wconf 88' lang='lat' dir='ltr'><strong>esse</strong></span> <span class='ocrx_word' id='word_1_299' title='bbox 590 2708 722 2751; x_wconf 88' lang='lat' dir='ltr'><strong>docet.</strong></span> 
     </span>
    </p>

    <p class='ocr_par' dir='ltr' id='par_1_5' title="bbox 381 2773 1902 2833">
     <span class='ocr_line' id='line_1_37' title="bbox 381 2773 1902 2833; baseline -0.003 -12"><span class='ocrx_word' id='word_1_300' title='bbox 381 2778 462 2822; x_wconf 79' lang='lat' dir='ltr'><strong>Sed</strong></span> <span class='ocrx_word' id='word_1_301' title='bbox 505 2778 586 2821; x_wconf 88' lang='lat' dir='ltr'><strong>alia</strong></span> <span class='ocrx_word' id='word_1_302' title='bbox 626 2782 690 2821; x_wconf 87' lang='lat' dir='ltr'><strong>est</strong></span> <span class='ocrx_word' id='word_1_303' title='bbox 730 2777 849 2820; x_wconf 91' lang='lat' dir='ltr'><strong>illius</strong></span> <span class='ocrx_word' id='word_1_304' title='bbox 879 2777 978 2820; x_wconf 91' lang='lat' dir='ltr'><strong>libri</strong></span> <span class='ocrx_word' id='word_1_305' title='bbox 1011 2782 1053 2820; x_wconf 89' lang='lat' dir='ltr'><strong>et</strong></span> <span class='ocrx_word' id='word_1_306' title='bbox 1083 2779 1217 2820; x_wconf 87' lang='lat' dir='ltr'><strong>nostri</strong></span> <span class='ocrx_word' id='word_1_307' title='bbox 1247 2777 1478 2833; x_wconf 83' lang='lat' dir='ltr'><strong>fragmenti</strong></span> <span class='ocrx_word' id='word_1_308' title='bbox 1510 2788 1648 2818; x_wconf 84' lang='lat' dir='ltr'><strong>causa.</strong></span> <span class='ocrx_word' id='word_1_309' title='bbox 1680 2773 1820 2817; x_wconf 86' lang='lat' dir='ltr'><strong>Litem</strong></span> <span class='ocrx_word' id='word_1_310' title='bbox 1852 2775 1902 2816; x_wconf 77' lang='lat' dir='ltr'><strong>de</strong></span> 
     </span>
    </p>
   </div>
   <div class='ocr_carea' id='block_1_3' title="bbox 325 2880 583 2884">
    <p class='ocr_par' dir='ltr' id='par_1_6' title="bbox 325 2880 583 2884">
     <span class='ocr_line' id='line_1_38' title="bbox 325 2880 583 2884; baseline 0 0"><span class='ocrx_word' id='word_1_311' title='bbox 325 2880 583 2884; x_wconf 95' lang='lat' dir='ltr'><strong> </strong></span> 
     </span>
    </p>
   </div>
   <div class='ocr_carea' id='block_1_4' title="bbox 366 2929 1471 2975">
    <p class='ocr_par' dir='ltr' id='par_1_7' title="bbox 366 2929 1471 2975">
     <span class='ocr_line' id='line_1_39' title="bbox 366 2929 1471 2975; baseline -0.004 -10"><span class='ocrx_word' id='word_1_312' title='bbox 366 2935 401 2975; x_wconf 87' lang='lat'><strong>1)</strong></span> <span class='ocrx_word' id='word_1_313' title='bbox 425 2933 627 2966; x_wconf 79' lang='lat' dir='ltr'><strong>Germanice:</strong></span> <span class='ocrx_word' id='word_1_314' title='bbox 655 2944 734 2965; x_wconf 63' lang='lat' dir='ltr'><strong>avon</strong></span> <span class='ocrx_word' id='word_1_315' title='bbox 758 2934 813 2965; x_wconf 89' lang='lat' dir='ltr'><strong>der</strong></span> <span class='ocrx_word' id='word_1_316' title='bbox 836 2933 956 2975; x_wconf 83' lang='lat' dir='ltr'><strong>Scepsis</strong></span> <span class='ocrx_word' id='word_1_317' title='bbox 979 2943 1048 2964; x_wconf 86' lang='lat' dir='ltr'><strong>zum</strong></span> <span class='ocrx_word' id='word_1_318' title='bbox 1074 2929 1471 2973; x_wconf 61' lang='lat' dir='ltr'><strong>Offenbarungsglaubeffl.</strong></span> 
     </span>
    </p>
   </div>
  </div>
 </body>
</html>
