2002 3372
814 208 816 211 ”
869 212 953 257 157

112 336 251 380 Verba
291 335 394 380 haec
428 329 537 379 sunt
578 335 899 387 adolescentuli,
942 340 1070 393 atque
1108 336 1209 380 adeo
1241 350 1372 393 paene
1403 338 1526 393 pueri
1558 337 1710 389 Persii,

107 410 223 452 inter
258 421 413 451 manus
442 408 595 450 matris
627 411 670 450 et
701 412 955 451 materterae
990 408 1172 460 educati,
1206 410 1281 464 qui
1313 409 1359 450 in
1390 409 1544 451 umbra
1575 410 1711 451 vitam

110 479 270 538 degens
311 493 530 536 nunquam
575 479 836 535 cogitaverit
878 484 1089 535 quantum
1133 484 1176 522 et
1208 480 1339 522 ceteri
1371 493 1518 522 omnes
1550 484 1592 522 et
1623 481 1713 536 ipse

110 564 213 594 cum
254 551 466 609 mag-istro
508 563 586 593 suo
627 554 670 593 et
713 553 805 593 tota
837 549 1079 594 Stoicorum
1115 550 1240 594 domo
1273 550 1458 594 fortibus
1488 549 1576 594 illis
1609 553 1715 594 viris

113 621 293 666 debeant
333 623 409 679 qui
449 623 496 664 in
537 620 680 665 limite
725 622 898 678 imperii
941 621 1126 665 Romani
1168 623 1370 664 continua
1410 627 1562 679 gerant
1602 622 1715 666 bella

115 706 217 738 cum
263 692 593 736 imminentibus
640 692 852 743 barbaris,
901 694 1060 749 quique
1109 707 1234 736 omne
1282 693 1530 736 morborum
1577 708 1716 751 genus

115 765 405 808 contraxerint
429 763 535 807 dum
561 765 758 821 ingentes
785 763 968 807 tolerant
994 764 1159 807 labores
1185 778 1261 820 pro
1278 763 1453 807 illorum
1471 767 1713 818 securitate,

113 837 191 893 qui
219 837 348 879 otiosi
373 834 491 878 domi
517 835 700 878 residere
724 834 881 878 malint
908 834 976 878 vel
1004 840 1175 892 propter
1202 837 1387 892 corporis
1412 836 1712 880 infirmitatem

113 905 305 950 debeant.
337 905 420 950 Sed
451 920 564 949 nunc
597 921 679 950 non
713 905 876 949 Stoicos
909 911 1051 950 orator
1083 910 1225 949 noster
1255 908 1500 964 impugnat,
1534 908 1712 964 posthac

111 979 214 1022 satis
261 979 415 1021 acriter
461 992 562 1021 cum
607 979 662 1020 iis
710 977 1019 1035 digladiabitur
1067 992 1119 1021 ne
1161 979 1253 1034 ipse
1285 992 1475 1035 unquam
1510 981 1711 1036 cuiquam

111 1048 282 1094 Stoicus
313 1063 404 1093 esse
433 1048 507 1094 vel
538 1049 669 1093 fuisse
696 1049 916 1102 videatur,
950 1064 1050 1092 cum
1078 1048 1161 1092 alio
1188 1064 1343 1106 genere
1373 1051 1712 1094 umbraticorum

111 1125 156 1165 et
187 1120 542 1165 scholasticorum
574 1122 614 1164 ei
645 1135 712 1164 res
744 1128 822 1172 est,
854 1136 938 1164 non
969 1123 1114 1163 minus
1139 1122 1385 1177 ineptorum
1415 1122 1718 1165 absurdorum-

115 1207 212 1250 que,
244 1193 401 1250 quibus
431 1207 484 1236 ne
515 1192 821 1236 adnumeretur
851 1191 1092 1249 periculum
1126 1206 1216 1235 esse
1249 1187 1378 1235 modo
1411 1194 1469 1235 sit
1500 1199 1716 1250 expertus,

116 1265 406 1323 sophistarum
449 1266 517 1308 aio
559 1265 879 1321 rhetorumque.
922 1264 1059 1317 Quam
1104 1264 1484 1307 vehementissime
1525 1279 1627 1322 ergo
1669 1267 1714 1307 in

117 1350 190 1381 eos
227 1336 464 1388 invehitur,
506 1339 636 1393 atque
676 1338 809 1379 etiam
849 1337 1138 1392 iniquissime,
1180 1337 1240 1378 sic
1273 1335 1370 1379 vult
1401 1351 1538 1393 genus
1570 1339 1715 1394 ipsum

116 1409 323 1453 orationis
345 1424 395 1451 ec·
424 1408 516 1463 ipsa
546 1408 632 1450 vita
664 1413 862 1465 sumptae
894 1422 1098 1464 verosque
1131 1409 1266 1450 animi
1297 1409 1498 1464 spirantis
1526 1408 1715 1457 affectus.

116 1478 229 1525 Oum
269 1479 486 1523 militibus
527 1484 744 1537 comparat
775 1481 1001 1536 scriptores
1032 1483 1277 1535 poetasque,
1308 1478 1405 1523 illos
1440 1479 1608 1523 extollit
1639 1481 1716 1523 hos

115 1551 334 1609 deprimit,
376 1550 474 1594 illos
516 1550 729 1608 praeclare
771 1551 822 1594 de
853 1553 991 1608 patria
1023 1552 1215 1602 meritos,
1248 1551 1403 1594 horum
1434 1551 1606 1595 nullum
1639 1566 1716 1594 un-

113 1636 244 1680 quam
286 1636 312 1666 a
351 1623 520 1666 civibus
561 1627 812 1680 perceptum
854 1624 1044 1666 fructum
1078 1623 1357 1667 demonstrat.
1392 1624 1608 1677 Potuitne,
1644 1625 1716 1667 ob-

112 1708 246 1746 secro,
285 1709 366 1737 non
407 1693 499 1738 fieri
530 1696 706 1751 iniquus
739 1696 814 1751 qui
847 1699 991 1738 mente
1024 1696 1251 1752 animoque
1287 1700 1427 1738 totum
1460 1710 1503 1739 se
1535 1695 1613 1738 tali
1644 1696 1713 1738 de-

113 1766 245 1810 disset
276 1770 549 1824 argumento,
575 1766 689 1823 quod
716 1767 768 1810 ad
796 1781 920 1810 suam
947 1767 1124 1820 famam,
1151 1767 1204 1810 ad
1232 1781 1356 1810 suam
1381 1769 1495 1810 inter
1521 1768 1718 1811 homines

111 1837 399 1882 conditionem
430 1839 642 1895 pertinere
673 1840 845 1895 penitus
877 1837 1083 1882 sentiret?
1117 1838 1224 1882 Nolo
1260 1841 1375 1881 enim
1407 1854 1457 1882 eo
1488 1839 1718 1896 confugere

111 1913 163 1952 ut
189 1908 330 1952 dicam
345 1914 507 1965 partem
533 1911 834 1954 tantummodo
863 1911 1066 1954 orationis
1089 1924 1327 1967 superesse:
1354 1912 1554 1968 quamvis
1572 1911 1714 1954 multa

116 1981 372 2034 interierint,
414 1980 533 2024 nulla
575 1986 639 2024 est
675 1996 801 2025 causa
832 1996 908 2026 cur
939 1982 1163 2025 credamus
1198 1982 1481 2026 Plutarchum
1515 1982 1720 2026 adversus

116 2053 356 2110 scriptores,
397 2052 448 2096 de
489 2053 646 2110 quibus
686 2055 732 2096 in
773 2058 893 2111 parte
935 2055 1164 2111 superstite
1197 2053 1338 2097 altum
1371 2069 1460 2098 esse
1493 2054 1717 2098 silentium

115 2122 471 2182 Wyttenbachius
502 2126 710 2181 queritur,
742 2126 968 2168 iustiorem
1000 2126 1132 2168 fuisse
1164 2127 1494 2183 aequioremque
1526 2129 1725 2170 coniicia-

116 2209 228 2238 mus.
272 2194 413 2239 Immo
454 2209 556 2239 vero
598 2195 788 2239 clausam
831 2197 963 2240 fuisse
1009 2197 1326 2240 oratiunculam
1371 2223 1428 2230 -—
1471 2212 1571 2241 nam
1616 2201 1719 2255 quin

118 2279 220 2310 cum
259 2266 368 2309 brevi
407 2268 597 2310 orations
637 2268 759 2311 nobis
799 2282 866 2311 res
910 2270 967 2311 sit
1008 2283 1091 2312 non
1131 2269 1281 2312 dubito
1315 2295 1371 2302 —-
1404 2269 1546 2327 lepida
1578 2270 1721 2327 aliqua

117 2336 311 2382 clausula
347 2352 432 2396 qua
471 2353 569 2390 non,
612 2344 662 2381 ut
704 2339 844 2383 solent
888 2341 1119 2397 sophistae,
1153 2355 1198 2384 se
1232 2356 1446 2398 suumque
1477 2357 1616 2399 genus
1649 2357 1722 2386 au—

117 2408 335 2454 dientibus
377 2409 743 2453 commendaverit
787 2410 1060 2463 Plutarchus,
1105 2412 1177 2455 sed
1221 2412 1484 2456 adversarios
1517 2428 1628 2466 suos,
1666 2418 1725 2456 to-

46 2482 51 2489 ‘
119 2485 301 2539 tumque
332 2479 462 2524 illum
493 2495 676 2539 gregem
709 2485 900 2536 κηφήνων
937 2484 1239 2535 σοφιστιώντων
1271 2484 1509 2542 profligarit
1537 2485 1725 2528 concide-

117 2554 260 2610 ritque
291 2566 453 2597 censeo.
495 2552 610 2596 Nam
641 2554 830 2597 facetum
861 2555 932 2598 hic
962 2556 1240 2612 iocosumque
1270 2557 1476 2612 prodiisse
1509 2561 1722 2600 oratorem

117 2628 161 2668 et
189 2623 266 2668 alii
299 2623 431 2668 mult-i
461 2624 544 2668 loci
577 2625 728 2669 docent
760 2630 803 2669 et
835 2627 937 2670 haec
971 2628 1102 2671 verba
1134 2627 1322 2670 clamant
1350 2629 1506 2685 quibus
1537 2629 1724 2672 ostendit

119 2696 455 2740 Atheniensibus
487 2711 587 2740 suas
618 2702 729 2740 artes
761 2696 992 2756 literasque
1019 2698 1156 2756 pluris
1183 2701 1424 2743 constitisse
1451 2714 1580 2757 quam
1610 2700 1724 2744 bella

117 2781 195 2824 pro
226 2767 426 2812 libertate
458 2772 678 2826 suscepta:

178 2839 230 2882 ἂν
261 2830 358 2891 ’γὰρ
401 2839 619 2893 ἐκλογισθῇ
662 2845 740 2883 τῶν
777 2841 999 2894 δραμάτων
1032 2839 1205 2884 ἕκαστον
1237 2841 1329 2884 ὅσου
1364 2843 1562 2895 κατέστη,
1597 2845 1721 2886 πλέον

117 2913 334 2959 ἀνηλωκὼς
375 2916 574 2963 :pausum
619 2913 637 2955 ὃ
679 2912 806 2962 δῆμος
843 2914 901 2961 εἷς
939 2914 1117 2966 Βάκχαις
1150 2915 1217 2956 καὶ
1255 2915 1471 2963 Φοινίσσας
1504 2916 1573 2957 καὶ
1611 2916 1723 2959 Οἰδί-

121 2982 253 3030 ποδας
297 2983 366 3025 καὶ
411 2986 650 3034 Ἀντιγόνην
692 2985 759 3027 καὶ
806 2986 862 3027 τὰ
908 2985 1099 3033 Μηδείας
1144 2986 1258 3028 κακοὶ
1291 2987 1358 3028 καὶ
1394 2987 1638 3039 Ἠλέκτρας,
1673 2985 1724 3030 ὧν
