<?xml version="1.0" encoding="UTF-8"?>
<!DOCTYPE html PUBLIC "-//W3C//DTD XHTML 1.0 Transitional//EN"
    "http://www.w3.org/TR/xhtml1/DTD/xhtml1-transitional.dtd">
<html xmlns="http://www.w3.org/1999/xhtml" xml:lang="en" lang="en">
 <head>
  <title>
</title>
<meta http-equiv="Content-Type" content="text/html;charset=utf-8" />
  <meta name='ocr-system' content='tesseract 3.04.00' />
  <meta name='ocr-capabilities' content='ocr_page ocr_carea ocr_par ocr_line ocrx_word'/>
</head>
<body>
  <div class='ocr_page' id='page_1' title='image "./deplutarchoscrip00hartuoft_0542.png"; bbox 0 0 2002 3372; ppageno 0'>
   <div class='ocr_carea' id='block_1_1' title="bbox 1104 284 1191 328">
    <p class='ocr_par' dir='ltr' id='par_1_1' title="bbox 1104 284 1191 328">
     <span class='ocr_line' id='line_1_1' title="bbox 1104 284 1191 328; baseline 0 0"><span class='ocrx_word' id='word_1_1' title='bbox 1104 284 1191 328; x_wconf 83' lang='lat'><strong>526</strong></span> 
     </span>
    </p>
   </div>
   <div class='ocr_carea' id='block_1_2' title="bbox 361 406 1939 663">
    <p class='ocr_par' dir='ltr' id='par_1_2' title="bbox 361 406 1937 532">
     <span class='ocr_line' id='line_1_2' title="bbox 423 406 1937 466; baseline -0.001 -13"><span class='ocrx_word' id='word_1_2' title='bbox 423 407 554 453; x_wconf 80' lang='lat' dir='ltr'><strong>798F</strong></span> <span class='ocrx_word' id='word_1_3' title='bbox 601 407 649 452; x_wconf 63' lang='grc' dir='ltr'><strong>Ο.</strong></span> <span class='ocrx_word' id='word_1_4' title='bbox 683 407 898 452; x_wconf 80' lang='lat' dir='ltr'><strong>Gracchus</strong></span> <span class='ocrx_word' id='word_1_5' title='bbox 930 421 973 449; x_wconf 86' lang='lat' dir='ltr'><strong>se</strong></span> <span class='ocrx_word' id='word_1_6' title='bbox 1003 408 1056 449; x_wconf 88' lang='lat' dir='ltr'><strong>in·</strong></span> <span class='ocrx_word' id='word_1_7' title='bbox 1079 407 1387 464; x_wconf 82' lang='lat' dir='ltr'>rempublicam</span> <span class='ocrx_word' id='word_1_8' title='bbox 1417 408 1578 460; x_wconf 84' lang='lat' dir='ltr'><strong>iniecit,</strong></span> <span class='ocrx_word' id='word_1_9' title='bbox 1609 406 1683 451; x_wconf 86' lang='lat' dir='ltr'><strong>sed</strong></span> <span class='ocrx_word' id='word_1_10' title='bbox 1713 407 1796 451; x_wconf 73' lang='lat' dir='ltr'><strong>otii&#39;</strong></span> <span class='ocrx_word' id='word_1_11' title='bbox 1819 409 1937 466; x_wconf 75' lang='lat' dir='ltr'><strong>‘eupi-</strong></span> 
     </span>
     <span class='ocr_line' id='line_1_3' title="bbox 361 477 1875 532; baseline -0.002 -9"><span class='ocrx_word' id='word_1_12' title='bbox 361 479 440 523; x_wconf 85' lang='lat' dir='ltr'><strong>dus</strong></span> <span class='ocrx_word' id='word_1_13' title='bbox 469 481 549 532; x_wconf 81' lang='grc' dir='ltr'><strong><em>οὐχ</em></strong></span> <span class='ocrx_word' id='word_1_14' title='bbox 578 477 666 532; x_wconf 83' lang='grc' dir='ltr'><strong><em>εὗρε</em></strong></span> <span class='ocrx_word' id='word_1_15' title='bbox 697 478 947 521; x_wconf 71' lang='grc' dir='ltr'><strong>καταθέσθαι</strong></span> <span class='ocrx_word' id='word_1_16' title='bbox 979 478 1052 527; x_wconf 65' lang='grc' dir='ltr'><strong><em>τὴν</em></strong></span> <span class='ocrx_word' id='word_1_17' title='bbox 1082 478 1252 529; x_wconf 79' lang='grc' dir='ltr'><strong><em>δύναμιν</em></strong></span> <span class='ocrx_word' id='word_1_18' title='bbox 1285 480 1410 521; x_wconf 79' lang='grc' dir='ltr'><strong><em>αὐτοῦ</em></strong></span> <span class='ocrx_word' id='word_1_19' title='bbox 1442 478 1509 520; x_wconf 73' lang='grc' dir='ltr'><strong>διὰ</strong></span> <span class='ocrx_word' id='word_1_20' title='bbox 1542 478 1729 529; x_wconf 71' lang='grc' dir='ltr'><strong><em>μέγεθος.</em></strong></span> <span class='ocrx_word' id='word_1_21' title='bbox 1843 500 1875 520; x_wconf 45' lang='grc'><strong>’.</strong></span> 
     </span>
    </p>

    <p class='ocr_par' dir='ltr' id='par_1_3' title="bbox 361 547 1939 663">
     <span class='ocr_line' id='line_1_4' title="bbox 419 547 1939 606; baseline 0.001 -14"><span class='ocrx_word' id='word_1_22' title='bbox 419 549 469 592; x_wconf 88' lang='lat' dir='ltr'><strong>In</strong></span> <span class='ocrx_word' id='word_1_23' title='bbox 510 553 598 593; x_wconf 87' lang='lat' dir='ltr'><strong>tota</strong></span> <span class='ocrx_word' id='word_1_24' title='bbox 639 550 715 592; x_wconf 91' lang='lat' dir='ltr'><strong>hac</strong></span> <span class='ocrx_word' id='word_1_25' title='bbox 748 550 956 591; x_wconf 88' lang='lat' dir='ltr'><strong>sententia</strong></span> <span class='ocrx_word' id='word_1_26' title='bbox 987 547 1137 592; x_wconf 81' lang='lat' dir='ltr'>haereo</span> <span class='ocrx_word' id='word_1_27' title='bbox 1169 549 1241 592; x_wconf 87' lang='lat' dir='ltr'><strong>sed</strong></span> <span class='ocrx_word' id='word_1_28' title='bbox 1273 550 1520 606; x_wconf 75' lang='lat' dir='ltr'><strong>praesertim</strong></span> <span class='ocrx_word' id='word_1_29' title='bbox 1541 550 1597 592; x_wconf 80' lang='lat' dir='ltr'><strong>in</strong></span> <span class='ocrx_word' id='word_1_30' title='bbox 1629 549 1827 593; x_wconf 70' lang='lat' dir='ltr'><strong>adverbio</strong></span> <span class='ocrx_word' id='word_1_31' title='bbox 1856 548 1939 593; x_wconf 84' lang='lat' dir='ltr'><strong>loci</strong></span> 
     </span>
     <span class='ocr_line' id='line_1_5' title="bbox 361 621 500 663; baseline 0 0"><span class='ocrx_word' id='word_1_32' title='bbox 361 621 500 663; x_wconf 80' lang='grc' dir='ltr'><strong><em>αὐτοῦ.</em></strong></span> 
     </span>
    </p>
   </div>
   <div class='ocr_carea' id='block_1_3' title="bbox 420 742 1937 866">
    <p class='ocr_par' dir='ltr' id='par_1_4' title="bbox 420 742 1937 866">
     <span class='ocr_line' id='line_1_6' title="bbox 422 742 1937 803; baseline 0 -15"><span class='ocrx_word' id='word_1_33' title='bbox 422 744 554 789; x_wconf 84' lang='grc' dir='ltr'><strong>’799Β</strong></span> <span class='ocrx_word' id='word_1_34' title='bbox 594 742 693 803; x_wconf 81' lang='grc' dir='ltr'><strong><em>οἶνος</em></strong></span> <span class='ocrx_word' id='word_1_35' title='bbox 719 745 758 803; x_wconf 81' lang='grc' dir='ltr'><strong>ἐν</strong></span> <span class='ocrx_word' id='word_1_36' title='bbox 786 745 895 799; x_wconf 69' lang='grc' dir='ltr'><strong>ἀρχῇ</strong></span> <span class='ocrx_word' id='word_1_37' title='bbox 923 745 998 794; x_wconf 79' lang='grc' dir='ltr'><strong>μὲν</strong></span> <span class='ocrx_word' id='word_1_38' title='bbox 1025 745 1101 789; x_wconf 81' lang='grc' dir='ltr'><strong><em>ὑπὸ</em></strong></span> <span class='ocrx_word' id='word_1_39' title='bbox 1127 749 1221 788; x_wconf 83' lang='grc' dir='ltr'><strong><em>τῶν</em></strong></span> <span class='ocrx_word' id='word_1_40' title='bbox 1249 746 1375 796; x_wconf 80' lang='grc' dir='ltr'><strong><em>ἠθῶν</em></strong></span> <span class='ocrx_word' id='word_1_41' title='bbox 1403 751 1618 798; x_wconf 82' lang='grc' dir='ltr'><strong><em>κρατεῖται</em></strong></span> <span class='ocrx_word' id='word_1_42' title='bbox 1647 749 1716 790; x_wconf 79' lang='grc' dir='ltr'><strong>τοῦ</strong></span> <span class='ocrx_word' id='word_1_43' title='bbox 1745 745 1937 793; x_wconf 73' lang='grc' dir='ltr'><strong><em>πίνοντος.</em></strong></span> 
     </span>
     <span class='ocr_line' id='line_1_7' title="bbox 420 815 1018 866; baseline 0.002 -8"><span class='ocrx_word' id='word_1_44' title='bbox 420 815 557 859; x_wconf 90' lang='lat' dir='ltr'><strong>Immo</strong></span> <span class='ocrx_word' id='word_1_45' title='bbox 590 819 659 858; x_wconf 81' lang='grc' dir='ltr'><strong>τοῦ</strong></span> <span class='ocrx_word' id='word_1_46' title='bbox 692 816 805 866; x_wconf 78' lang='grc' dir='ltr'><strong><em>ἤθους</em></strong></span> <span class='ocrx_word' id='word_1_47' title='bbox 837 830 936 859; x_wconf 90' lang='lat' dir='ltr'><strong>cum</strong></span> <span class='ocrx_word' id='word_1_48' title='bbox 967 815 1018 859; x_wconf 85' lang='lat' dir='ltr'><strong>R.</strong></span> 
     </span>
    </p>
   </div>
   <div class='ocr_carea' id='block_1_4' title="bbox 359 949 1939 1151">
    <p class='ocr_par' dir='ltr' id='par_1_5' title="bbox 359 949 1939 1151">
     <span class='ocr_line' id='line_1_8' title="bbox 423 949 1939 1009; baseline -0.001 -13"><span class='ocrx_word' id='word_1_49' title='bbox 423 951 554 996; x_wconf 79' lang='lat'>&#39;7990</span> <span class='ocrx_word' id='word_1_50' title='bbox 595 950 706 996; x_wconf 87' lang='lat' dir='ltr'><strong>Cum</strong></span> <span class='ocrx_word' id='word_1_51' title='bbox 735 952 883 995; x_wconf 91' lang='lat' dir='ltr'><strong>eodem</strong></span> <span class='ocrx_word' id='word_1_52' title='bbox 913 951 1162 1009; x_wconf 84' lang='lat' dir='ltr'><strong>legendum:</strong></span> <span class='ocrx_word' id='word_1_53' title='bbox 1195 951 1379 1009; x_wconf 89' lang='lat' dir='ltr'><strong>populus</strong></span> <span class='ocrx_word' id='word_1_54' title='bbox 1409 952 1678 995; x_wconf 80' lang='lat' dir='ltr'><strong>Atheniensis</strong></span> <span class='ocrx_word' id='word_1_55' title='bbox 1705 949 1836 1005; x_wconf 71' lang='grc' dir='ltr'><strong><em>ὥσπερ</em></strong></span> <span class='ocrx_word' id='word_1_56' title='bbox 1862 957 1939 996; x_wconf 82' lang='grc' dir='ltr'><strong><em>τῶν</em></strong></span> 
     </span>
     <span class='ocr_line' id='line_1_9' title="bbox 360 1021 1939 1081; baseline 0.001 -17"><span class='ocrx_word' id='word_1_57' title='bbox 360 1023 505 1074; x_wconf 71' lang='grc' dir='ltr'><strong><em>ἀνδρῶν</em></strong></span> <span class='ocrx_word' id='word_1_58' title='bbox 535 1028 617 1070; x_wconf 77' lang='grc' dir='ltr'><strong><em>τοῖς</em></strong></span> <span class='ocrx_word' id='word_1_59' title='bbox 650 1021 805 1073; x_wconf 69' lang='grc' dir='ltr'><strong><em>ἀδόξοις</em></strong></span> <span class='ocrx_word' id='word_1_60' title='bbox 839 1023 908 1064; x_wconf 77' lang='grc' dir='ltr'><strong>καὶ</strong></span> <span class='ocrx_word' id='word_1_61' title='bbox 935 1027 1147 1070; x_wconf 70' lang='grc' dir='ltr'><strong><em>ταπεινοῖς</em></strong></span> <span class='ocrx_word' id='word_1_62' title='bbox 1181 1023 1342 1074; x_wconf 75' lang='grc' dir='ltr'><em>βοηθεῖν</em></span> <span class='ocrx_word' id='word_1_63' title='bbox 1375 1022 1781 1076; x_wconf 75' lang='grc' dir='ltr'><strong><em>προθυμότατος</em></strong></span> <span class='ocrx_word' id='word_1_64' title='bbox 1807 1026 1871 1081; x_wconf 72' lang='lat' dir='ltr'><strong>ita</strong></span> <span class='ocrx_word' id='word_1_65' title='bbox 1896 1026 1939 1067; x_wconf 83' lang='lat' dir='ltr'><strong>et</strong></span> 
     </span>
     <span class='ocr_line' id='line_1_10' title="bbox 359 1092 1772 1151; baseline 0.002 -16"><span class='ocrx_word' id='word_1_66' title='bbox 359 1097 436 1135; x_wconf 83' lang='grc' dir='ltr'><strong><em>τῶν</em></strong></span> <span class='ocrx_word' id='word_1_67' title='bbox 468 1093 601 1144; x_wconf 72' lang='grc' dir='ltr'><strong><em>λόγων</em></strong></span> <span class='ocrx_word' id='word_1_68' title='bbox 632 1094 722 1141; x_wconf 80' lang='grc' dir='ltr'><strong><em>τοὺς</em></strong></span> <span class='ocrx_word' id='word_1_69' title='bbox 757 1092 1012 1144; x_wconf 73' lang='grc' dir='ltr'><strong>παιγνιώδεις</strong></span> <span class='ocrx_word' id='word_1_70' title='bbox 1049 1126 1058 1136; x_wconf 93' lang='grc'><strong><em>.</em></strong></span> <span class='ocrx_word' id='word_1_71' title='bbox 1079 1125 1089 1137; x_wconf 94' lang='grc'><strong><em>.</em></strong></span> <span class='ocrx_word' id='word_1_72' title='bbox 1109 1126 1119 1136; x_wconf 94' lang='grc'><strong><em>.</em></strong></span> <span class='ocrx_word' id='word_1_73' title='bbox 1153 1098 1333 1149; x_wconf 76' lang='grc' dir='ltr'><strong><em>προτιμᾷ</em></strong></span> <span class='ocrx_word' id='word_1_74' title='bbox 1366 1109 1442 1151; x_wconf 91' lang='lat' dir='ltr'><strong>pro</strong></span> <span class='ocrx_word' id='word_1_75' title='bbox 1473 1093 1772 1150; x_wconf 77' lang='grc' dir='ltr'><strong><em>προθυμότερος.</em></strong></span> 
     </span>
    </p>
   </div>
   <div class='ocr_carea' id='block_1_5' title="bbox 359 1226 1939 1500">
    <p class='ocr_par' dir='ltr' id='par_1_6' title="bbox 359 1226 1939 1500">
     <span class='ocr_line' id='line_1_11' title="bbox 421 1226 1939 1288; baseline 0.003 -17"><span class='ocrx_word' id='word_1_76' title='bbox 421 1226 551 1279; x_wconf 80' lang='lat' dir='ltr'>799F</span> <span class='ocrx_word' id='word_1_77' title='bbox 591 1226 933 1278; x_wconf 79' lang='lat' dir='ltr'><strong>Gommemorato</strong></span> <span class='ocrx_word' id='word_1_78' title='bbox 973 1230 1082 1281; x_wconf 82' lang='lat' dir='ltr'><strong>facto</strong></span> <span class='ocrx_word' id='word_1_79' title='bbox 1120 1229 1302 1287; x_wconf 85' lang='lat' dir='ltr'><strong>quodam</strong></span> <span class='ocrx_word' id='word_1_80' title='bbox 1336 1230 1660 1274; x_wconf 76' lang='lat' dir='ltr'><strong>Atheniensium</strong></span> <span class='ocrx_word' id='word_1_81' title='bbox 1691 1229 1802 1288; x_wconf 86' lang='lat' dir='ltr'><strong>quod</strong></span> <span class='ocrx_word' id='word_1_82' title='bbox 1832 1229 1939 1275; x_wconf 77' lang='lat' dir='ltr'><strong>&#39;rhe-</strong></span> 
     </span>
     <span class='ocr_line' id='line_1_12' title="bbox 359 1293 1937 1358; baseline 0.001 -16"><span class='ocrx_word' id='word_1_83' title='bbox 359 1299 458 1342; x_wconf 90' lang='lat' dir='ltr'><strong>bani</strong></span> <span class='ocrx_word' id='word_1_84' title='bbox 501 1313 586 1343; x_wconf 90' lang='lat' dir='ltr'><strong>non</strong></span> <span class='ocrx_word' id='word_1_85' title='bbox 626 1301 840 1343; x_wconf 76' lang='lat' dir='ltr'><strong>imitaturi</strong></span> <span class='ocrx_word' id='word_1_86' title='bbox 873 1300 1052 1344; x_wconf 87' lang='lat' dir='ltr'><strong>fuissent</strong></span> <span class='ocrx_word' id='word_1_87' title='bbox 1082 1302 1141 1343; x_wconf 83' lang='lat' dir='ltr'><strong>sic</strong></span> <span class='ocrx_word' id='word_1_88' title='bbox 1172 1303 1333 1358; x_wconf 85' lang='lat' dir='ltr'><strong>pergit:</strong></span> <span class='ocrx_word' id='word_1_89' title='bbox 1368 1293 1600 1353; x_wconf 61' lang='grc' dir='ltr'><strong><em>»πολλοῦ</em></strong></span> <span class='ocrx_word' id='word_1_90' title='bbox 1632 1302 1668 1346; x_wconf 76' lang='grc' dir='ltr'><strong>δ’</strong></span> <span class='ocrx_word' id='word_1_91' title='bbox 1698 1300 1749 1346; x_wconf 70' lang='grc' dir='ltr'><strong>ἂν</strong></span> <span class='ocrx_word' id='word_1_92' title='bbox 1781 1298 1841 1351; x_wconf 74' lang='grc' dir='ltr'><strong><em>ἔτι</em></strong></span> <span class='ocrx_word' id='word_1_93' title='bbox 1867 1302 1937 1345; x_wconf 79' lang='grc' dir='ltr'><strong>καὶ</strong></span> 
     </span>
     <span class='ocr_line' id='line_1_13' title="bbox 362 1360 1875 1430; baseline 0.001 -16"><span class='ocrx_word' id='word_1_94' title='bbox 362 1371 636 1424; x_wconf 67' lang='grc' dir='ltr'><strong><em>Σπαρτιάτας</em></strong></span> <span class='ocrx_word' id='word_1_95' title='bbox 669 1371 806 1420; x_wconf 74' lang='grc' dir='ltr'><strong><em>δεῆσαι</em></strong></span> <span class='ocrx_word' id='word_1_96' title='bbox 840 1371 912 1420; x_wconf 69' lang='grc' dir='ltr'><strong><em>τὴν</em></strong></span> <span class='ocrx_word' id='word_1_97' title='bbox 944 1369 1249 1423; x_wconf 72' lang='grc' dir='ltr'><strong><em>Στρατοκλέους</em></strong></span> <span class='ocrx_word' id='word_1_98' title='bbox 1282 1370 1395 1424; x_wconf 82' lang='grc' dir='ltr'><strong><em>ὕβριν</em></strong></span> <span class='ocrx_word' id='word_1_99' title='bbox 1428 1373 1642 1424; x_wconf 82' lang='grc' dir='ltr'><strong><em>ὑπομεῖναι</em></strong></span> <span class='ocrx_word' id='word_1_100' title='bbox 1675 1360 1875 1430; x_wconf 46' lang='lat' dir='ltr'><strong>opinor&#39;ff¹</strong></span> 
     </span>
     <span class='ocr_line' id='line_1_14' title="bbox 418 1440 1386 1500; baseline 0.004 -17"><span class='ocrx_word' id='word_1_101' title='bbox 418 1441 484 1484; x_wconf 86' lang='lat' dir='ltr'><strong>Ex</strong></span> <span class='ocrx_word' id='word_1_102' title='bbox 515 1440 574 1484; x_wconf 81' lang='grc' dir='ltr'><strong><em>ἔτι</em></strong></span> <span class='ocrx_word' id='word_1_103' title='bbox 607 1446 780 1499; x_wconf 83' lang='lat' dir='ltr'><strong>apparet</strong></span> <span class='ocrx_word' id='word_1_104' title='bbox 811 1442 991 1490; x_wconf 83' lang='grc' dir='ltr'><strong><em>πλείονος</em></strong></span> <span class='ocrx_word' id='word_1_105' title='bbox 1024 1457 1113 1486; x_wconf 87' lang='lat' dir='ltr'><strong>esse</strong></span> <span class='ocrx_word' id='word_1_106' title='bbox 1142 1442 1386 1500; x_wconf 76' lang='lat' dir='ltr'><strong>legendum.v</strong></span> 
     </span>
    </p>
   </div>
   <div class='ocr_carea' id='block_1_6' title="bbox 420 1563 1940 1637">
    <p class='ocr_par' dir='ltr' id='par_1_7' title="bbox 420 1563 1940 1637">
     <span class='ocr_line' id='line_1_15' title="bbox 420 1563 1940 1637; baseline 0.002 -16"><span class='ocrx_word' id='word_1_107' title='bbox 420 1563 558 1622; x_wconf 86' lang='lat' dir='ltr'><strong>8OOA</strong></span> <span class='ocrx_word' id='word_1_108' title='bbox 593 1577 847 1622; x_wconf 83' lang='lat' dir='ltr'><strong>Adulatores</strong></span> <span class='ocrx_word' id='word_1_109' title='bbox 875 1593 918 1622; x_wconf 88' lang='lat' dir='ltr'><strong>se</strong></span> <span class='ocrx_word' id='word_1_110' title='bbox 944 1580 989 1622; x_wconf 93' lang='lat' dir='ltr'><strong>in</strong></span> <span class='ocrx_word' id='word_1_111' title='bbox 1014 1594 1167 1637; x_wconf 86' lang='lat' dir='ltr'><strong>regum</strong></span> <span class='ocrx_word' id='word_1_112' title='bbox 1192 1581 1409 1624; x_wconf 87' lang='lat' dir='ltr'><strong>insinuant</strong></span> <span class='ocrx_word' id='word_1_113' title='bbox 1427 1581 1674 1632; x_wconf 85' lang='lat' dir='ltr'><strong>amicitiam,</strong></span> <span class='ocrx_word' id='word_1_114' title='bbox 1691 1580 1741 1624; x_wconf 82' lang='lat' dir='ltr'><strong>ut</strong></span> <span class='ocrx_word' id='word_1_115' title='bbox 1756 1593 1940 1637; x_wconf 75' lang='lat' dir='ltr'><strong>aucupes</strong></span> 
     </span>
    </p>
   </div>
   <div class='ocr_carea' id='block_1_7' title="bbox 362 1648 850 1773">
    <p class='ocr_par' dir='ltr' id='par_1_8' title="bbox 362 1648 850 1773">
     <span class='ocr_line' id='line_1_16' title="bbox 362 1648 850 1704; baseline 0.002 -14"><span class='ocrx_word' id='word_1_116' title='bbox 362 1648 605 1699; x_wconf 81' lang='grc' dir='ltr'><strong><em>μιμούμενοι</em></strong></span> <span class='ocrx_word' id='word_1_117' title='bbox 639 1655 688 1703; x_wconf 72' lang='grc' dir='ltr'><strong><em>τῇ</em></strong></span> <span class='ocrx_word' id='word_1_118' title='bbox 721 1654 850 1704; x_wconf 71' lang='grc' dir='ltr'><strong><em>φωνῇ.</em></strong></span> 
     </span>
     <span class='ocr_line' id='line_1_17' title="bbox 420 1718 842 1773; baseline 0.002 -11"><span class='ocrx_word' id='word_1_119' title='bbox 420 1718 559 1763; x_wconf 90' lang='lat' dir='ltr'><strong>Immo</strong></span> <span class='ocrx_word' id='word_1_120' title='bbox 590 1721 662 1769; x_wconf 64' lang='grc' dir='ltr'><strong><em>τὴν</em></strong></span> <span class='ocrx_word' id='word_1_121' title='bbox 693 1721 842 1773; x_wconf 75' lang='grc' dir='ltr'><strong><em>Φωνήν.</em></strong></span> 
     </span>
    </p>
   </div>
   <div class='ocr_carea' id='block_1_8' title="bbox 359 1844 1938 1974">
    <p class='ocr_par' dir='ltr' id='par_1_9' title="bbox 359 1844 1938 1974">
     <span class='ocr_line' id='line_1_18' title="bbox 420 1844 1938 1904; baseline 0.002 -17"><span class='ocrx_word' id='word_1_122' title='bbox 420 1844 554 1888; x_wconf 80' lang='lat' dir='ltr'>800ss</span> <span class='ocrx_word' id='word_1_123' title='bbox 601 1844 789 1902; x_wconf 85' lang='lat' dir='ltr'><strong>Longior</strong></span> <span class='ocrx_word' id='word_1_124' title='bbox 829 1847 1040 1888; x_wconf 85' lang='lat' dir='ltr'><strong>sententia</strong></span> <span class='ocrx_word' id='word_1_125' title='bbox 1071 1845 1221 1889; x_wconf 86' lang='lat' dir='ltr'><strong>evadet</strong></span> <span class='ocrx_word' id='word_1_126' title='bbox 1253 1846 1571 1904; x_wconf 82' lang='lat' dir='ltr'><strong>elegantissima</strong></span> <span class='ocrx_word' id='word_1_127' title='bbox 1602 1848 1639 1890; x_wconf 87' lang='lat' dir='ltr'><strong>si</strong></span> <span class='ocrx_word' id='word_1_128' title='bbox 1666 1850 1765 1904; x_wconf 84' lang='lat' dir='ltr'><strong>post</strong></span> <span class='ocrx_word' id='word_1_129' title='bbox 1793 1845 1938 1901; x_wconf 71' lang='grc' dir='ltr'><strong><em>τρόπον</em></strong></span> 
     </span>
     <span class='ocr_line' id='line_1_19' title="bbox 359 1915 1727 1974; baseline 0 -14"><span class='ocrx_word' id='word_1_130' title='bbox 359 1915 577 1974; x_wconf 83' lang='lat' dir='ltr'><strong>virgulam</strong></span> <span class='ocrx_word' id='word_1_131' title='bbox 609 1930 685 1973; x_wconf 91' lang='lat' dir='ltr'><strong>pro</strong></span> <span class='ocrx_word' id='word_1_132' title='bbox 718 1915 916 1959; x_wconf 87' lang='lat' dir='ltr'><strong>semicolo</strong></span> <span class='ocrx_word' id='word_1_133' title='bbox 947 1917 1136 1973; x_wconf 84' lang='lat' dir='ltr'><strong>posueris</strong></span> <span class='ocrx_word' id='word_1_134' title='bbox 1166 1921 1209 1961; x_wconf 86' lang='lat' dir='ltr'><strong>et</strong></span> <span class='ocrx_word' id='word_1_135' title='bbox 1239 1921 1333 1974; x_wconf 85' lang='lat' dir='ltr'><strong>post</strong></span> <span class='ocrx_word' id='word_1_136' title='bbox 1366 1918 1400 1961; x_wconf 72' lang='grc' dir='ltr'><strong><em>εἴ</em></strong></span> <span class='ocrx_word' id='word_1_137' title='bbox 1433 1917 1639 1962; x_wconf 82' lang='lat' dir='ltr'><strong>deleveris</strong></span> <span class='ocrx_word' id='word_1_138' title='bbox 1661 1916 1727 1961; x_wconf 64' lang='grc' dir='ltr'><strong>δέ.</strong></span> 
     </span>
    </p>
   </div>
   <div class='ocr_carea' id='block_1_9' title="bbox 418 2051 1605 2168">
    <p class='ocr_par' dir='ltr' id='par_1_10' title="bbox 418 2051 1605 2168">
     <span class='ocr_line' id='line_1_20' title="bbox 421 2051 1605 2108; baseline 0.001 -13"><span class='ocrx_word' id='word_1_139' title='bbox 421 2051 553 2096; x_wconf 80' lang='grc'>8000</span> <span class='ocrx_word' id='word_1_140' title='bbox 599 2057 796 2104; x_wconf 76' lang='grc' dir='ltr'><strong><em>Περικλῆς</em></strong></span> <span class='ocrx_word' id='word_1_141' title='bbox 831 2051 1059 2103; x_wconf 72' lang='grc' dir='ltr'><strong><em>ἐξήλλαξεν</em></strong></span> <span class='ocrx_word' id='word_1_142' title='bbox 1091 2053 1212 2095; x_wconf 73' lang='grc' dir='ltr'><strong><em>αὑτὸν</em></strong></span> <span class='ocrx_word' id='word_1_143' title='bbox 1244 2052 1372 2105; x_wconf 77' lang='grc' dir='ltr'><strong><em>ἠρέμα</em></strong></span> <span class='ocrx_word' id='word_1_144' title='bbox 1406 2053 1605 2108; x_wconf 74' lang='grc' dir='ltr'><strong><em>βαδίζειν.</em></strong></span> 
     </span>
     <span class='ocr_line' id='line_1_21' title="bbox 418 2122 1330 2168; baseline 0 -2"><span class='ocrx_word' id='word_1_145' title='bbox 418 2124 519 2166; x_wconf 84' lang='lat' dir='ltr'><strong>Post</strong></span> <span class='ocrx_word' id='word_1_146' title='bbox 551 2123 675 2166; x_wconf 75' lang='grc' dir='ltr'><strong><em>αὐτόν</em></strong></span> <span class='ocrx_word' id='word_1_147' title='bbox 705 2123 977 2167; x_wconf 89' lang='lat' dir='ltr'><strong>inserendum</strong></span> <span class='ocrx_word' id='word_1_148' title='bbox 1007 2123 1188 2168; x_wconf 82' lang='lat' dir='ltr'><strong>videtur</strong></span> <span class='ocrx_word' id='word_1_149' title='bbox 1213 2122 1330 2167; x_wconf 79' lang='grc' dir='ltr'><strong><em>ὥστε.</em></strong></span> 
     </span>
    </p>
   </div>
   <div class='ocr_carea' id='block_1_10' title="bbox 357 2258 1938 2458">
    <p class='ocr_par' dir='ltr' id='par_1_11' title="bbox 357 2258 1938 2458">
     <span class='ocr_line' id='line_1_22' title="bbox 418 2258 1187 2313; baseline 0.001 -11"><span class='ocrx_word' id='word_1_150' title='bbox 418 2260 475 2303; x_wconf 81' lang='lat' dir='ltr'><strong>ib.</strong></span> <span class='ocrx_word' id='word_1_151' title='bbox 523 2260 647 2313; x_wconf 77' lang='grc' dir='ltr'><strong><em>θηρίον</em></strong></span> <span class='ocrx_word' id='word_1_152' title='bbox 681 2258 859 2303; x_wconf 76' lang='grc' dir='ltr'><strong><em>ὕποπτον</em></strong></span> <span class='ocrx_word' id='word_1_153' title='bbox 892 2260 960 2302; x_wconf 77' lang='grc' dir='ltr'><strong>καὶ</strong></span> <span class='ocrx_word' id='word_1_154' title='bbox 995 2260 1187 2303; x_wconf 80' lang='grc' dir='ltr'><strong><em>ποικίλον.</em></strong></span> 
     </span>
     <span class='ocr_line' id='line_1_23' title="bbox 418 2329 1938 2387; baseline 0.001 -15"><span class='ocrx_word' id='word_1_155' title='bbox 418 2330 466 2372; x_wconf 92' lang='lat' dir='ltr'><strong>In</strong></span> <span class='ocrx_word' id='word_1_156' title='bbox 498 2330 655 2373; x_wconf 87' lang='lat' dir='ltr'><strong>ultimo</strong></span> <span class='ocrx_word' id='word_1_157' title='bbox 688 2330 894 2374; x_wconf 88' lang='lat' dir='ltr'><strong>vocabulo</strong></span> <span class='ocrx_word' id='word_1_158' title='bbox 927 2331 1091 2374; x_wconf 84' lang='lat' dir='ltr'><strong>haereo.</strong></span> <span class='ocrx_word' id='word_1_159' title='bbox 1124 2329 1353 2387; x_wconf 77' lang='lat' dir='ltr'><strong>Sequentia</strong></span> <span class='ocrx_word' id='word_1_160' title='bbox 1386 2332 1480 2373; x_wconf 86' lang='lat' dir='ltr'><strong>tum</strong></span> <span class='ocrx_word' id='word_1_161' title='bbox 1511 2330 1684 2373; x_wconf 87' lang='lat' dir='ltr'><strong>demum</strong></span> <span class='ocrx_word' id='word_1_162' title='bbox 1716 2330 1820 2374; x_wconf 87' lang='lat' dir='ltr'><strong>bene</strong></span> <span class='ocrx_word' id='word_1_163' title='bbox 1845 2335 1938 2387; x_wconf 84' lang='lat' dir='ltr'><strong>pro&#39;-</strong></span> 
     </span>
     <span class='ocr_line' id='line_1_24' title="bbox 357 2391 1376 2458; baseline 0.001 -16"><span class='ocrx_word' id='word_1_164' title='bbox 357 2391 519 2452; x_wconf 86' lang='lat' dir='ltr'><strong>cedent,</strong></span> <span class='ocrx_word' id='word_1_165' title='bbox 553 2402 589 2443; x_wconf 88' lang='lat' dir='ltr'><strong>si</strong></span> <span class='ocrx_word' id='word_1_166' title='bbox 620 2414 719 2444; x_wconf 88' lang='lat' dir='ltr'><strong>cum</strong></span> <span class='ocrx_word' id='word_1_167' title='bbox 751 2400 882 2445; x_wconf 85' lang='lat' dir='ltr'><strong>Corae</strong></span> <span class='ocrx_word' id='word_1_168' title='bbox 914 2398 1013 2443; x_wconf 75' lang='grc' dir='ltr'><strong><em>ὅπου</em></strong></span> <span class='ocrx_word' id='word_1_169' title='bbox 1042 2400 1197 2458; x_wconf 84' lang='lat' dir='ltr'><strong>legeris</strong></span> <span class='ocrx_word' id='word_1_170' title='bbox 1227 2415 1303 2457; x_wconf 87' lang='lat' dir='ltr'><strong>pro</strong></span> <span class='ocrx_word' id='word_1_171' title='bbox 1335 2395 1376 2454; x_wconf 79' lang='grc' dir='ltr'><strong>ᾧ.</strong></span> 
     </span>
    </p>
   </div>
   <div class='ocr_carea' id='block_1_11' title="bbox 359 2534 1936 2734">
    <p class='ocr_par' dir='ltr' id='par_1_12' title="bbox 359 2534 1936 2734">
     <span class='ocr_line' id='line_1_25' title="bbox 418 2534 1936 2593; baseline 0.001 -15"><span class='ocrx_word' id='word_1_172' title='bbox 418 2534 555 2578; x_wconf 82' lang='grc'>8001)</span> <span class='ocrx_word' id='word_1_173' title='bbox 589 2535 827 2579; x_wconf 87' lang='lat' dir='ltr'><strong>Alcibiades</strong></span> <span class='ocrx_word' id='word_1_174' title='bbox 857 2535 1031 2579; x_wconf 86' lang='lat' dir='ltr'><strong>luxuria</strong></span> <span class='ocrx_word' id='word_1_175' title='bbox 1061 2539 1105 2580; x_wconf 86' lang='lat' dir='ltr'><strong>et</strong></span> <span class='ocrx_word' id='word_1_176' title='bbox 1135 2535 1434 2593; x_wconf 78' lang='lat' dir='ltr'><strong>prodigalitate</strong></span> <span class='ocrx_word' id='word_1_177' title='bbox 1461 2549 1538 2580; x_wconf 83' lang='lat' dir='ltr'><strong>sua</strong></span> <span class='ocrx_word' id='word_1_178' title='bbox 1562 2540 1639 2579; x_wconf 78' lang='grc' dir='ltr'><strong><em>τῶν</em></strong></span> <span class='ocrx_word' id='word_1_179' title='bbox 1665 2534 1802 2579; x_wconf 76' lang='grc' dir='ltr'><strong><em>ἄλλων</em></strong></span> <span class='ocrx_word' id='word_1_180' title='bbox 1829 2536 1936 2587; x_wconf 71' lang='grc' dir='ltr'><strong>ἀγα-</strong></span> 
     </span>
     <span class='ocr_line' id='line_1_26' title="bbox 359 2606 1317 2657; baseline 0.003 -10"><span class='ocrx_word' id='word_1_181' title='bbox 359 2606 428 2647; x_wconf 85' lang='grc' dir='ltr'><strong>θῶν</strong></span> <span class='ocrx_word' id='word_1_182' title='bbox 461 2606 627 2649; x_wconf 82' lang='grc' dir='ltr'><strong><em>αὑτοῦ</em></strong></span> <span class='ocrx_word' id='word_1_183' title='bbox 660 2607 732 2655; x_wconf 69' lang='grc' dir='ltr'><strong><em>τὴν</em></strong></span> <span class='ocrx_word' id='word_1_184' title='bbox 764 2607 882 2649; x_wconf 83' lang='grc' dir='ltr'><strong><em>πόλιν</em></strong></span> <span class='ocrx_word' id='word_1_185' title='bbox 916 2607 1102 2657; x_wconf 75' lang='grc' dir='ltr'><strong><em>α’νόννιτον</em></strong></span> <span class='ocrx_word' id='word_1_186' title='bbox 1142 2608 1317 2657; x_wconf 75' lang='grc' dir='ltr'><strong><em>ἔποΙησ-ε.</em></strong></span> 
     </span>
     <span class='ocr_line' id='line_1_27' title="bbox 416 2676 1239 2734; baseline 0.002 -15"><span class='ocrx_word' id='word_1_187' title='bbox 416 2676 485 2719; x_wconf 80' lang='lat' dir='ltr'><strong>Sic</strong></span> <span class='ocrx_word' id='word_1_188' title='bbox 516 2690 615 2720; x_wconf 93' lang='lat' dir='ltr'><strong>cum</strong></span> <span class='ocrx_word' id='word_1_189' title='bbox 647 2677 695 2720; x_wconf 89' lang='grc' dir='ltr'><strong>Β.</strong></span> <span class='ocrx_word' id='word_1_190' title='bbox 726 2676 959 2734; x_wconf 81' lang='lat' dir='ltr'><strong>legendum</strong></span> <span class='ocrx_word' id='word_1_191' title='bbox 990 2692 1065 2734; x_wconf 89' lang='lat' dir='ltr'><strong>pro</strong></span> <span class='ocrx_word' id='word_1_192' title='bbox 1097 2679 1239 2721; x_wconf 78' lang='grc' dir='ltr'><strong><em>αὐτοῦ.</em></strong></span> 
     </span>
    </p>
   </div>
   <div class='ocr_carea' id='block_1_12' title="bbox 357 2811 1936 3082">
    <p class='ocr_par' dir='ltr' id='par_1_13' title="bbox 358 2811 1936 2938">
     <span class='ocr_line' id='line_1_28' title="bbox 417 2811 1936 2869; baseline 0.001 -15"><span class='ocrx_word' id='word_1_193' title='bbox 417 2811 550 2854; x_wconf 85' lang='grc' dir='ltr'><strong>80οΕ</strong></span> <span class='ocrx_word' id='word_1_194' title='bbox 599 2811 853 2868; x_wconf 83' lang='lat' dir='ltr'><strong>Redemptor</strong></span> <span class='ocrx_word' id='word_1_195' title='bbox 891 2814 938 2854; x_wconf 87' lang='lat' dir='ltr'><strong>in</strong></span> <span class='ocrx_word' id='word_1_196' title='bbox 978 2811 1150 2855; x_wconf 87' lang='lat' dir='ltr'><strong>aedibus</strong></span> <span class='ocrx_word' id='word_1_197' title='bbox 1191 2812 1307 2855; x_wconf 87' lang='lat' dir='ltr'><strong>Livii</strong></span> <span class='ocrx_word' id='word_1_198' title='bbox 1347 2812 1499 2857; x_wconf 86' lang='lat' dir='ltr'><strong>Drusif</strong></span> <span class='ocrx_word' id='word_1_199' title='bbox 1533 2812 1734 2856; x_wconf 75' lang='lat' dir='ltr'><strong>fenestras</strong></span> <span class='ocrx_word' id='word_1_200' title='bbox 1773 2811 1936 2869; x_wconf 76' lang='lat' dir='ltr'><strong>aliquot</strong></span> 
     </span>
     <span class='ocr_line' id='line_1_29' title="bbox 358 2882 1710 2938; baseline 0.002 -15"><span class='ocrx_word' id='word_1_201' title='bbox 358 2895 401 2924; x_wconf 87' lang='lat' dir='ltr'><strong>se</strong></span> <span class='ocrx_word' id='word_1_202' title='bbox 433 2884 792 2938; x_wconf 86' lang='lat' dir='ltr'><strong>transpositurum</strong></span> <span class='ocrx_word' id='word_1_203' title='bbox 825 2884 1021 2938; x_wconf 87' lang='lat' dir='ltr'><strong>promisit</strong></span> <span class='ocrx_word' id='word_1_204' title='bbox 1052 2883 1135 2925; x_wconf 70' lang='grc' dir='ltr'><strong><em>ἀπὸ</em></strong></span> <span class='ocrx_word' id='word_1_205' title='bbox 1167 2882 1289 2925; x_wconf 82' lang='grc' dir='ltr'><strong><em>πέντε</em></strong></span> <span class='ocrx_word' id='word_1_206' title='bbox 1320 2882 1449 2934; x_wconf 78' lang='grc' dir='ltr'><strong><em>μόνων</em></strong></span> <span class='ocrx_word' id='word_1_207' title='bbox 1481 2882 1710 2927; x_wconf 72' lang='grc' dir='ltr'><strong><em>ταλάντων.</em></strong></span> 
     </span>
    </p>

    <p class='ocr_par' dir='ltr' id='par_1_14' title="bbox 357 2951 1935 3082">
     <span class='ocr_line' id='line_1_30' title="bbox 418 2951 1935 3010; baseline 0.002 -17"><span class='ocrx_word' id='word_1_208' title='bbox 418 2951 552 2994; x_wconf 81' lang='lat' dir='ltr'><strong>Tanta</strong></span> <span class='ocrx_word' id='word_1_209' title='bbox 578 2954 756 3008; x_wconf 88' lang='lat' dir='ltr'><strong>pecunia</strong></span> <span class='ocrx_word' id='word_1_210' title='bbox 782 2967 834 2996; x_wconf 91' lang='lat' dir='ltr'><strong>ne</strong></span> <span class='ocrx_word' id='word_1_211' title='bbox 862 2957 972 2996; x_wconf 87' lang='lat' dir='ltr'><strong>totas</strong></span> <span class='ocrx_word' id='word_1_212' title='bbox 1001 2952 1173 3009; x_wconf 91' lang='lat' dir='ltr'><strong>quidem</strong></span> <span class='ocrx_word' id='word_1_213' title='bbox 1199 2953 1320 2996; x_wconf 89' lang='lat' dir='ltr'><strong>aedes</strong></span> <span class='ocrx_word' id='word_1_214' title='bbox 1346 2954 1582 2997; x_wconf 83' lang='lat' dir='ltr'><strong>constitisse</strong></span> <span class='ocrx_word' id='word_1_215' title='bbox 1599 2954 1760 3010; x_wconf 84' lang='lat' dir='ltr'><strong>opinor.</strong></span> <span class='ocrx_word' id='word_1_216' title='bbox 1787 2952 1935 2998; x_wconf 79' lang='lat' dir='ltr'><strong>Gratia</strong></span> 
     </span>
     <span class='ocr_line' id='line_1_31' title="bbox 357 3022 1798 3082; baseline 0.002 -19"><span class='ocrx_word' id='word_1_217' title='bbox 357 3035 514 3078; x_wconf 84' lang='lat' dir='ltr'><strong>magna</strong></span> <span class='ocrx_word' id='word_1_218' title='bbox 545 3022 708 3066; x_wconf 88' lang='lat' dir='ltr'><strong>Nabero</strong></span> <span class='ocrx_word' id='word_1_219' title='bbox 741 3025 814 3079; x_wconf 91' lang='lat' dir='ltr'><strong>qui</strong></span> <span class='ocrx_word' id='word_1_220' title='bbox 845 3023 1000 3066; x_wconf 87' lang='lat' dir='ltr'><strong>viderit</strong></span> <span class='ocrx_word' id='word_1_221' title='bbox 1031 3025 1113 3066; x_wconf 70' lang='grc' dir='ltr'><strong><em>ἀπὸ</em></strong></span> <span class='ocrx_word' id='word_1_222' title='bbox 1147 3022 1267 3067; x_wconf 73' lang='grc' dir='ltr'><strong><em>πέντε</em></strong></span> <span class='ocrx_word' id='word_1_223' title='bbox 1299 3027 1405 3074; x_wconf 82' lang='grc' dir='ltr'><strong><em>μνῶν</em></strong></span> <span class='ocrx_word' id='word_1_224' title='bbox 1436 3038 1525 3067; x_wconf 89' lang='lat' dir='ltr'><strong>esse</strong></span> <span class='ocrx_word' id='word_1_225' title='bbox 1555 3023 1798 3082; x_wconf 80' lang='lat' dir='ltr'><strong>legendum.</strong></span> 
     </span>
    </p>
   </div>
  </div>
 </body>
</html>
