2002 3372
1107 233 1191 276 128

357 357 543 409 „bonum
585 359 627 398 et
667 354 877 397 laudabile
917 355 975 396 sit
1015 354 1054 397 id
1098 368 1181 411 quo
1222 353 1373 406 tendis,
1418 366 1501 409 qua
1534 353 1603 395 via
1634 365 1682 394 eo
1714 351 1936 408 pervenias

354 442 506 484 parum
538 426 707 470 refert''.
745 425 915 468 Etenim
947 424 1179 468 dummodo
1210 426 1348 483 patria
1379 424 1596 475 liberetur,
1631 425 1838 480 tyrannus
1868 435 1941 465 oc—

354 499 530 550 cidatur,
579 498 720 540 hostes
766 498 1003 547 vincantur,
1051 497 1166 539 omni
1211 496 1384 546 fraudis,
1429 493 1632 546 fallaciae,
1676 491 1940 536 crudelitatis

354 583 508 626 genere
550 570 615 610 uti
646 567 773 610 licere
804 566 919 609 haud
950 580 1084 623 pauca
1115 565 1309 623 exempla
1341 567 1410 609 hic
1443 579 1466 608 a
1499 563 1729 608 Plutarcho
1762 561 1940 607 collecta

356 639 504 682 docent
534 638 814 695 clamantque.
849 637 956 681 Nolo
989 641 1131 681 tamen
1158 651 1252 681 eam
1279 652 1368 680 rem
1394 638 1504 680 bono
1531 650 1625 680 meo
1653 635 1814 692 pastori
1830 635 1940 678 vitio

358 714 541 755 vertere:
575 710 683 752 bona
714 708 793 751 fide
826 708 937 765 quod
967 710 1051 765 ipsi
1083 712 1172 752 erat
1203 722 1452 765 persuasum
1484 708 1609 764 gregi
1641 720 1717 750 suo
1749 704 1941 757 tradidit,

355 783 478 824 cuius
518 780 751 824 commodis
793 781 1031 836 prospicere
1071 793 1121 822 ex
1166 781 1298 822 animi
1331 780 1541 822 sententia
1571 777 1782 834 cupiebat.
1823 775 1940 832 Ergo

355 867 406 896 ne
438 853 491 895 ob
521 866 616 895 eam
647 850 821 908 quidem
853 864 1023 894 causam
1055 864 1155 893 eum
1186 849 1443 907 reprehendo
1475 848 1587 906 quod
1619 847 1670 891 de
1703 845 1940 900 „suicidio”

354 924 432 977 (sic
479 923 593 965 enim
640 921 858 978 loquimur
901 920 1104 965 vocabulo
1153 935 1305 977 parum
1353 920 1521 973 Latino)
1567 922 1659 962 tam
1705 917 1871 962 diversa
1918 929 1943 960 a

355 997 496 1036 nostra
528 992 735 1050 religione
762 992 967 1035 docuerit.
1011 991 1198 1035 Damnat
1228 990 1339 1034 illud
1370 991 1472 1034 fides
1507 989 1751 1035 Christiana
1781 991 1825 1032 et
1850 990 1940 1031 tam

355 1078 498 1108 severe
540 1064 713 1120 quidem
746 1063 849 1107 olim
882 1063 1102 1106 damnavit
1133 1067 1182 1105 ut
1213 1063 1346 1119 siquis
1377 1063 1507 1106 vivus
1539 1075 1644 1118 rogo
1677 1059 1860 1103 traditus
1892 1058 1944 1118 de

353 1135 564 1178 industria
594 1135 766 1177 fumum
797 1149 866 1178 ore
899 1135 1129 1191 excepisset
1159 1136 1209 1175 ut
1234 1132 1463 1176 intercluso
1491 1133 1646 1188 spiritu
1671 1129 1946 1174 suffocaretur

355 1208 498 1263 potius
538 1218 667 1263 quam
709 1205 894 1248 flammis
934 1219 1034 1248 cum
1077 1204 1166 1247 diro
1208 1205 1400 1247 cruciatu
1433 1204 1740 1255 absumeretur,
1773 1214 1943 1246 omnem

355 1279 556 1334 martyrii
597 1278 816 1320 amitteret
855 1276 1041 1334 gloriam
1064 1275 1108 1329 ¹).
1151 1274 1408 1318 Plutarchus
1451 1274 1501 1317 de
1542 1288 1590 1317 eo
1630 1273 1746 1317 idem
1776 1285 1945 1330 semper

357 1349 508 1391 statuit
540 1348 651 1404 quod
684 1347 828 1400 Stoici,
862 1361 1045 1403 quorum
1071 1346 1235 1389 dictum
1267 1345 1400 1388 illud:
1437 1346 1726 1402 „propinquus
1757 1346 1820 1386 est
1850 1355 1946 1399 por-

358 1422 440 1470 tus,
474 1419 556 1461 huc
590 1418 726 1475 dirige
760 1417 1003 1460 naviculam
1036 1421 1155 1460 tuam
1189 1415 1461 1473 quassatam’'
1489 1416 1529 1458 ei
1555 1416 1599 1457 in
1627 1413 1789 1458 deliciis
1814 1413 1944 1456 fuisse

357 1489 539 1540 videtur,
582 1489 654 1531 sed
684 1490 754 1531 hic
786 1494 927 1531 tamen
959 1489 1212 1530 sententiam
1246 1501 1367 1530 suam
1399 1486 1569 1543 planius
1599 1488 1728 1542 quam
1761 1497 1944 1541 usquam

357 1559 458 1602 alibi
490 1560 664 1616 profert.
698 1558 809 1603 Cum
842 1574 1010 1602 summo
1043 1561 1156 1602 enim
1190 1561 1438 1614 contemptu
1469 1561 1528 1614 (p.
1563 1556 1721 1610 26313)
1751 1555 1946 1613 loquitur

357 1630 407 1672 de
435 1634 616 1687 tyranno
648 1629 723 1673 illo
755 1632 828 1686 qui
859 1630 912 1672 ad
940 1631 1092 1672 incitas
1124 1629 1317 1672 redactus
1345 1627 1493 1671 ἔπαθεν
1521 1624 1640 1678 ὅμοιοι
1667 1630 1834 1674 πολλοῖς
1856 1629 1943 1668 ’τῶν

359 1706 491 1743 κακῶν
536 1701 603 1742 καὶ
647 1701 845 1750 ἀνοήτων·
889 1701 954 1742 τὸν
998 1701 1073 1751 μὲν
1115 1702 1198 1754 γὰρ
1241 1700 1412 1742 θάνατον
1454 1698 1662 1751 ἐφοβεῖτο,
1706 1699 1761 1751 τῷ
1793 1697 1871 1751 βίῳ
1904 1697 1938 1739 δ’

356 1771 530 1825 ἤχθετο·
572 1771 818 1823 βουλόμενος
862 1773 902 1815 δὲ
944 1772 1002 1822 μὴ
1042 1771 1123 1823 ζῆν,
1157 1771 1345 1823 προέσθαι
1374 1770 1415 1812 δὲ
1447 1770 1491 1812 τὸ
1525 1769 1595 1823 ζῆν
1629 1770 1687 1820 μὴ
1721 1769 1940 1819 δυνάμενος

354 1842 459 1895 (leni
509 1857 552 1885 se
596 1843 806 1885 tabescere
850 1846 984 1886 morte
1017 1855 1166 1899 passus
1196 1844 1291 1895 est).
1325 1839 1514 1885 Conferri
1544 1842 1721 1897 possunt
1752 1852 1859 1896 quae
1890 1837 1942 1881 de

356 1916 492 1955 morte
525 1911 738 1956 Ciceronis
769 1913 1026 1956 Plutarchus
1059 1913 1175 1956 dicit.
1798 1955 1801 1958 .

417 1983 482 2025 Ad
513 1986 733 2040 proprium
763 1984 893 2027 huius
924 1983 1025 2027 libri
1050 1983 1171 2026 redeo
1199 1982 1439 2026 consilium.
1469 1981 1625 2025 Docere
1653 1979 1749 2025 vult
1774 1978 1942 2023 Plutar-

355 2054 460 2097 chus
500 2054 602 2106 μίαν
643 2052 743 2097 εἶναι
789 2055 858 2097 καὶ
901 2057 972 2104 τὴν
1016 2056 1143 2104 αὐτὴν
1176 2054 1312 2106 ἀνδρὸς
1345 2053 1411 2096 καὶ
1447 2052 1639 2105 γυναικὸς
1675 2051 1834 2104 ἀρετήν,
1866 2049 1940 2094 sed

354 2140 565 2182 nusquam
611 2127 879 2169 manifestius
926 2140 1026 2169 eum
1069 2125 1423 2182 deprehendimus
1463 2126 1509 2167 in
1550 2123 1626 2167 illo
1665 2117 1788 2176 v'itio,
1830 2120 1942 2180 quod

354 2211 490 2253 neque
537 2199 710 2241 omnino
743 2201 864 2254 turpe
897 2198 1017 2240 mihi.
1036 2196 1207 2240 videtur
1238 2199 1280 2239 et
1311 2198 1356 2238 in
1388 2196 1601 2239 mentium
1633 2197 1745 2238 certe
1777 2193 1941 2236 medico

355 2281 486 2323 aequo
514 2270 656 2311 animo
681 2268 902 2311 ferendum
930 2271 1056 2324 puto:
1085 2281 1184 2324 prae
1208 2281 1259 2310 ea
1287 2281 1331 2310 re
1358 2280 1487 2324 quam
1513 2268 1791 2317 consectatur,
1809 2264 1944 2308 homi-

354 2353 458 2381 num
486 2338 668 2381 salutem
697 2344 740 2382 et
766 2341 1092 2396 prosperitatem
1116 2338 1220 2389 dico,
1250 2337 1374 2380 nihili
1402 2337 1507 2380 facit
1524 2350 1700 2381 omnem
1726 2333 1942 2388 ἀκρίβειαν

354 2413 482 2465 atque
522 2411 661 2465 ipsam
702 2413 837 2452 artem
879 2408 1138 2466 „logicam''.
1180 2408 1349 2464 Recipit
1391 2409 1506 2451 enim
1547 2409 1594 2450 in
1624 2401 1749 2451 'hunc
1775 2404 1940 2459 librum

355 2479 599 2536 exemplum
642 2479 897 2523 Stratonices
939 2494 1058 2536 quae,
1093 2493 1192 2522 cum
1225 2493 1268 2522 se
1301 2466 1492 2521 sterilem
1524 2491 1613 2521 esse
1643 2474 1940 2528 intellexisset,

352 2551 444 2606 ipsa
471 2550 523 2592 ad
549 2552 755 2594 maritum
784 2551 1034 2594 Deiotarum
1062 2549 1261 2607 pellicem
1289 2549 1467 2592 adduxit
1494 2562 1517 2592 e
1543 2562 1628 2605 qua
1657 2560 1940 2596 successorem

353 2621 432 2662 sibi
464 2625 702 2676 procrearet
733 2621 982 2678 prolemque
1015 2635 1066 2663 ex
1098 2634 1146 2663 ea
1178 2623 1324 2663 natam
1354 2614 1714 2662 maternoamore
1739 2620 1803 2661 est
1828 2631 1939 2661 com-

353 2689 490 2746 plexa.
524 2691 633 2734 Eant
666 2693 751 2735 viri
782 2696 823 2735 et
854 2692 934 2735 hoc
966 2691 1213 2747 exemplum
1244 2687 1492 2733 imitentur!
1558 2683 1561 2686 ’

413 2762 468 2804 Et
495 2764 662 2819 scripsit
687 2762 847 2806 librum
874 2761 1012 2815 Gleae‚
1029 2777 1168 2819 quam
1195 2761 1301 2805 olim
1329 2761 1620 2822 disputatione
1645 2757 1938 2818 philosophica

398 2934 434 2976 1)
467 2934 538 2966 Hoc
561 2945 611 2966 me
636 2933 780 2967 Nubel-us
802 2934 908 2967 docuit
932 2934 1036 2968 literis
1059 2932 1125 2965 illis
1151 2933 1189 2964 de
1210 2930 1324 2974 quibus
1347 2931 1479 2965 narravi
1502 2931 1536 2964 in
1560 2929 1757 2973 praefatione
1778 2929 1852 2965 libri
1874 2907 1940 2963 ossi.

355 2988 412 3020 nde
435 2989 628 3022 Avondzon'’
654 2989 771 3022 iterum
797 2989 884 3021 editi.
