2002 3372
897 213 984 258 237

204 337 338 384 4810
379 339 425 382 αἱ
467 339 542 388 μὲν
586 338 661 381 ὑπὸ
695 337 842 391 χρείαις
874 338 1130 388 συνημμέναι
1166 338 1307 388 Φιλίαι
1342 336 1418 381 κᾶν
1450 338 1666 380 διαστῶσιν
1698 340 1741 380 οὐ

143 414 346 466 χαλεπῶς
378 405 493 458 αὖθις
524 409 913 460 ἀναλαμβάνουσιν.

204 481 424 526 Ultimum
467 479 726 525 vocabulum
771 480 1175 538 „redintegrantur”
1210 482 1340 524 vertit
1370 482 1594 537 interpres.
1627 480 1743 523 Mihi

141 553 348 598 excidisse
389 553 604 596 obiectum
645 551 821 596 videtur
863 552 976 609 quod
1008 552 1274 609 responderit
1306 551 1512 596 vocabulo
1545 550 1741 601 κόλλησιν

142 627 186 669 in
218 624 486 683 praecedenti
516 625 722 681 imagine.

205 772 292 816 481
308 771 342 816 E
383 771 606 815 Discordes
647 771 796 815 fratres
839 785 892 814 ne
931 772 1090 815 amicos
1123 770 1297 828 quidem
1329 774 1372 814 et
1403 770 1595 828 hospites
1626 785 1740 815 com-

143 858 294 889 munes
334 844 489 888 habere
532 842 697 895 volunt,
742 843 870 896 ἐχθρὰ
914 843 1054 886 πάντα
1089 843 1143 885 τὰ
1178 847 1387 896 προσφιλῆ
1420 848 1505 890 τοῖς
1537 843 1739 898 ἀδελφοῖς

141 916 345 968 νέμοντες.
1133 964 1135 966 ,

202 987 392 1039 νέμοντες
423 1001 500 1044 pro
530 985 761 1040 νομίζοντες
795 987 985 1043 positum
1017 999 1163 1029 rarum
1195 985 1309 1043 apud
1340 984 1637 1029 Plutarchum.

205 1123 344 1168 482Α
385 1123 468 1177 Qui
501 1122 648 1167 eodem
681 1126 746 1166 est
776 1126 896 1180 patre
928 1122 1161 1179 eademque
1194 1126 1342 1166 matre.
1363 1126 1600 1180 prognatus
1633 1124 1673 1166 ei

206 1195 276 1238 καὶ
319 1199 397 1238 τῶν
429 1194 747 1248 ἁμαρτημάτων
780 1193 883 1242 εἰκός
919 1194 1028 1236 ἔστιν
1061 1195 1277 1248 ἐπιχωρεῖν
1312 1193 1396 1236 ἔνια
1431 1195 1499 1237 καὶ
1534 1194 1743 1246 παρείκειν

145 1267 324 1320 λέγοντα
359 1267 475 1322 [πρὸς
507 1265 690 1320 ἀδελφὸν
725 1264 1089 1322 ἐξαμαρτάνοντα]

205 1338 377 1384 τοῦνεκα
411 1339 450 1380 σ“
480 1338 524 1381 οὐ
557 1337 739 1388 δύναμαι
773 1343 985 1390 προλιπεῖν
1018 1337 1211 1387 δύστηνον
1244 1337 1376 1381 ε’όντα.

206 1409 376 1454 Inclusa
423 1408 537 1453 delet
580 1409 951 1467 WyttenbachiuS.
1001 1407 1178 1452 Utinam
1225 1423 1394 1466 semper
1436 1410 1496 1451 sic
1537 1409 1743 1451 sentirent

147 1480 329 1526 editores
361 1494 468 1538 quae
500 1480 730 1524 verborum
764 1481 935 1524 ubertas
967 1480 1069 1523 ferri
1101 1481 1249 1537 possit,
1282 1493 1390 1536 quae
1422 1468 1504 1523 non
1537 1477 1694 1536 possit!

207 1627 296 1672 482
313 1627 347 1670 F
398 1627 589 1686 Oportet,
635 1642 736 1671 cum
783 1627 915 1671 frater
953 1629 998 1670 in
1040 1626 1185 1684 aliqua
1225 1641 1270 1670 re
1313 1627 1397 1670 fuit
1437 1626 1741 1685 negligentior,

147 1699 282 1752 καιρὸν
323 1699 345 1750 ἦ
391 1698 537 1752 πρᾶξιν
579 1699 716 1751 ἑτέραν
759 1699 780 1749 ἢ
826 1699 899 1746 την
941 1699 1067 1750 Φύσιν
1102 1699 1329 1750 αἰτιᾶσθαι,
1362 1699 1411 1744 ὣς
1446 1700 1611 1750 μᾶλλον
1644 1698 1743 1749 πρὸς

146 1769 264 1814 ἄλλα
295 1770 608 1824 χρησιμωτέραν
639 1770 708 1812 καὶ
743 1770 994 1823 σημνοτέραν
1027 1767 1165 1814 οὖσαν.

206 1842 292 1886 Pro
318 1842 566 1896 σεμνοτέραν
589 1841 762 1899 legatur
788 1841 1108 1894 ἀνυσιμωτέραν.
1136 1840 1359 1885 Praeclara
1386 1841 1489 1884 haec
1516 1845 1580 1884 est
1607 1855 1746 1884 emen·

147 1913 262 1957 datio
295 1912 573 1957 Bernardakii
604 1914 675 1956 cui
700 1927 812 1956 nunc
840 1914 1035 1956 certatim
1065 1911 1317 1956 maledicere
1345 1911 1483 1955 solent
1506 1914 1590 1956 viri
1617 1912 1743 1956 docti.

206 2058 264 2102 ib.
313 2056 528 2102 Continuo
561 2059 778 2114 sequitur:

205 2125 251 2172 εὖ
281 2129 315 2172 δ’
348 2127 438 2183 ἔχει
473 2128 542 2172 καὶ
576 2130 620 2172 τὸ
654 2133 725 2171 τοῦ
761 2128 1090 2181 Ἀγαμέμνονος,
1123 2130 1173 2174 ὦς

326 2200 411 2244 οὔτ’
443 2198 540 2252 ὄκνῳ
573 2199 687 2243 εἴκων
719 2199 806 2242 οὔτ’
838 2199 1063 2253 ἀφραδίῃσι
1097 2198 1207 2251 νόοιο,

326 2272 427 2314 ἀλλ’
460 2272 534 2322 ἕμέ
568 2273 606 2313 τ’
639 2271 818 2323 εἰσορόων
850 2271 918 2314 καὶ
955 2271 1056 2322 ε’μην
1087 2270 1377 2322 ποτιδέγμενος
1413 2271 1538 2323 ὁρμήν

147 2343 271 2394 κάμοὶ
306 2347 426 2387 τοῦτο
458 2342 665 2394 παραδοὺς
699 2345 745 2387 τὸ
779 2344 962 2391 καθῆκον.

208 2414 327 2458 Male
358 2413 515 2458 ultima
546 2416 605 2458 sic
633 2416 764 2458 vertit
790 2416 1024 2471 interpres:
1057 2415 1167 2466 „sibi
1192 2415 1271 2458 hoc
1298 2416 1529 2457 munerisa
1546 2413 1744 2458 Menelao

146 2485 346 2530 relictum
394 2484 582 2529 dicens”.
630 2485 835 2544 Neglexit
883 2487 998 2529 enim
1042 2489 1305 2528 constantem
1349 2484 1570 2529 Plutarchi
1615 2500 1743 2528 usum

146 2558 287 2601 verbis
319 2571 342 2601 e
373 2560 499 2614 poeta
531 2558 674 2600 citatis
707 2559 854 2600 statim
888 2571 965 2600 sua
996 2556 1260 2601 annectendi.
1293 2556 1329 2600 E
1361 2558 1555 2613 proxima
1582 2558 1742 2600 vicinia

146 2620 255 2683 ⁸(482
267 2629 323 2683 A)
354 2628 435 2672 hoc
467 2629 552 2672 cito
584 2628 833 2685 exemplum

330 2698 503 2742 τοῦνεκά
535 2700 573 2742 σ’
605 2700 649 2742 οὐ
681 2700 862 2750 δύναμαι
895 2705 1107 2754 προλιπεῖν
1140 2699 1330 2749 δύστηνον
1363 2699 1481 2742 ἐόντα

150 2772 219 2815 καὶ
252 2773 416 2824 Φαῦλον
447 2771 515 2813 καὶ
552 2771 732 2819 ἀνόητον.

208 2841 376 2886 Ultima
408 2842 630 2885 Plutarchi
664 2845 776 2893 sunt,
811 2856 917 2899 quae
950 2844 1060 2886 sicut
1091 2846 1234 2886 nostro
1263 2842 1357 2886 loco
1389 2844 1510 2885 fratri
1538 2841 1666 2885 alicui
1693 2856 1745 2885 ex

147 2915 237 2958 suis
279 2916 428 2958 amicis
469 2915 656 2971 praebet.
704 2915 810 2957 Post
851 2916 903 2962 ὡς
945 2918 1020 2958 aut
1062 2914 1221 2959 excidit
1261 2920 1336 2959 aut
1379 2917 1638 2973 cogitatione
1682 2918 1746 2958 est

149 2986 435 3043 supplendum
470 2985 666 3034 ἐνέλιπες.
