2002 3372
1091 233 1178 276 304

345 356 484 398 vitioso
519 356 677 409 pudore
717 353 888 396 libellus
930 353 1068 397 multo
1101 369 1228 410 quam
1260 355 1329 398 illi
1361 358 1409 398 de
1434 357 1692 411 qarrulibate,
1723 360 1772 401 de
1802 359 1928 402 eurio-

343 427 476 477 sitate,
508 426 581 468 alii
614 428 964 476 Φιλοσοφώτεροςτ
997 425 1196 468 morbum
1223 429 1407 478 tractari,
1436 433 1478 470 et
1504 432 1614 471 recte
1643 430 1825 481 tractari,
1853 431 1928 487 qui

345 497 483 539 multo
524 498 663 552 magis
703 494 943 538 reconditus
986 497 1031 537 in
1062 495 1250 539 hominis
1284 499 1392 540 iacet
1424 504 1580 550 mente,
1615 501 1765 555 quavis
1796 502 1927 543 sentis

344 569 512 623 pagina.
537 566 800 621 Quapropter
821 565 1018 620 equidem
1035 570 1153 608 ratus
1170 568 1363 610 omnium
1380 568 1486 611 hanc
1503 583 1593 612 esse
1611 571 1850 613 orationum
1870 595 1925 603 -

344 652 442 680 nam
475 638 577 692 quin
609 637 734 677 oratio
767 640 809 678 et
839 636 942 678 haec
973 637 1029 678 sit
1058 638 1102 678 in
1130 651 1286 694 magna
1314 637 1457 694 aliqua
1484 639 1708 682 hominum
1734 641 1927 684 contione

344 709 487 750 habita
519 707 713 749 dubitare
745 721 868 749 nemo
900 711 1040 762 potest
1073 732 1129 739 —-
1162 709 1316 764 quibus
1343 708 1567 752 hominum
1595 714 1757 753 mentes
1782 724 1927 754 sanare

342 777 599 820 Plutarchus
646 777 858 819 studuerit
900 779 1306 833 praestantissimam
1323 811 1333 830 ,
1388 784 1523 822 totam
1566 794 1658 823 eam
1700 780 1929 833 vernacule

344 850 466 892 verti.
508 848 642 900 Quam
689 849 1085 903 interpretationem
1118 850 1192 904 qui
1224 853 1366 892 nostro
1399 853 1584 893 utuntur
1614 864 1804 895 sermone
1835 865 1928 894 con-

342 917 479 961 sulere
522 922 722 974 poterunt
765 919 931 973 quoties
975 932 1225 974 cognoscere
1266 921 1438 975 cupient
1480 921 1531 963 de
1561 920 1664 964 locis
1695 923 1740 964 in
1773 921 1927 978 quibus

342 989 541 1032 haereant
581 990 663 1044 ipsi
706 988 807 1044 quid
851 1003 930 1046 ego
964 991 1159 1031 sentiam.
1204 989 1454 1033 Ceterorum
1488 993 1697 1044 omnium,
1731 994 1811 1049 qui·
1835 991 1927 1035 Bel-

341 1061 435 1115 gice
476 1061 682 1110 nesciunt,
725 1073 849 1101 causa
891 1073 990 1102 mox
1032 1059 1084 1102 ad
1125 1060 1349 1103 nonnullos
1390 1061 1504 1105 locos
1545 1076 1678 1118 pauca
1719 1062 1924 1119 quaedam

341 1130 563 1172 annotabo.
596 1130 707 1172 Nam
740 1130 810 1171 hic
840 1128 931 1172 illic
962 1144 986 1172 a
1018 1132 1236 1172 communi
1270 1132 1460 1174 virorum
1489 1131 1710 1175 doctorum
1736 1132 1925 1190 discrepo

342 1201 564 1242 sententia.
605 1199 687 1242 Sed
728 1200 806 1242 1100
849 1214 984 1242 unum
1018 1201 1148 1242 etiam
1181 1214 1453 1256 praemonere
1486 1202 1632 1246 velim.
1674 1202 1786 1256 Quid
1814 1204 1927 1246 inter

341 1271 454 1312 hunc
495 1269 692 1312 libellum
734 1274 991 1326 ceterosque,
1036 1285 1218 1326 quorum
1247 1271 1363 1314 idem
1396 1276 1459 1315 est
1489 1273 1728 1325 consilium,
1757 1275 1925 1317 intersit

341 1343 427 1383 iam
469 1341 571 1384 dixi.
615 1340 696 1383 Sed
737 1355 867 1383 unam
912 1355 1001 1383 rem
1043 1355 1141 1383 cum
1174 1341 1260 1384 illis
1292 1343 1419 1385 habet
1451 1357 1744 1387 communem:
1777 1346 1923 1387 statim

341 1410 677 1454 Chaeronensem
721 1412 915 1467 agnoscis
957 1413 1168 1454 mentium
1210 1412 1441 1465 medicum,
1484 1415 1627 1457 virum
1657 1413 1783 1457 illum
1814 1428 1924 1458 ama·

341 1482 472 1524 bilem
506 1483 578 1537 qui
612 1496 692 1524 non
727 1481 864 1524 solum
896 1481 991 1523 aliis
1021 1482 1093 1524 dat
1124 1487 1345 1538 praecepta
1372 1484 1443 1526 sed
1469 1485 1560 1540 ipse
1586 1498 1752 1541 quoque
1777 1484 1923 1528 eodem

340 1566 437 1595 cum
471 1551 560 1594 illis
591 1552 738 1594 morbo
770 1552 852 1593 sibi
884 1551 1075 1594 laborare
1108 1553 1275 1598 videtur
1285 1567 1295 1605 3
1328 1555 1469 1596 verbis
1496 1556 1634 1597 utitur
1657 1554 1799 1611 qualia
1823 1558 1925 1598 sunt

340 1622 575 1674 θεράπευμα
620 1626 662 1664 et
704 1621 842 1663 multa
881 1621 963 1663 alia
1004 1623 1160 1677 quibus
1199 1637 1265 1665 ars
1296 1616 1442 1666 eorum
1475 1626 1548 1680 qui
1580 1639 1743 1679 corpora
1773 1628 1924 1668 curant

339 1692 603 1734 describitur.
647 1691 899 1733 Auditorem
940 1692 992 1733 ab
1035 1705 1083 1734 ea
1123 1693 1376 1749 aggreditur
1419 1698 1550 1751 parte,
1593 1694 1704 1738 unde
1736 1696 1922 1738 maxime

338 1765 401 1804 est
445 1761 735 1812 vulnerabilis,
785 1761 966 1803 docendo
1014 1766 1169 1817 quanta
1217 1762 1470 1806 detrimenta
1511 1768 1555 1807 et
1596 1765 1656 1806 rei
1687 1764 1922 1820 familiaris

338 1833 492 1875 damna
523 1832 592 1874 hic
619 1832 763 1875 afferre
792 1831 923 1874 soleat
951 1833 1146 1884 morbus;
1176 1847 1305 1889 quam
1332 1833 1538 1877 ridiculus
1564 1836 1621 1877 sit
1646 1838 1690 1878 et
1715 1835 1921 1878 absurdus

337 1906 386 1945 ut
412 1906 623 1958 appareat,
653 1902 766 1944 hunc
791 1916 971 1959 aegrum
986 1917 1069 1945 non
1087 1905 1230 1950 minus
1247 1918 1374 1959 quam
1391 1903 1615 1961 garrulum
1633 1908 1675 1948 et
1691 1907 1919 1957 curiosum,

335 1974 471 2015 immo
515 1971 654 2019 multo
696 1974 848 2029 mag-ie,
891 1974 944 2015 iis
975 1975 1080 2029 ipsis
1112 1988 1216 2029 quas
1247 1979 1347 2031 agat
1379 1976 1506 2018 rebus
1537 1990 1599 2026 eo,
1628 1989 1711 2031 quo
1743 1977 1920 2018 minime

337 2042 455 2094 velit,
499 2044 719 2099 pervenire
751 2042 1025 2086 demonstrat.
1066 2043 1259 2100 Denique
1291 2059 1398 2101 quae
1429 2045 1547 2088 affert
1578 2042 1772 2102 exempla
1798 2060 1847 2089 ea
1877 2050 1920 2088 et

336 2117 604 2157 commovent
647 2113 858 2156 audientis
900 2115 1094 2156 animum
1137 2118 1179 2157 et
1210 2117 1400 2159 suaviter
1431 2115 1636 2168 detinent,
1669 2130 1775 2173 quae
1807 2131 1919 2160 com-

335 2184 505 2227 mendat
530 2184 715 2227 remedia
740 2185 783 2226 in
810 2189 1008 2240 promptu
1036 2188 1136 2227 sunt
1162 2186 1359 2228 omnibus
1385 2190 1427 2230 et
1453 2188 1667 2243 proposito
1683 2188 1916 2243 aptissima.

393 2326 484 2368 Iam
517 2340 623 2382 quae
655 2326 706 2368 ad
737 2325 928 2382 singulos
958 2326 1070 2369 locos
1101 2331 1299 2371 annotare
1331 2327 1462 2371 velim
1495 2329 1597 2371 haec
1628 2333 1750 2371 sunt:

396 2396 526 2439 5281?
571 2396 588 2437 ὅ
632 2396 666 2437 δ’
701 2397 977 2444 εὐδυσώπητος
1024 2393 1077 2438 αὖ
1118 2398 1246 2439 πάλιν
1289 2398 1409 2448 ἄγαν·
1444 2398 1490 2440 τὸ
1533 2400 1632 2449 θῆλυ
1665 2403 1737 2447 τῆς
1770 2403 1916 2453 ψυχῆς

334 2465 403 2508 καὶ
446 2468 638 2518 τρυφερὸν
682 2467 876 2518 ἐμφαίνει
920 2467 986 2508 διὰ
1020 2472 1094 2516 τῆς
1127 2466 1270 2519 ὅψεως,
1305 2469 1375 2515 ’τὴν
1411 2468 1486 2509 ὑπὸ
1519 2472 1595 2510 τῶν
1629 2468 1915 2522 ἀναισχύντων

332 2536 422 2588 ὄψιν
455 2537 654 2590 αἰσχύνην
683 2536 1022 2590 ὑποκοριζόμενος.
1453 2540 1457 2544 ’

393 2607 485 2650 Ηο0
503 2609 538 2649 si
553 2609 596 2649 in
616 2608 828 2650 codicibus
844 2607 1060 2667 legeretur
1078 2622 1159 2658 „en
1175 2609 1372 2665 insigne”
1391 2609 1618 2652 clamarem
1639 2609 1912 2665 „exemplum

332 2679 431 2720 vitii
462 2678 582 2721 illius
613 2680 658 2720 in
690 2678 910 2720 Plutarchi
941 2682 1062 2720 textu
1094 2679 1441 2734 frequentissimi,
1473 2679 1524 2722 de
1550 2692 1632 2735 quo
1659 2680 1784 2722 toties
1809 2679 1912 2722 dixi.

332 2748 433 2800 Quis
475 2751 589 2791 enim
628 2749 819 2791 dubitare
851 2751 989 2804 potest
1020 2750 1122 2803 quin
1155 2749 1428 2792 describentis
1460 2763 1598 2792 errore
1628 2747 1737 2791 illud
1766 2748 1859 2801 ὄψιν
1890 2763 1913 2792 0

331 2819 595 2874 praecedenti
626 2818 754 2870 ὅψεως
789 2823 939 2861 natum
971 2820 1049 2861 sit:
1093 2819 1308 2876 paulisper
1340 2820 1588 2862 dormitavit
1617 2818 1691 2861 ille
1723 2823 1764 2861 et
1795 2820 1912 2863 adest

331 2889 578 2932 mendum.''
612 2889 722 2932 Nam
754 2903 888 2944 neque
919 2887 1130 2932 Graecum
1162 2893 1226 2932 est
1257 2889 1347 2942 ὄψιν
1375 2904 1474 2932 011111
1500 2889 1806 2944 praepositione
1834 2890 1910 2932 ὑπό

329 2960 537 3009 iunctum,
566 2963 608 3001 et
634 2961 669 3001 si
701 2958 791 3012 ὄψις
827 2958 902 3000 ὑπὸ
935 2963 1011 3000 τῶν
1043 2960 1326 3012 ἀναισχύντων
1357 2960 1440 3002 dici
1472 2962 1612 3015 posset
1643 2958 1689 2999 τὸ
1724 2957 1800 3001 ὑπὸ
1834 2961 1910 3002 τῶν
