2002 3372
909 175 995 218 309

144 299 447 356 ⁴⁴turpissimam
488 301 630 355 petere
671 298 723 341 ab
764 296 862 341 alio.
906 297 999 340 Hoc
1041 312 1140 340 cum
1173 297 1234 349 fit,
1268 300 1486 354 petentem
1517 311 1594 340 suo
1627 301 1747 354 potes

140 369 350 428 iugulare
390 369 548 428 gladio.
592 368 640 412 Si
682 370 797 412 enim
830 373 872 412 te
904 369 1075 426 rogabit
1108 374 1157 412 ut
1188 371 1234 412 in
1264 369 1424 412 iudicio
1458 368 1527 412 vel
1559 371 1746 412 comitiis

140 439 315 498 aliquid
354 441 484 486 facias
523 444 669 484 contra
698 439 817 497 leges
850 439 920 484 vel
950 442 1032 491 ius,
1066 442 1106 484 ei
1138 440 1364 498 responde:
1401 441 1596 493 „faciam,
1628 442 1666 484 si
1698 445 1747 484 tu

140 513 197 558 .in
226 503 368 570 aliquo
397 514 616 569 prooemio
648 516 889 569 syntaxeos,
931 513 976 554 in
1008 510 1151 568 aliqua
1182 513 1423 556 narratione
1455 511 1746 570 etymologiae

140 582 267 642 loges
292 582 574 628 violaveris?
673 591 677 594 ’
1550 634 1553 635 ⁷

209 653 452 713 salsissima
482 655 598 707 haec,
631 654 704 699 sed
735 657 1071 712 corrumpuntur
1101 655 1252 712 putido
1284 655 1597 700 additamento:

208 727 252 769 οὐ
285 726 370 779 γὰρ
404 726 586 775 ἐθελήσει
618 725 684 769 διὰ
717 727 763 770 τὸ
795 726 1039 777 Φαινόμενον
1073 727 1243 779 αἰσχρόν

147 797 260 854 quod
286 811 370 841 non
397 811 422 840 a
446 795 679 841 Plutarcho
706 797 777 841 sed
803 798 855 841 ab
887 797 1031 854 aliquo
1059 797 1191 841 sciolo
1218 798 1458 855 profectum
1486 800 1582 855 quis
1609 799 1742 842 semel

135 870 341 913 monitus
373 883 456 912 non
475 867 639 912 audit?

131 1026 148 1051 x1
177 1011 346 1056 ·-2535D
388 1013 621 1070 Postquam
662 1014 766 1056 satis
795 1014 884 1056 iam
916 1013 1226 1057 demonstravit
1257 1017 1399 1057 orator
1429 1028 1559 1070 quam
1592 1015 1736 1058 absur-

144 1084 247 1128 dum
290 1086 349 1128 sit
387 1085 531 1142 ipsum
575 1085 656 1127 tibi
698 1085 945 1128 contrahere
984 1086 1208 1128 infamiam
1254 1089 1303 1127 ut
1343 1085 1511 1128 homini
1542 1087 1739 1142 improbo

143 1155 487 1200 emolumentum
521 1157 673 1212 parias,
707 1157 767 1199 sic
799 1157 964 1213 pergit:

205 1228 338 1271 natm
383 1228 644 1279 παρίσταταί
684 1244 736 1278 γε
776 1233 859 1274 τοῖς
900 1233 1066 1276 πολλοῖς
1111 1229 1166 1270 τὰ
1201 1230 1377 1271 τοιαῦτα
1411 1228 1480 1270 xx>
1514 1230 1556 1271 οὐ
1590 1229 1741 1271 λανθά-

141 1293 269 1343 ioum
301 1299 473 1347 ἑαυτοὺς
505 1298 873 1351 ἐξαμαρτάνοντες.

127 1400 146 1403 --
175 1363 507 1414 *lautiusculam
554 1370 731 1414 fortasse
773 1371 990 1414 videbitur
1035 1371 1147 1427 quod
1194 1371 1347 1423 dicam,
1396 1371 1532 1415 dicam
1578 1376 1737 1424 tamen,

143 1457 243 1486 nam
273 1443 384 1486 mihi
416 1442 590 1486 videtur
619 1444 943 1500 gravissimum.
977 1443 1071 1486 Non
1104 1444 1242 1486 claudi
1266 1444 1333 1486 his
1360 1443 1484 1487 debet
1509 1448 1638 1501 caput
1668 1442 1736 1496 17,

139 1514 212 1558 sed
243 1514 296 1558 ab
327 1514 394 1557 his
426 1514 577 1568 (καίτοι
613 1515 872 1565 παρίσταται
905 1515 1010 1567 κτὲ.)
1040 1517 1226 1572 incipere
1252 1520 1381 1572 caput
1411 1515 1479 1558 18.
1513 1515 1634 1569 Quod
1662 1516 1738 1559 ubi

126 1585 299 1630 factum
340 1587 435 1638 erit,
478 1586 576 1629 vide
617 1601 745 1643 quam
780 1585 890 1629 belle
922 1586 1118 1630 decurrat
1149 1587 1408 1644 disputatio:
1445 1601 1735 1645 „quamquam

137 1658 328 1701 sentiunt
359 1671 404 1700 se
436 1671 607 1715 peccare
639 1658 834 1702 homines
866 1663 909 1702 et
938 1660 1076 1715 ipsius
1101 1661 1262 1715 peccati
1289 1673 1359 1702 eos
1386 1659 1540 1703 taedet.
1574 1659 1735 1704 Tamen

123 1718 307 1786 sspeccare
339 1733 541 1787 pergunt,
575 1743 674 1773 nam
706 1730 958 1773 infirmitate
991 1730 1174 1787 quadam
1206 1730 1402 1774 laborant
1427 1733 1598 1784 mentis,
1627 1746 1734 1789 quae

136 1800 250 1844 haud
275 1804 340 1844 est
366 1800 586 1844 dissimilis
613 1801 859 1844 infirmitati
884 1801 1115 1858 corporis.''
1147 1801 1262 1845 Haec
1290 1804 1405 1845 enim
1432 1805 1642 1846 sententia
1668 1808 1734 1847 est

135 1871 277 1930 broyis
308 1873 411 1915 satis
442 1871 560 1929 longi
590 1871 697 1915 loci:
731 1873 863 1915 καίτοι
898 1873 1159 1925 παρίσταταί
1191 1889 1243 1924 γε
1273 1905 1282 1916 .
1303 1906 1312 1915 .
1333 1906 1343 1916 .
1363 1906 1372 1915 .
1403 1873 1539 1922 δειλῶς
1574 1873 1731 1929 ἔχουσι.

118 1931 385 2002 ‘Beqtiuntur
410 1940 510 1987 ‘tum
541 1948 765 2002 praecepta
795 1943 916 1987 illius
947 1943 1212 1988 infirmitatis
1242 1945 1463 1989 sanandae.

120 2083 147 2108 ²*
195 2085 332 2131 535E
370 2086 623 2146 Thucydide
664 2090 837 2131 auctore
880 2103 962 2131 non
1003 2091 1142 2145 potest
1183 2103 1283 2132 non·
1307 2089 1474 2134 invidia
1505 2093 1626 2148 sequi
1659 2107 1732 2149 po-

134 2159 328 2216 tentiam,
367 2163 512 2202 monet
553 2173 656 2216 ergo
698 2163 748 2202 ut
788 2161 978 2202 maximo
1012 2161 1148 2217 pretio
1179 2161 1390 2204 invidiam
1423 2175 1631 2205 emamus.
1666 2163 1730 2206 Ab

119 2239 182 2273 'eo
223 2233 369 2273 noster
410 2229 689 2287 philosophus
719 2245 801 2274 non
833 2230 960 2289 plane
992 2231 1165 2288 quidem
1198 2232 1393 2276 dissentit
1426 2233 1499 2277 sed
1529 2234 1643 2278 haud
1674 2235 1731 2278 le-

133 2301 246 2344 viter
286 2307 431 2344 tamen
473 2300 707 2359 discrepat;
741 2305 867 2359 putat
898 2304 1016 2345 enim
1049 2336 1058 2346 .
1080 2336 1088 2346 .
1109 2336 1118 2346 .
1139 2336 1148 2346 .
1182 2305 1227 2347 τὸ
1261 2305 1302 2347 δὲ
1335 2305 1496 2357 μέμψει
1530 2308 1589 2355 μὴ
1622 2322 1729 2358 περι-

132 2377 274 2415 πεσεῖν
295 2373 398 2423 μηδὲ
414 2372 591 2426 λυπηρόν
609 2389 686 2416 τινι
704 2373 894 2424 γενέσθαι
912 2375 990 2417 τῶν
1006 2375 1226 2428 χρωμένων
1243 2375 1444 2419 ἀδύνατον
1462 2378 1727 2422 παντάπασι.

123 2450 126 2452 ’
191 2442 291 2496 Hic,
334 2447 384 2486 ut
425 2445 586 2501 opinor,
627 2458 753 2488 nemo
794 2446 833 2488 ei
865 2444 1132 2502 obloquetur,
1164 2451 1207 2490 et
1238 2461 1315 2490 suo
1346 2449 1440 2491 iure
1472 2462 1517 2492 se
1549 2451 1654 2492 scire
1684 2450 1728 2493 id

131 2517 192 2557 et·
215 2513 350 2557 videre
390 2504 593 2569 (δρῶντες)
631 2514 892 2560 Plutarchus
934 2516 1051 2561 dicit.
1095 2518 1206 2571 Quid
1248 2521 1364 2562 enim
1407 2522 1564 2563 certius
1597 2535 1727 2578 quam

111 2576 343 2630 'neminem
372 2600 493 2643 posse
515 2587 687 2644 *semper
713 2588 886 2631 omnem
903 2590 1039 2632 vitare
1056 2589 1331 2634 offensionem
1349 2590 1419 2634 vel
1435 2590 1728 2636 levissimam?

131 2658 190 2701 At
229 2658 333 2715 quid
375 2658 642 2716 praemittit?
686 2659 797 2714 Quid
827 2661 981 2718 putas?
1024 2663 1092 2704 τὸν
1124 2663 1200 2713 μὲν
1230 2664 1374 2716 Φθόνον
1408 2663 1652 2717 διαφεύγειν
1683 2667 1727 2709 οὔ

129 2731 339 2783 χαλεπόν.
372 2727 602 2774 Αἰιινοτο.
635 2730 842 2775 Subitane
873 2735 915 2776 te
946 2735 1057 2790 cepit
1088 2736 1254 2778 insania
1285 2739 1327 2778 et
1360 2737 1552 2779 omnium
1581 2751 1726 2780 rerum

111 2800 316 2845 oblivio?
345 2802 514 2854 „Facile
540 2806 604 2846 est
630 2804 768 2847 vitare
793 2804 1047 2848 invidiam.''
1081 2806 1185 2860 Quis
1211 2807 1290 2850 hoc
1317 2806 1485 2851 audivit
1512 2808 1726 2866 unquam?

130 2873 200 2916 καὶ
245 2874 447 2927 κεραμεὺς
492 2881 677 2928 κεραμεῖ,
707 2877 843 2919 immo
875 2891 975 2920 vero
1008 2881 1050 2921 et
1083 2879 1303 2922 mendicus
1335 2879 1529 2924 mendico
1560 2881 1727 2924 invidet

130 2948 173 2988 et
204 2959 354 2990 servus
386 2960 522 2998 servu,
554 2948 727 2991 vinctus
759 2947 915 3000 soluto,
948 2953 998 2992 ut
1028 2954 1093 2992 est
1124 2951 1169 2992 in
1196 2951 1245 2993 de
1273 2951 1575 3008 tranquillitate
1600 2953 1726 2995 animi
