2002 3372
1115 269 1201 312 554

301 449 303 451 ι
371 387 538 439 συγξεῖν
568 388 677 431 nihil
709 392 784 431 est.
815 388 872 430 Et
903 403 951 431 eo
981 390 1074 445 ipso
1105 390 1216 447 quod
1243 392 1435 450 singulae
1462 397 1601 450 partes
1626 397 1941 441 accumbant

371 459 532 502 dolatae
562 459 714 502 accidit
745 463 793 502 ut
821 459 1002 502 firmiter
1033 460 1298 506 cohaereant.
1771 488 1773 490 ·
1843 486 1858 489 ·>

430 603 566 646 85311.
608 604 835 660 Receptam
867 607 1055 662 oportuit
1083 607 1340 663 praeclaram
1367 608 1556 666 Emperii
1581 611 1940 657 emenduioeem:

369 673 553 726 καθάπερ
594 676 722 717 αὐλοῦ
765 675 991 727 πάντρητον
1032 678 1282 728 ἀνασπάσας
1324 680 1442 732 ταχὺ
1484 681 1613 724 πάλιν
1654 681 1722 725 καὶ
1764 684 1940 732 nme,-

369 744 615 796 ἐπέλαβε
647 759 721 801 pro
753 745 953 797 ἐπέβαλε.
1671 766 1675 771 ’
1820 765 1826 768 ’

429 878 565 922 854Α
612 879 698 925 Α111
739 882 896 938 populo
937 884 1162 937 scribunt,
1182 885 1254 929 alii
1296 886 1573 932 cultioribus.
1612 888 1658 932 τὸ
1695 889 1749 933 δὲ
1759 890 1821 933 ,ἑν
1839 890 1940 942 ἆμ-

367 954 487 1003 φοῖν
519 950 719 1002 ἁρμόττον
751 955 876 1009 pauci
906 955 1176 1000 invenerunt.
1696 991 1698 993 -
1775 978 1802 995 ··
1820 980 1831 991 .

425 1020 508 1063 Pro
540 1021 720 1066 absurdo
753 1024 792 1065 ἐν
823 1025 981 1078 ἀμφοῖν
1012 1031 1124 1070 recte
1155 1033 1386 1083 συναμφοῖν
1417 1029 1615 1074 Reiskius
1645 1032 1862 1125 reposuim

427 1165 560 1211 854G
601 1167 809 1220 Quoniam
835 1183 1047 1228 nusquam
1075 1176 1164 1216 toto
1187 1173 1332 1218 libello
1360 1174 1411 1218 de
1437 1176 1661 1230 actoribus,
1686 1174 1941 1235 sedsemper

366 1236 416 1279 de
457 1239 592 1293 poetis
632 1241 789 1296 agitur,
830 1242 873 1283 in
911 1244 1061 1299 capitis
1095 1243 1122 1286 4
1153 1245 1276 1288 initio
1307 1259 1404 1288 cum
1437 1246 1629 1303 Hauptio
1661 1246 1940 1305 aeomkpro

367 1307 585 1361 ὑποκριτάς
614 1315 680 1352 eet
709 1310 954 1368 legendum.

423 1455 480 1496 ib.
528 1455 753 1499 Menandri
784 1458 1024 1502 comoediae
1056 1459 1238 1508 ἀφθόνων
1271 1461 1382 1504 ἁλῶν
1415 1462 1485 1505 καὶ
1518 1463 1627 1515 ἱερῶν
1656 1463 1893 1517 μετϋχουσι.

423 1523 564 1567 Donec
604 1522 841 1570 constiterit
882 1532 955 1585 qui
997 1529 1103 1573 sales
1134 1532 1240 1573 sam·
1268 1532 1444 1575 sanctive
1475 1534 1574 1585 sint,
1606 1546 1705 1577 cum
1730 1534 1937 1621 Emperio

363 1594 508 1648 ἱλαρῶν
540 1611 614 1652 pro
646 1598 754 1649 ἱερῶν
785 1600 866 1642 erit
895 1599 1137 1657 legendum.

421 1730 478 1772 ib.
523 1730 728 1784 Additur:
772 1731 902 1786 ὥσπερ
935 1735 980 1786 ἐξ
1011 1736 1163 1786 ἐκείνης
1194 1737 1420 1789 γεγονότων
1452 1742 1526 1787 τῆς
1559 1739 1770 1790 θοι-λάττης·
1801 1738 1902 1792 13
1875 1756 1936 1784 ων

362 1801 582 1853 Ἀφροδίτη
614 1804 798 1855 γέγονεν.
1694 1827 1699 1841 ’

422 1870 612 1915 Immo
594 1890 637 1922 ης
669 1888 766 1917 cum
799 1875 1004 1934 Hauptio.

420 2009 477 2053 ib.
525 2011 606 2054 Sed
648 2014 783 2056 acerbi
825 2017 924 2056 sunt
963 2014 1070 2058 sales
1110 2016 1421 2072 Aristophanis,
1463 2017 1532 2060 καὶ
1574 2018 1652 2061 οὐκ
1687 2014 1763 2061 εἷλ’
1796 2018 1837 2060 δι
1870 2013 1930 2064 οἷς

362 2077 469 2123 ἔστιν
501 2083 523 2130 ἡ
557 2082 796 2134 θρυλουμένη
828 2084 1008 2135 δεξιότης
1043 2087 1112 2128 ὑπ’
1143 2087 1288 2130 αὐτοῦ.
1614 2108 1616 2110 ·
1715 2124 1718 2126 .
1816 2108 1818 2110 ’
1859 2125 1862 2130 .

422 2152 781 2209 praepositionem
816 2156 892 2198 ὑπό
921 2170 1018 2199 cum
1054 2156 1118 2199 W.
1153 2156 1258 2200 dele.
1291 2157 1388 2201 Non
1418 2159 1532 2201 enim
1563 2172 1668 2216 opus
1697 2161 1743 2201 iu
1774 2159 1934 2202 Aristo-

359 2222 509 2278 phanis
536 2225 726 2268 versibus
752 2241 844 2270 eam
871 2227 1054 2272 inveniri
1080 2229 1287 2272 virtutem
1313 2243 1442 2286 quam
1467 2231 1557 2286 ipse
1581 2229 1728 2276 laudet
1743 2231 1798 2275 :in
1821 2229 1931 2275 aliis.

419 2371 578 2413 Placita
602 2372 927 2428 philosophorum
959 2378 1153 2430 excerpt-a
1185 2389 1274 2418 esse
1304 2389 1356 2418 ex
1387 2376 1585 2431 epitomis
1612 2376 1714 2420 Arei
1739 2376 1931 2435 Didymi,

359 2444 494 2484 totam
535 2443 848 2500 philosophiam
889 2445 986 2488 inde
1018 2460 1042 2488 a
1073 2445 1247 2489 Thalete
1279 2446 1522 2502 complexis,
1554 2449 1793 2490 communis
1822 2462 1932 2491 nunc

358 2515 422 2555 eet
451 2514 641 2557 virorum
674 2515 893 2558 doctorum
925 2518 1081 2572 opinio,
1121 2518 1221 2559 nixa
1251 2519 1499 2573 praesertim
1529 2518 1844 2575 comparatione
1870 2518 1932 2562 lo-

358 2597 503 2626 corum
542 2585 588 2626 in
626 2585 796 2629 Stobaei
826 2586 986 2643 eclogis
1017 2592 1059 2630 et
1090 2587 1202 2643 apud
1230 2587 1644 2644 pseudo-Galenum‚.
1667 2589 1931 2646 quitmirum

356 2656 401 2697 in
428 2655 606 2698 modum
632 2671 730 2699 cum
758 2657 824 2699 his
849 2656 1017 2714 placitis
1042 2660 1323 2701 consentiunt.
1351 2658 1465 2712 Quae
1491 2673 1571 2716 ego
1596 2658 1827 2703 Plutarcho
1840 2661 1931 2703 vin·

358 2725 494 2769 dicare
535 2741 670 2783 neque
711 2742 883 2784 possum
915 2743 1049 2785 neque
1081 2729 1192 2772 volo.
1235 2730 1327 2773 Non
1360 2743 1532 2786 possum
1562 2730 1656 2773 ideo
1686 2731 1785 2787 quia
1816 2730 1930 2774 haud

358 2796 484 2839 dubie
514 2796 623 2840 liber
652 2799 720 2841 hic
752 2801 962 2856 originem
994 2814 1115 2842 suam
1147 2801 1341 2856 scriptori
1372 2801 1509 2852 debet,
1540 2802 1615 2857 qul
1644 2803 1792 2844 utrum
1822 2799 1930 2844 Stoi-

358 2882 431 2909 cus
471 2882 523 2909 an
565 2868 798 2924 Epicureus
835 2884 922 2912 esse
954 2870 1078 2913 malit
1107 2872 1197 2926 ipse
1228 2885 1362 2927 neque
1392 2873 1497 2914 scire
1526 2885 1663 2928 neque
1691 2885 1840 2916 euram
1867 2873 1929 2916 vi«

358 2937 503 2980 detur:
535 2953 577 2994 p.
601 2939 685 2981 881
713 2940 932 2996 Epicureis
956 2942 1191 2984 rationibus
1217 2956 1320 2985 usne
1348 2944 1519 2985 omnino
1545 2942 1643 2985 deos
1667 2955 1758 2986 esse
1780 2946 1925 2999 negat,

358 3011 401 3049 at
429 3022 470 3063 p.
499 3008 585 3051 903
617 3009 804 3053 Stoicam
835 3011 1163 3067 disputationem
1195 3012 1324 3055 refert
1354 3016 1404 3056 ut
1431 3012 1551 3055 illius
1578 3015 1715 3056 sectae
1743 3011 1926 3066 ζηλωτής
