2002 3372
883 221 968 265 301

185 343 319 390 526F
361 345 489 388 Patre
530 358 631 402 ergo
674 347 844 388 mortuo
889 358 964 399 pro
1006 343 1226 388 dissolutis
1269 345 1388 389 avari
1430 344 1538 387 fiunt
1570 348 1614 387 et
1645 345 1729 401 ipsi

124 415 219 460 filii.
251 416 371 460 'I'unc
403 430 570 473 semper
601 429 673 459 eos
706 419 823 458 tenet
855 419 1107 472 occupatos:

185 488 346 532 οἰκετῶν
375 487 584 540 ἀνάκρισις
612 487 681 529 καὶ
710 487 1014 539 γραμματείων
1043 487 1261 540 ἐπίσκεψις
1292 488 1361 530 καὶ
1388 488 1484 540 πρὸς
1501 487 1728 538 οἰκονόμους

124 558 148 610 ἢ
181 559 396 613 χρεώστας
431 558 701 609 διαλογισμὸς
737 558 807 600 καὶ
842 558 1029 610 α’σχολία
1065 558 1133 600 καὶ
1168 559 1332 612 Φροντὶς
1367 558 1648 612 ἀφαιρουμένη
1684 558 1728 599 τὸ

8 635 11 665 1
43 641 50 661 ’-
124 629 288 684 ἄριστον
321 630 390 673 καὶ
425 628 728 672 συνελαύνουσα
762 630 903 676 νυκτὸς
937 631 991 676 εἰς
1029 630 1074 672 τὸ
1107 629 1346 680 βαλανεῖον.

185 700 377 745 Delectat
418 715 487 744 me
519 714 673 746 avarus
705 702 788 744 iste
821 715 948 757 quem
984 705 1112 744 noctu
1146 716 1247 744 cura
1278 707 1321 744 et
1352 703 1565 745 insomnia
1598 700 1730 758 pellat

123 774 168 816 in
209 772 401 816 balneum.
443 772 657 816 Utrumne
701 776 751 815 ut
792 773 855 815 ibi
898 774 1056 815 mentis
1101 773 1301 816 morbum
1345 772 1460 816 eluat
1492 787 1546 815 an
1579 777 1628 815 ut
1663 771 1731 815 vel

123 843 284 902 frigida
323 857 434 901 aqua
466 843 622 887 febrim
653 858 677 887 a
708 857 881 900 corpore
916 844 1063 901 abigat
1097 843 1166 887 vel
1199 844 1335 887 calida
1366 859 1410 888 se
1443 844 1495 887 ad
1529 858 1730 888 somnum

124 914 377 972 capiendum
409 913 659 972 praeparet?
689 915 786 958 Non
818 914 976 958 cadunt
1006 917 1089 958 ista
1115 917 1160 958 in
1189 929 1383 959 avarum.
1412 915 1496 968 Qui
1522 917 1558 958 si
1584 915 1732 958 fecerit

125 985 239 1044 quod
279 986 364 1029 ioci
406 1000 533 1029 causa
575 985 702 1029 modo
744 986 1036 1038 coniiciebam,
1079 1001 1280 1029 somnum
1306 982 1467 1029 'tamen
1507 987 1648 1044 capiet
1689 989 1732 1028 et

48 1072 49 1075 ’
125 1058 300 1102 omnino
341 1071 543 1100 somnum
576 1072 655 1100 non
687 1071 835 1114 capere
867 1057 1070 1101 dicendus
1102 1062 1166 1100 est
1197 1057 1564 1114 quemadmodum
1597 1071 1732 1114 neque

125 1127 354 1186 prandium
395 1127 461 1180 (τὸ
497 1125 692 1181 ἄριστον).
726 1128 842 1185 Lege
875 1142 978 1185 ergo
1012 1133 1214 1180 ταμιεῖον,
1248 1132 1298 1171 ut
1330 1132 1406 1171 aut
1439 1142 1535 1172 arca
1567 1127 1732 1186 signifi-

126 1203 248 1244 cetur
277 1212 408 1255 quam
435 1202 566 1242 noctu
593 1200 794 1255 inspiciat
817 1213 973 1242 avarus
1001 1201 1112 1242 sitne
1140 1201 1244 1243 bene
1272 1198 1429 1251 clausa,
1459 1203 1534 1242 aut
1561 1212 1610 1242 ea
1635 1213 1733 1255 pars

127 1270 302 1315 aedium
341 1270 415 1313 ubi
452 1284 543 1313 rem
582 1284 706 1313 suam
743 1270 1000 1314 familiarem
1033 1271 1306 1314 administrat
1336 1272 1460 1324 (‚,het
1491 1271 1731 1324 kantoor’').

126 1341 276 1398 Neque
303 1354 428 1384 mane
454 1341 684 1398 prandium
711 1343 843 1385 miser
869 1356 1017 1399 capere
1043 1346 1183 1398 potest
1209 1357 1346 1399 neque
1372 1346 1503 1386 noctu
1531 1357 1732 1386 somnum

127 1413 228 1469 quia
261 1425 430 1469 semper
463 1412 624 1456 tabulis
658 1415 748 1456 suis
779 1415 940 1470 accepti
973 1418 1015 1457 et
1051 1417 1226 1470 expensi
1257 1415 1464 1458 inhaeret.

188 1481 406 1528 Continuo
440 1484 544 1527 haec
576 1488 837 1542 sequuntur:

190 1554 409 1606 γυμνάσια
441 1555 476 1597 δ’
509 1552 607 1598 οἶσιν
642 1555 848 1608 ἐνετράφη
885 1556 1034 1609 Δίρκης
1070 1558 1102 1598 θ’
1137 1556 1234 1609 ὕδωρ
1268 1557 1540 1610 παρώδευται.

128 1623 463 1670 Confunduntur
493 1628 555 1671 sic
587 1631 736 1684 poetae
768 1630 811 1670 et
838 1629 1059 1684 scriptoris
1085 1629 1229 1672 verba.
1258 1629 1412 1672 Poetae
1439 1629 1542 1672 haec
1569 1632 1693 1672 sunt:

189 1697 408 1748 γυμνάσια
442 1697 477 1740 δ’
509 1694 608 1741 οἶσιν
640 1698 859 1751 ἐνετράφη,
895 1700 1047 1750 Δίρκης
1080 1701 1113 1742 θ’
1146 1698 1245 1754 ὕδωρ

128 1769 229 1820 (nisi
270 1769 383 1826 quod
424 1771 507 1814 isto
552 1770 586 1812 δ’
631 1785 707 1827 pro
750 1772 783 1812 θ’
828 1774 871 1814 et
914 1771 1117 1824 ἐνετράφη
1161 1786 1238 1828 pro
1271 1771 1501 1825 ἐνετράφην
1534 1772 1735 1829 adaptata

129 1838 232 1883 huic
261 1838 356 1884 loco
387 1844 506 1894 sunt)
575 1842 579 1844 ’

130 1910 287 1968 quibus
317 1910 370 1956 de
401 1926 520 1956 more
551 1914 733 1968 scriptor
764 1912 896 1964 addit,
930 1927 1016 1956 non
1049 1914 1321 1966 παρώδευται,
1355 1915 1429 1958 sed
1462 1915 1733 1968 παροδεύεται

129 1982 160 2025 i.
178 1995 216 2025 e.
247 1980 490 2040 negligitur
516 1987 560 2026 et
587 1997 689 2026 cum
716 1983 902 2040 quodam
930 1988 1182 2042 contemptu
1210 1987 1482 2042 praeteritur,
1510 1987 1562 2029 cf.
1590 1987 1734 2029 Amat.

130 2066 172 2110 p.
193 2050 324 2097 '759F
351 2053 460 2100 Λαΐς
491 2070 548 2103 τις
579 2054 601 2104 ἢ
630 2055 863 2097 Γναθαίνιον
893 2056 1142 2109 ἐκδεχομένη
1167 2057 1236 2099 καὶ
1255 2060 1443 2100 καλοῦσα
1464 2057 1735 2109 παροδεύεται

131 2123 352 2173 πολλάκις.

146 2319 148 2321 >
195 2297 334 2342 527A
379 2301 466 2351 „At
496 2301 612 2343 enim
643 2302 854 2344 iuvenum
885 2303 1071 2344 istorum
1103 2301 1234 2344 multi
1261 2301 1441 2357 largiter
1466 2303 1620 2358 opibus
1647 2305 1736 2346 suis

132 2369 364 2414 utuntur.''
390 2370 630 2428 Respondet
656 2374 838 2429 scriptor
863 2376 925 2426 (et
949 2373 1017 2416 hic
1036 2387 1204 2430 quoque
1220 2373 1421 2430 equidem
1438 2374 1737 2430 magistellum

32 2467 33 2471 =
69 2475 71 2478 ⁴
133 2440 322 2499 aliquem
356 2455 434 2485 sua
463 2441 723 2500 gloriantem
756 2443 947 2487 doctrina
979 2444 1122 2495 audio,
1157 2458 1238 2487 non
1273 2443 1600 2497 Plutarchum):

194 2512 246 2555 σύ
290 2513 324 2554 δ’
357 2513 428 2556 οὐκ
469 2514 645 2565 α’κούεις,
690 2515 894 2566 Φήσομεν,
931 2515 1238 2565 Ἀριστοτέλους
1272 2516 1464 2564 λέγοντος
1501 2514 1560 2558 ὅτι
1596 2516 1629 2558 οἱ
1662 2516 1738 2566 μὲν

135 2583 179 2626 οὔ
212 2585 392 2636 χρῶνται
425 2584 459 2627 οἱ
491 2583 532 2627 δὲ
567 2590 880 2637 παραχρῶνται,
915 2587 1102 2639 καθάπερ
1134 2586 1215 2628 οὐδ’
1250 2586 1382 2638 ἑτέρου
1414 2587 1695 2636 προσήκοντος.

195 2654 432 2698 Molestum
465 2660 529 2698 est
559 2656 675 2698 istud
709 2657 910 2708 καθάπερ,
944 2657 1058 2714 quod
1089 2661 1131 2700 et
1163 2659 1373 2713 interpres
1405 2659 1551 2708 sensit,
1586 2658 1660 2714 qui
1686 2657 1739 2700 ad

136 2739 309 2769 sensum
351 2730 464 2769 recte
496 2731 549 2778 *et⁴
591 2725 811 2784 eleganter
849 2729 982 2771 vertit
1025 2732 1228 2779 „neutros
1270 2728 1426 2771 recte”.
1462 2729 1552 2771 Aut
1584 2729 1734 2780 καίπερ

135 2801 201 2840 est
230 2795 465 2854 legendum
497 2802 574 2840 aut
605 2797 737 2841 litura
769 2799 981 2841 sanandus
1012 2799 1146 2842 locus.

199 2979 338 3025 527D
381 2981 443 3025 De
476 2983 659 3025 vetustis
690 2982 1027 3026 Bacchanalibus
1060 2982 1163 3026 haec
1194 2982 1424 3040 leguntur:
