2002 3372
1105 227 1162 270 94

399 348 625 404 Utcunque
673 347 774 403 quid
821 348 902 390 sibi
948 346 1081 391 velint
1122 348 1223 391 haec
1262 348 1487 405 intelligis,
1529 349 1602 392 sed
1646 349 1925 394 balbutientis

340 432 428 462 esse
460 433 698 461 sermonem
732 419 876 460 sentis.

403 489 537 532 11911}
581 489 868 531 Prudentibus
900 490 988 530 suis
1022 488 1380 532 admonitionibus
1412 504 1523 532 nunc
1550 489 1826 546 Apollonium
1851 505 1924 548 pa-

341 564 450 603 trem
482 560 583 602 haec
615 559 939 615 respondentem
971 558 1118 616 fingit:

400 629 539 681 σφόδρ’
574 627 617 678 ἦν
651 629 992 680 ἐπιτετευγμένος
1024 631 1042 672 ὃ
1076 630 1280 678 νεανίσκος
1312 631 1583 678 Ἀπολλώνιος
1618 632 1656 674 ἒν
1687 633 1859 686 μοίραις.

399 700 468 743 Sic
500 700 567 743 W.
600 700 732 742 edidit
760 699 809 743 de
836 699 1126 744 emendatione
1153 700 1388 757 desperans.
1423 700 1610 744 Graecus
1637 715 1736 746 vero
1761 703 1922 748 editor:

399 770 543 822 σφόδρ’
579 766 622 818 ἦν
654 771 978 821 ἐπιτεταγμένος
1013 771 1030 812 ὅ
1063 771 1263 818 νεανίσκος
1298 772 1528 814 Ἀπόλλωνι
1563 773 1631 815 κα)
1666 773 1838 824 μοίραις.

399 841 445 884 Si
477 855 498 883 e
531 842 783 892 coniectura,
818 841 1077 898 desperantis
1109 847 1152 885 et
1181 842 1258 885 illa
1288 843 1471 886 videtur.
1504 843 1651 900 Neque
1681 845 1772 901 ipse
1804 844 1923 902 quid-

338 925 465 968 quam
497 911 605 954 lucis
637 912 813 968 dispicio
844 913 890 954 in
921 913 1003 955 ista
1033 912 1230 970 caligine.

401 981 532 1024 120ss
574 983 607 1024 εί
650 982 683 1024 δ’
717 982 735 1024 ὁ
778 987 854 1024 τῶν
896 988 1085 1030 παλαιῶν
1129 984 1301 1031 ποιητῶν
1343 1000 1388 1025 τε
1421 984 1490 1025 καὶ
1523 981 1764 1037 Φιλοσόφων
1787 985 1921 1037 -λόγος

339 1053 446 1094 ἐστὶν
481 1053 631 1101 ἀληθὴς
666 1051 798 1104 ὥσπερ
833 1053 938 1100 εἰκὸς
970 1053 1096 1106 ἔχειν,
1129 1052 1268 1108 [οὕτω]
1301 1054 1368 1095 καὶ
1401 1060 1483 1100 τοῖς
1518 1055 1707 1106 εὐσεβέσι
1740 1059 1816 1099 τῶν
1848 1071 1923 1107 με·

336 1123 638 1174 ταλλαξοέντων
680 1123 766 1165 ἔστι
812 1139 872 1170 τις
915 1126 1014 1174 τιμὴ
1060 1124 1127 1165 καὶ
1173 1124 1360 1176 προεδρία
1405 1125 1588 1178 καθάπερ
1629 1125 1817 1178 λέγεται,
1850 1127 1921 1169 καὶ

336 1194 463 1247 χῶρός
513 1209 574 1240 τις
624 1194 966 1246 ἀποτεταγμένος
1016 1195 1055 1236 ἐν
1103 1190 1130 1247 ᾧ
1173 1194 1446 1245 διατρίβουσιν
1489 1196 1532 1237 αἱ
1572 1195 1724 1238 τούτων
1763 1198 1923 1250 ψυχαί,

337 1264 475 1311 καλὰς
510 1264 680 1311 ἐλπίδας
715 1263 824 1317 ἔχειν
858 1281 903 1307 σε
937 1265 999 1308 δεῖ
1029 1265 1115 1316 περὶ
1151 1269 1220 1307 τοῦ
1253 1266 1483 1317 μακαρίτου
1515 1266 1616 1313 υἱέος
1649 1281 1732 1310 σου.

397 1335 456 1378 Ut
488 1335 638 1377 saltem
670 1335 921 1378 cohaereant
953 1335 1067 1387 haec,
1100 1335 1403 1378 includendum
1435 1339 1500 1379 est
1530 1336 1647 1380 istud
1678 1335 1794 1380 οὕτω.

402 1405 533 1448 120E
584 1406 674 1457 „De
720 1405 1044 1449 immortalitate
1091 1407 1223 1448 animi
1270 1406 1363 1448 fuse
1412 1405 1536 1449 Plato
1581 1406 1701 1464 egit’'
1742 1409 1803 1450 ait
1845 1409 1918 1460 „in

337 1476 574 1528 Phaedone,
620 1476 867 1532 Republica,
900 1476 1093 1528 Menone,
1128 1476 1300 1533 Gorgia,
1333 1476 1428 1519 aliis
1459 1476 1684 1534 dialogis”.
1716 1478 1827 1522 Tum
1860 1480 1920 1522 sic

335 1548 500 1603 pergit:
1566 1537 1569 1541 ’

397 1617 511 1659 αλλὰ
555 1618 610 1658 τοὶ
653 1618 728 1666 μὲν
771 1620 810 1659 ἐν
852 1619 905 1669 τῷ
949 1617 1042 1669 Περὶ
1086 1620 1228 1670 ψυχῆς
1272 1617 1453 1670 διαλόγῳ
1484 1617 1650 1671 ρηθέντα
1683 1623 1778 1661 κατ’
1810 1619 1916 1663 ἰδίαν

336 1687 780 1738 ὑπομνηματισάμενός
823 1704 881 1730 σοι
926 1687 1171 1740 παρέξομαι,
1214 1689 1263 1735 ὦς
1300 1689 1546 1739 ἐβουλήθης·
1582 1690 1635 1731 τὰ
1669 1689 1711 1732 δὲ
1741 1689 1838 1743 πρὸς
1871 1690 1918 1733 τὸ

335 1759 460 1810 παρὸν
515 1758 652 1810 καίρια
709 1759 776 1800 καὶ
823 1759 1011 1810 χρήσιμα
1059 1759 1114 1801 τοὶ
1161 1759 1368 1812 λεχθέντα
1416 1760 1511 1812 πρὸς
1560 1761 1804 1804 Καλλικλέα
1851 1762 1919 1804 τὸν

333 1829 556 1877 Ἀθηναῖον.

394 1899 457 1942 De
498 1901 627 1943 variis
668 1901 895 1943 verborum
938 1901 1032 1942 κατ’
1076 1900 1178 1942 ἰδίαν
1221 1901 1572 1957 signicationibus
1614 1901 1809 1945 videatur
1849 1901 1917 1946 W.

333 1970 417 2013 Hic
457 1971 579 2013 unice
611 1973 761 2027 aptum
793 1971 964 2014 videtur
992 1986 1176 2022 seorsum,
1210 1975 1260 2013 ut
1291 1971 1404 2014 docti
1435 1971 1695 2016 Platonistae
1726 1973 1795 2015 hic
1824 1986 1919 2030 grae-

331 2042 511 2084 vitatem
542 2045 685 2084 sumat
716 2041 920 2098 puerulus
953 2045 1095 2085 noster
1125 2046 1167 2085 et
1194 2045 1550 2086 commentarium
1575 2045 1619 2086 in
1647 2043 1915 2088 Phaedonem

331 2113 555 2168 promittat
581 2126 770 2155 seorsum
797 2113 1020 2155 edendum.
1054 2113 1136 2156 Pro
1164 2113 1220 2155 τοὶ
1246 2113 1288 2156 δέ
1315 2115 1549 2158 rectissime
1575 2113 1762 2158 Graecus
1778 2114 1916 2159 editor

330 2184 518 2239 reposuit
549 2182 665 2225 ἔσται
699 2182 754 2226 δέ.

396 2253 475 2296 121
497 2253 532 2295 E
584 2253 672 2296 Sub
719 2253 846 2296 finem
895 2257 1166 2310 conspectum
1209 2253 1311 2297 dans
1353 2254 1452 2297 libri
1494 2256 1563 2298 sui
1603 2259 1646 2298 et
1686 2255 1769 2299 alia
1809 2256 1914 2299 dicit

331 2325 512 2380 scriptor
543 2328 585 2367 et
616 2324 739 2366 haec:

390 2394 571 2448 περιέχει
606 2393 646 2436 δὲ
679 2393 746 2437 καὶ
775 2396 849 2442 την
876 2394 970 2446 πρὸς
999 2396 1067 2437 τὸν
1094 2395 1411 2447 θεοφιλέστατον
1439 2395 1522 2438 υἱόν
1548 2411 1619 2438 σου
1643 2397 1914 2440 Ἀπολλώνιον

330 2466 561 2518 πρέπουσαν
593 2466 729 2516 τιμήν,
763 2465 1048 2514 ποθεινοτάτην
1082 2463 1203 2508 οὖσαν
1236 2470 1320 2513 τοῖς
1347 2467 1618 2519 ἀφιερωθεῖσι,
1646 2469 1718 2515 την
1742 2466 1811 2508 διὰ
1839 2473 1911 2516 τῆς

330 2538 494 2588 ἀγαθῆς
522 2537 685 2587 μνήμης
714 2536 782 2577 καὶ
812 2541 884 2585 τῆς
912 2535 1179 2579 ἀδιαλείπτου
1207 2537 1301 2588 πρὸς
1330 2536 1398 2578 τὸν
1425 2537 1488 2578 cie}
1516 2536 1656 2588 χρόνον
1683 2537 1911 2590 εὐφημίας.

390 2607 502 2650 Mire
532 2608 577 2648 in
608 2607 688 2649 hoc
717 2605 811 2649 loco
842 2608 1026 2649 caecutit
1058 2606 1124 2649 W.
1158 2620 1232 2649 nec
1264 2606 1382 2649 videt
1411 2606 1710 2664 virgula-post
1741 2608 1914 2661 ἀφιερω·

329 2678 426 2719 θεῖσι
472 2678 612 2733 posita
659 2676 748 2718 fieri
795 2691 923 2732 quam
971 2676 1157 2720 maxime
1204 2679 1488 2733 perspicuum.
1537 2677 1667 2720 Addit
1706 2677 1826 2721 illam
1868 2682 1913 2722 et

327 2747 597 2790 Didotianus.

392 2817 521 2859 1211?
563 2817 676 2859 Satis
701 2820 947 2873 arroganter
973 2817 1152 2873 denique
1179 2831 1284 2873 puer
1309 2831 1450 2860 senem
1477 2819 1645 2861 tristem
1667 2820 1727 2861 sic
1741 2822 1908 2862 monet:

389 2889 521 2933 καλῶς
555 2885 617 2930 οὖν
650 2887 826 2935 ποιήσεις
861 2887 929 2928 καὶ
964 2890 1018 2937 τῷ
1054 2889 1162 2939 λόγῳ
1196 2888 1371 2934 πεισθεὶς
1405 2888 1562 2939 καὶτῷ
1595 2889 1810 2943 μαιιεαρίτηΔ
1836 2904 1907 2931 σου

326 2958 394 3009 υἱῷ
425 2957 704 3009 χαρισάμενος
738 2957 805 2997 καὶ
839 2957 1095 3006 μεταβαλὼν
1130 2957 1173 2998 ἐκ
1207 2964 1278 3004 τῆς
1314 2958 1551 3009 ἀνωφελοῦς
1586 2959 1673 3010 περὶ
1709 2959 1753 3000 τὸ
1786 2960 1906 3008 σῶμα
