2002 3372
883 221 970 264 225

126 357 257 403 quare
283 346 479 402 nostrum
506 343 709 387 Paccium
738 343 788 387 de
806 344 938 398 plebe,
966 344 1205 388 honestiore
1232 345 1405 402 quidem
1432 345 1504 388 sed
1530 344 1580 388 de
1601 344 1725 402 plebe

127 421 286 468 tamen,
329 415 462 459 fuisse
505 415 698 459 credamz
742 414 848 458 Eros
879 415 952 459 ille
985 415 1210 460 Plutarchi
1242 418 1428 460 vicarius
1459 418 1725 473 nuntiusque

121 487 180 536 ⁴ab
220 499 286 531 eo·
311 487 506 531 mittitur
546 486 600 530 ad
641 485 886 530 Minucium
918 487 1176 531 Fundanum
1211 488 1283 531 sed
1315 488 1402 531 ὁδοῦ
1437 488 1639 540 πάρεργον
1674 488 1726 531 ad

127 562 422 618 aegrotantem
454 557 657 602 Paccium
689 572 813 602 suam
845 559 928 602 sibi
960 559 1079 603 affert
1111 560 1382 603 medicinam.

173 629 369 675 'Deinde'
392 629 446 674 ad
488 630 682 689 sing-ulos
722 632 842 674 aurei
884 630 1022 674 libelli
1063 631 1178 675 locos
1219 632 1321 675 haec
1358 631 1514 675 adnoto
1545 634 1589 674 et
1621 632 1727 674 viris

128 702 265 746 doctis
306 701 604 760 perpendenda
633 701 775 753 trado;
819 716 955 759 pauca
987 728 1042 735 —
1076 717 1178 746 nam
1210 703 1443 747 admodum
1474 704 1643 760 integer
1675 702 1727 745 ad

127 788 207 819 nos
237 777 434 832 pervenit
468 798 540 826 --,
571 788 707 831 neque
739 778 882 818 tamen
916 789 1089 831 prorsus
1120 775 1368 832 spernenda.

191 919 326 964 464F
361 920 545 974 „Litoris
576 920 695 964 tuis’'
730 922 790 964 sic
818 922 865 964 in
895 920 1034 965 libelli
1064 920 1228 979 legitur
1260 923 1385 965 initio

191 991 446 1045 παρεκάλεις
478 993 567 1044 περὶ
602 991 800 1042 εὐθυμίας
832 992 896 1035 σοί
927 1010 965 1035 τι
1001 999 1231 1046 γραφῆναι.

187 1063 284 1108 Nisi
314 1065 425 1109 vitio
456 1062 622 1108 laborat
653 1077 739 1108 vox
771 1063 942 1116 ultima,
976 1066 1111 1108 rarior
1143 1064 1214 1107 hic
1241 1064 1401 1119 passivi
1430 1079 1550 1108 usus.

191 1199 330 1245 465A
373 1199 608 1252 „Gratulor
634 1201 758 1252 tibi'’,
791 1202 851 1244 sic
877 1200 1063 1258 prudens
1088 1204 1234 1244 noster
1259 1201 1451 1245 medicus
1474 1201 1729 1246 admonendi

127 1273 306 1317 initium
339 1273 443 1317 facit
472 1286 599 1331 aegro
631 1273 851 1324 laudando,
885 1273 997 1330 quod

189 1343 238 1387 τὸ
269 1346 341 1388 τοῦ
373 1346 571 1397 τραγικοῦ
604 1343 793 1396 Μέροπος
826 1344 869 1387 οὐ
901 1344 1122 1396 πέπονθας,
1154 1344 1236 1387 οὐδ’
1267 1346 1316 1391 ὥς
1352 1345 1497 1388 ἐκεῖνον

493 1415 779 1469 εὐδαιμονίζων
811 1414 939 1468 ὄχλος
973 1415 1176 1467 ε’ξέπληξέ
1208 1432 1254 1459 σε

129 1487 247 1531 ἀλλὰ
273 1488 482 1536 πολλάκις
507 1489 687 1536 ἀκηκοὼς
716 1487 983 1538 μνημονεύεις
1010 1488 1059 1534 ὦς
1087 1486 1182 1530 οὔτε
1210 1487 1425 1540 ποδάγρας
1455 1488 1726 1531 ἀπαλλάττει

128 1559 342 1612 πατρίκιος
386 1558 553 1606 κάλτιος
577 1559 610 1612 ¹)
650 1558 744 1602 οὔτε
786 1558 1008 1607 δακτύλιος
1049 1561 1281 1609 πολυτελὴς
1326 1560 1592 1613 παρωνυχίας
1633 1559 1726 1603 οὔτε

129 1630 323 1682 διάδημα»
347 1631 669 1686 κεφαλαλγίας.

189 1702 379 1760 Egregia
418 1702 535 1754 haec,
570 1701 644 1746 sed
675 1701 728 1745 ad
761 1701 976 1754 ποδάγρας
1008 1706 1317 1760 sequentesque
1349 1704 1566 1760 genitivos
1598 1705 1727 1746 anno-

127 1774 241 1818 tavit
270 1773 429 1831 aliquis
459 1774 538 1816 τῶν
571 1774 754 1826 φυσικῶν
786 1775 935 1826 παθῶν,
969 1788 1076 1831 quae
1108 1773 1315 1818 vocabula
1347 1776 1496 1818 statim
1522 1778 1620 1831 poet
1646 1778 1729 1816 tra-

127 1846 218 1904 gici
247 1859 422 1889 versum
454 1845 498 1888 in
529 1850 677 1887 textum
709 1850 869 1900 recepta
901 1847 1046 1889 omnia
1077 1850 1371 1903 corrumpunt.
1405 1846 1575 1890 Etenim
1610 1846 1730 1888 homi-

129 1931 222 1959 num
253 1915 378 1970 ὄχλος
411 1917 534 1960 nobis
565 1916 821 1974 cogitandus
852 1921 931 1960 est.

127 2111 131 2115 ,
191 2063 326 2108 465Β
367 2063 499 2109 Nulla
529 2068 595 2108 est
624 2065 893 2118 divitiarum,
927 2064 1107 2124 gloriae,
1141 2065 1368 2123 diguitatis
1399 2065 1567 2110 utilitas

189 2135 241 2179 ἂν
283 2137 342 2188 μὴ
385 2136 431 2179 τὸ
474 2136 751 2190 χρώμενον
793 2137 1038 2190 εὐχάριστον
1083 2134 1105 2190 ᾖ
1149 2142 1230 2184 τοῖς
1275 2136 1414 2190 ἔχουσι
1458 2138 1527 2180 καὶ
1575 2137 1620 2179 τὸ
1654 2140 1731 2178 τῶν

130 2205 318 2251 ἁπάντων
349 2207 408 2256 μὴ
443 2205 698 2257 δεόμενον
731 2207 795 2249 ἀεὶ
829 2209 1131 2261 παρακολουθῇ.

189 2277 472 2322 Plutarcheus
504 2278 574 2322 hic
604 2280 819 2336 participii
851 2294 927 2337 pro
957 2279 1173 2323 infinitivo
1206 2294 1309 2323 usus
1342 2283 1385 2323 et
1418 2283 1560 2323 metus
1587 2279 1732 2322 hiatus

128 2353 266 2394 totam
296 2351 554 2394 sententiam
580 2349 708 2407 paulo
734 2351 1052 2408 impeditiorem
1080 2351 1278 2395 reddidit.
1311 2351 1463 2405 Quivis
1489 2351 1600 2394 alius
1626 2350 1730 2394 haec

130 2422 192 2465 sic
223 2422 508 2465 enuntiasset:
552 2421 603 2464 ἂν
634 2423 693 2471 μὴ
728 2429 836 2477 παρῇ
869 2424 914 2464 τὸ
947 2423 1205 2476 εὐχαρίστως
1240 2428 1323 2470 τοῖς
1354 2426 1526 2474 παροῦσι
1553 2423 1731 2476 χρῆσθαι

131 2492 201 2536 καὶ
235 2493 520 2547 παρακολουθῇ
555 2493 600 2535 τὸ
632 2495 691 2545 μὴ
724 2494 878 2537 δεῖσθαι
912 2498 990 2536 τῶν
1023 2493 1223 2538 άπόντων.

191 2640 251 2684 ib.
294 2640 475 2698 Oportet
506 2640 552 2683 τὸ
586 2639 740 2693 ἄλογον
773 2648 848 2691 τῆς
879 2645 1026 2697 ψυχῆς

192 2713 252 2763 μὴ
284 2714 469 2765 περιορᾶν
502 2712 690 2766 άπορρέον
722 2714 791 2756 καὶ
825 2716 1151 2768 κατεφερόμενον
1187 2714 1263 2756 ὑπὸ
1295 2717 1373 2755 τῶν
1405 2711 1627 2765 παρόντων.

191 2782 276 2827 Pro
316 2783 505 2837 ἀπορρέον
537 2784 735 2841 equidem
767 2784 884 2828 aliud
916 2787 1205 2842 compositum
1237 2783 1413 2838 (προρέον
1445 2798 1488 2827 v.
1517 2787 1549 2827 t.
1577 2787 1635 2837 a.)
1666 2797 1736 2827 ex-

132 2856 431 2912 spectaverim.

174 3009 206 3050 l)
230 3009 323 3042 Hane
346 3020 453 3042 vocem
477 3009 655 3043 addendam
675 3010 876 3053 praecedenti
896 3020 954 3052 ego
976 3020 1098 3049 censeo,
1118 3020 1182 3042 non
1203 3011 1288 3051 (cum
1308 3009 1348 3050 X)
1369 3019 1427 3052 pro
1446 3018 1483 3040 ea
1503 3008 1732 3051 reponendum.

1511 3075 1551 3106 15
