2002 3372
1055 225 1143 270 274

371 352 505 395 504ss
552 351 803 406 'l'urpiorem
831 359 936 391 'esse
976 348 1278 405 garrulitatem
1320 362 1449 405 quam
1491 347 1789 393 temulentiam
1831 350 1890 392 sic

309 423 622 465 demonstratur
637 434 645 462 :

369 494 386 534 ὃ
430 493 503 541 μὲν
546 489 609 533 οὖν
652 489 806 539 μεθύων
849 494 964 540 ληρεῖ
1004 491 1099 541 παρ’
1134 487 1244 540 οἶνον,
1288 490 1305 532 ὅ
1339 489 1373 531 δ’
1406 488 1634 542 ἀδόλεσχος
1667 493 1889 543 πανταχοῦ

309 568 433 614 ληρεῖ,
463 563 500 603 ἐν
529 563 662 615 ἀγορᾷ
692 561 730 602 ἐν
760 559 909 611 θεάτρῳ
936 560 975 601 ἐν
1003 560 1214 612 περιπάτῳ
1244 561 1282 602 ἓν
1309 559 1410 612 μέθη
1438 561 1527 610 μεθ’
1545 559 1698 611 ἡμέραν
1723 559 1889 612 νύκτωρ.

369 632 483 681 Illud
517 632 555 672 ἐν
586 630 687 682 μέθη
718 630 832 672 unde
864 630 1016 673 habeat
1047 644 1128 673 non
1162 630 1265 673 dicit
1296 630 1431 673 editor
1463 629 1663 681 Graecus,
1693 631 1739 672 in
1771 629 1892 688 wyt-

307 702 585 745 tenbachiana
606 725 608 728 >
626 714 674 743 ea
704 699 909 743 vocabula
941 715 1025 743 non
1056 699 1276 758 leguntur.
1322 699 1513 744 Concedo
1546 703 1688 743 tamen
1719 699 1892 757 singula

307 773 375 815 hic
407 771 496 814 cola
527 786 548 814 e
580 770 685 812 binis
715 773 905 813 constare
938 769 1086 813 debere
1118 770 1323 827 partibus,
1358 770 1429 813 sed
1463 772 1502 812 ἐν
1534 770 1634 823 μέθη
1662 785 1745 813 non
1778 772 1891 814 recte

307 858 405 886 cum
440 845 478 884 ἐν
513 842 722 894 περιπάτῳ
754 842 965 898 iungitur.
1001 842 1198 884 Primum
1231 841 1335 884 ebrii
1361 854 1529 896 quoque
1554 841 1634 884 hoc
1660 841 1817 884 habent
1842 843 1891 884 ut

307 917 523 971 nugentur
565 914 602 954 ἐν
644 913 756 965 μέθη,
800 916 843 954 et
884 911 992 954 nihil
1033 912 1102 955 hic
1141 916 1204 954 est
1245 912 1544 968 proferendum
1577 911 1688 968 quod
1718 910 1890 971 garrulo

307 999 405 1027 cum
448 984 564 1026 ebrio
607 984 664 1024 sit
706 996 944 1033 commune,
985 981 1136 1025 deinde
1177 983 1411 1037 requiritur
1442 981 1606 1037 aliquid
1637 981 1749 1038 quod
1778 984 1891 1025 recte

307 1057 361 1106 τῷ
408 1055 474 1105 ,,ἐν
516 1053 757 1106 περιπάτῳ”
802 1056 1051 1109 opponatur,
1095 1052 1207 1108 quod
1239 1054 1282 1094 in
1316 1053 1445 1095 verba
1479 1053 1518 1094 ἐν
1550 1051 1650 1106 μέθη
1680 1067 1764 1096 non
1795 1067 1891 1096 con-

307 1127 436 1175 venit,
479 1138 585 1181 quae
627 1125 663 1166 si
704 1125 749 1165 in
791 1122 933 1180 aliquo
973 1122 1113 1166 codice
1145 1122 1350 1179 leguntur
1381 1124 1488 1166 vitio
1519 1126 1619 1165 nata
1649 1124 1839 1180 suspicor
1869 1136 1892 1165 e

307 1196 499 1251 sequenti
540 1195 628 1244 μεθ’
662 1194 773 1250 quod
818 1207 964 1237 veram
1005 1193 1238 1236 lectionem>
1272 1192 1500 1249 expulerit,
1543 1194 1633 1236 sive
1676 1206 1725 1236 ea
1755 1196 1819 1237 est
1851 1193 1890 1236 ἐν

307 1272 441 1319 σχολῇ
475 1266 564 1307 sive
598 1265 637 1306 ἐν
668 1264 799 1318 βουλῇ
834 1265 924 1307 sive
956 1262 1073 1306 aliud
1105 1263 1220 1319 quid.

365 1416 422 1459 ib.
471 1415 695 1470 Nusquam
736 1429 818 1457 non
859 1415 1054 1456 omnium
1093 1413 1340 1456 mortalium
1373 1415 1582 1469 quotquot
1611 1413 1712 1455 sunt
1741 1408 1892 1453 moles·

307 1487 499 1528 tissimus
532 1490 596 1528 est
626 1484 843 1542 garrulus:

369 1556 472 1607 ἥδιόν
504 1572 555 1606 γε
584 1571 641 1597 τοι
669 1560 848 1606 πονηροῖς
876 1554 1084 1605 ὁμιλοῦσιν
1114 1552 1323 1604 ἐπιδεξίοις
1353 1553 1375 1602 ἢ
1404 1557 1596 1605 χρηστοῖς
1623 1550 1888 1605 ἀδολέσχαις.

368 1627 449 1678 Qui
480 1626 546 1668 illi
579 1628 664 1668 sint
695 1627 768 1681 qui
800 1625 955 1674 ὁμιλεῖν
988 1625 1196 1676 dicantur,
1228 1630 1270 1666 et
1302 1623 1404 1680 quid
1434 1624 1606 1666 omnino
1638 1619 1890 1664 sententiola

307 1698 408 1739 haec
435 1697 513 1739 sibi
541 1697 609 1738 hic
637 1695 742 1739 velit
770 1695 883 1737 haud
909 1694 1031 1738 facile
1056 1693 1288 1751 intelligas.
1321 1693 1403 1736 Sed
1425 1693 1522 1750 lege
1540 1692 1710 1744 ὁμιλεῖν,
1728 1692 1888 1749 optime

306 1767 529 1822 procedent
562 1767 726 1808 omnia:
762 1765 1016 1816 „iucundius
1043 1768 1106 1807 est
1134 1766 1294 1808 versari
1322 1778 1420 1807 cum
1447 1763 1692 1806 hominibus
1719 1762 1891 1804 urbanis

307 1839 398 1893 (qui
438 1839 483 1879 in
523 1835 731 1892 loquendo
773 1836 950 1879 modum
993 1839 1152 1887 tenent)
1196 1836 1366 1877 etiamsi
1398 1833 1523 1877 malis
1554 1836 1653 1876 sunt
1685 1832 1888 1883 moribus,

307 1921 436 1963 quam
469 1921 567 1950 cum
599 1906 783 1963 garrulis
815 1906 1013 1962 quamvis
1045 1902 1230 1961 probis.’'

368 1979 600 2034 Aptissime
643 1981 737 2019 tum
779 1977 879 2019 haec
921 1979 1228 2018 annectuntur:
1273 1974 1413 2031 „apud
1454 1971 1706 2030 Sophoclem
1738 1971 1891 2015 Nestor

307 2050 477 2091 Aiacem
508 2050 668 2090 iratum
701 2051 744 2090 et
775 2048 933 2103 asperis
964 2049 1156 2089 utentem
1188 2046 1328 2089 verbis
1360 2047 1419 2088 sic
1451 2046 1647 2101 mitigat:

366 2121 408 2162 οὐ
441 2118 671 2171 μέμφομαί
702 2132 768 2159 σε·
807 2117 901 2168 δρῶν
934 2118 1017 2169 γὰρ
1050 2113 1094 2159 εὖ
1129 2118 1260 2163 κακῶς
1294 2115 1457 2167 λέγεις·

306 2190 378 2232 sed
420 2204 501 2232 non
542 2191 603 2231 ita
645 2189 850 2231 habemus
890 2188 1091 2231 adversus
1132 2186 1380 2244 garrulum:
1412 2187 1449 2228 is
1481 2186 1596 2228 enim
1628 2197 1705 2227 sua
1735 2184 1890 2240 impor-

286 2261 491 2316 tunitate
522 2260 756 2314 corrumpit
787 2258 972 2301 omnia.”
1017 2256 1158 2301 Ceteri
1190 2258 1384 2300 homines
1416 2257 1523 2299 vitia
1556 2268 1633 2297 sua
1664 2267 1787 2310 saepe
1817 2252 1890 2296 ali-

306 2344 389 2387 qua
417 2334 557 2373 tamen
583 2331 744 2372 virtute
772 2333 1058 2385 compensant,
1087 2328 1159 2371 sed
1184 2327 1386 2384 garrulus
1412 2324 1619 2383 quidquid
1644 2325 1743 2368 boni
1763 2324 1890 2367 habet

306 2402 412 2443 vitio
444 2415 520 2443 suo
551 2400 704 2457 perdit.

367 2534 502 2577 504D
547 2535 696 2577 Denuo
726 2533 963 2576 laudandus
990 2532 1279 2589 Stegmannus
1307 2533 1380 2587 qui
1407 2545 1457 2574 ex
1486 2531 1584 2573 ἀλλ’
1614 2527 1719 2580 ὅμως
1749 2528 1889 2583 [εἰπὼν

307 2605 394 2659 καὶ]
426 2606 702 2658 ἀναφωνήσας
736 2603 967 2647 absurdum
999 2602 1223 2646 sustulerit
1254 2602 1607 2645 additamentum.

368 2749 501 2792 504E
550 2749 693 2805 Ipsum
730 2762 982 2798 sermonem,
1014 2760 1142 2802 quem
1173 2746 1291 2788 nobis
1318 2748 1469 2787 natura
1496 2743 1612 2787 dedit
1638 2743 1742 2785 bene
1768 2742 1888 2784 nobis

306 2819 540 2870 consulens,
572 2818 736 2876 garruli
770 2819 964 2861 omnium
992 2818 1072 2859 sibi
1103 2816 1317 2859 malorum
1349 2814 1528 2858 reddunt
1560 2825 1755 2856 causam:

370 2887 424 2936 οἷς
452 2890 598 2931 οἴονται
632 2888 873 2941 χαρίζεσθαι
905 2890 1124 2933 λυποῦντες
1160 2887 1228 2928 καὶ
1260 2887 1339 2938 ἀφ’
1371 2883 1422 2927 ὧν
1453 2882 1732 2935 θαυμάζεσθαι
1760 2897 1890 2923 κοιτα-

306 2960 525 3010 γελώμενοι
560 2959 627 3001 καὶ
661 2959 709 3000 δι’
742 2956 791 2999 ὧν
823 2958 1035 3011 φιλεῖσθαι
1067 2955 1434 3010 δυσχεραινόμενοι.
