2002 3372
1126 198 1181 243 10

421 321 497 365 VII
528 323 564 365 E
606 323 688 366 Hic
722 336 888 379 quoque
920 322 1096 366 lacunae
1126 324 1300 380 signum
1332 322 1570 368 tollendum
1600 334 1769 369 censeo.
1871 368 1875 371 ,

419 394 480 435 δεῖ
508 394 615 441 θεοὺς
644 395 716 443 μὲν
744 393 951 445 σέβεσθαι,
987 393 1132 443 γονέας
1163 393 1202 435 δὲ
1231 397 1371 446 τιμᾶν,
1399 393 1694 446 πρεσβυτέρους
1718 393 1932 445 αἰδεῖσθαι,

358 463 490 514 νόμοις
525 466 772 516 πειθαρχεῖν,
807 462 1002 517 ἄρχουσίν
1037 465 1211 506 ὑπείκειν

417 550 498 578 11611
530 538 645 578 enim
677 536 798 578 video
831 534 947 591 quid
965 539 1061 590 post
1095 536 1329 588 πειθαρχεῖν
1363 537 1492 579 inseri
1524 535 1657 592 possit
1687 535 1788 591 quin
1819 535 1934 580 iusta

357 608 628 662 perturbetur
659 607 933 649 enumeratio.

416 676 492 719 VII
524 677 570 719 F.
614 677 719 719 'Pam
752 676 937 719 dolorem
971 690 1098 732 quam
1125 677 1334 734 gaudium
1361 677 1627 720 moderatum
1654 690 1744 723 esso
1769 679 1935 734 oportet

417 746 523 799 ἅπερ
556 748 634 799 ἐγὼ
668 747 829 790 πάντων
863 751 940 789 τῶν
971 748 1016 788 ἐκ
1048 750 1297 801 φιλοσοφίας
1328 746 1799 801 περιγιγνομένων
1826 748 1935 799 α’γα-

356 821 427 860 θῶν
461 818 735 869 πρεσβύτατα
770 819 897 871 κρίνω.

415 889 505 931 Iam
551 891 595 931 in
643 888 1111 939 Μ116111.1908,215
1161 889 1524 941 παραγιγνομένων
1567 888 1797 947 legendum
1840 902 1932 932 esso

353 960 454 1002 dixi.
488 959 580 1002 Non
613 961 726 1002 enim
760 959 904 1016 agitur
935 959 985 1002 (16
1017 960 1174 1002 residuo
1202 959 1343 1016 aliquo
1375 961 1496 1012 bucro,
1525 959 1596 1004 ssd
1621 959 1673 1004 de
1697 959 1934 1046 praecipuis

353 1044 459 1087 quae
490 1031 757 1087 philosophia
789 1030 906 1073 affert
938 1030 1072 1073 bonis.

412 1102 510 1144 VIII
541 1103 575 1145 A
619 1102 830 1144 Perfectos
862 1116 940 1158 ego
975 1102 1168 1144 homines
1201 1102 1307 1144 duco

413 1173 505 1220 τοὺς
548 1173 787 1223 δυναμένους
832 1173 902 1220 την
941 1173 1151 1220 πολιτικὴν
1193 1173 1362 1223 δύναμιν
1406 1171 1525 1222 μῖξαι
1570 1172 1639 1214 καὶ
1680 1171 1847 1224 κεράσαι
1881 1177 1931 1224 τῇ

351 1245 594 1299 φιλοσοφίᾳ,
629 1244 696 1285 καὶ
733 1244 837 1286 δυεῖν
870 1242 991 1285 ὄντοιν
1025 1245 1236 1294 μεγίστοιν
1269 1244 1440 1294 ἀγαθοῖν
1473 1242 1698 1294 ἐπηβόλους
1731 1241 1932 1295 ὑπάρχειν

354 1315 654 1366 ὑπολαμβάνω,
684 1317 753 1356 τοῦ
785 1331 830 1355 τε
864 1317 1130 1365 κοινωφελοῦς
1165 1313 1259 1364 βίου
1290 1313 1640 1365 πολιτευομένους,
1676 1315 1748 1356 τοῦ
1773 1313 1811 1355 τ’
1837 1311 1934 1360 dn&

357 1401 471 1434 μονος
506 1385 574 1426 καὶ
608 1387 803 1435 γαληνοῦ,
838 1385 1124 1437 διατρίβοντας
1156 1385 1243 1437 περὶ
1278 1385 1543 1437 φιλοσοφίαν.

416 1456 633 1509 Quomodo
676 1457 777 1498 haee
818 1460 955 1498 essent
995 1458 1039 1498 in
1082 1457 1302 1513 integrum
1345 1455 1604 1499 restituenda
1645 1455 1735 1498 dixi
1766 1454 1929 1501 Mnem.

360 1526 488 1579 1909,
525 1526 594 1570 76.
638 1527 835 1569 Primum
875 1541 951 1582 pro
992 1526 1115 1568 ὄντοιν
1146 1526 1375 1584 legendum
1408 1532 1472 1569 est
1502 1532 1597 1578 τοῖν,
1631 1525 1794 1578 deindo,
1826 1537 1932 1582 quae

355 1612 465 1640 nunc
507 1598 778 1640 vehementer
809 1601 851 1640 et
881 1601 1140 1640 structuram
1172 1602 1214 1639 et
1246 1599 1498 1639 sententiam
1530 1596 1793 1653 perturbant,
1827 1596 1932 1639 abii-

356 1668 505 1711 cienda
538 1669 718 1712 verbum
752 1668 1037 1718 ὑπολαμβοένω
1070 1671 1112 1710 et
1142 1667 1312 1724 virgula
1343 1673 1440 1723 post
1470 1670 1670 1718 γαληνοῦ.
1712 1667 1835 1711 Nune
1868 1680 1932 1708 or-

356 1739 451 1782 dine
493 1740 724 1795 prooedunt
765 1741 928 1782 omnia:
980 1739 1213 1795 „perfectos
1255 1739 1447 1781 homines
1488 1738 1594 1781 duco
1637 1739 1712 1794 qui
1758 1741 1934 1794 possunt

354 1809 526 1852 civilem
560 1814 693 1852 artem
727 1811 901 1852 miscere
934 1809 1222 1865 philosophiae
1254 1813 1296 1851 et
1327 1811 1421 1861 (sic)
1453 1808 1634 1852 duorum
1663 1816 1932 1851 summorum

353 1881 560 1923 bonorum
589 1881 680 1923 fieri
705 1882 950 1936 participes:
985 1882 1097 1924 vitae
1124 1880 1290 1923 civibus
1316 1879 1436 1922 utilis
1462 1878 1769 1935 rempublicam
1797 1891 1935 1934 capos-

355 1952 496 2002 sendo,
529 1953 642 1994 vitae
672 1953 839 2007 quietae
874 1950 1146 2007 placidaeque
1179 1949 1555 2007 philosophando.'’

415 2023 471 2065 ib.
519 2027 631 2073 τριῶν
667 2023 748 2073 γὰρ
780 2023 897 2063 ὄντων
930 2023 1029 2071 βίων
1062 2019 1110 2063 ὧν
1145 2022 1162 2063 5
1196 2021 1270 2071 μέν
1300 2022 1384 2062 ἐστι
1419 2021 1639 2073 πρακτικὸς
1673 2021 1691 2062 ὁ
1723 2021 1764 2063 δὲ
1797 2021 1933 2071 θεωρη-

357 2092 464 2139 τικὸς
506 2093 522 2134 5
567 2092 599 2133 δ’
639 2092 957 2144 ἀπολαυστικός,
1000 2092 1017 2133 5
1061 2092 1135 2141 μὲν
1179 2090 1345 2138 ἔκλυτος
1391 2092 1458 2133 καὶ
1501 2091 1637 2138 δοῦλος
1683 2095 1759 2133 τῶν
1790 2089 1931 2139 ἡδονῶν

358 2162 508 2216 ζῳώδης
544 2163 610 2204 καὶ
645 2163 921 2214 μικροπρεπής
955 2163 1076 2204 ἔστιν.
1831 2173 1835 2175 ’

417 2235 581 2276 Mirum
608 2235 651 2275 ni
676 2235 764 2276 vita
790 2233 996 2276 dissoluta
1021 2237 1063 2276 et
1090 2232 1383 2289 voluptatibus
1409 2232 1588 2274 obnoxia
1614 2233 1752 2288 turpis
1777 2234 1820 2275 et
1835 2231 1934 2274 feris
1990 2246 1994 2250 ’

357 2304 611 2348 animalibus
642 2304 771 2360 digna
803 2302 877 2346 sit!
912 2303 994 2346 Sed
1027 2317 1228 2359 quorsum
1261 2303 1307 2345 id
1332 2303 1401 2345 hic
1425 2300 1628 2346 infertur?
1655 2301 1813 2347 Verum
1839 2306 1934 2358 post

310 2374 323 2387 ⁸
360 2376 497 2425 ἡδονῶν
539 2377 674 2417 insere
716 2375 778 2425 ὤν,
821 2377 958 2430 ipsam
1001 2376 1218 2431 scriptoris
1259 2388 1434 2416 manum
1475 2374 1724 2416 restitueris.
1765 2372 1935 2416 Inverso

359 2449 471 2490 enim
505 2446 647 2488 ordine
680 2445 781 2501 quid
813 2445 862 2487 de
894 2445 1078 2502 singulis
1109 2445 1197 2487 illis
1229 2446 1329 2487 vitis
1361 2448 1526 2487 censeat
1557 2449 1595 2486 et
1625 2444 1749 2500 quare·
1771 2447 1936 2487 censeat

359 2518 548 2573 exponit:
586 2515 769 2567 „ultima
799 2517 888 2558 vita
920 2516 1092 2558 homine
1123 2520 1185 2558 est
1217 2515 1392 2572 indigna
1425 2518 1571 2571 utpote
1601 2528 1708 2570 quae
1733 2513 1937 2557 dissoluta

359 2590 416 2631 sit
447 2592 489 2630 et
520 2586 812 2642 voluptatibus
835 2585 1017 2628 dedita.''
1052 2586 1163 2629 Tum
1192 2585 1337 2629 eodem
1364 2585 1487 2628 modo
1515 2585 1802 2641 de-prioribus
1827 2584 1936 2626 iudi-

359 2661 474 2702 cium
506 2659 773 2714 pronuntiat:

420 2729 495 2771 ὅδὲ
514 2726 757 2781 θεωρητικός,
785 2730 872 2769 τοῦ
901 2731 1202 2780 πρακτικοῦ
1233 2725 1639 2778 διαμαρτάνων,
1668 2726 1933 2778 ἀνωφελής,ὂ

357 2802 398 2844 δὲ
416 2800 649 2850 πρακτικός,
669 2800 694 2839 ἀ
709 2816 740 2847 μ
755 2814 771 2840 ο
785 2815 795 2838 ι
808 2814 826 2849 ρ
842 2799 862 2846 ἦ
877 2816 899 2839 σ
918 2816 942 2839 α
958 2811 975 2845 ς·
1002 2804 1037 2850 φ
1050 2816 1061 2840 ι
1076 2809 1100 2841 λ
1116 2815 1132 2840 ο
1145 2815 1169 2840 o·
1185 2815 1202 2840 0
1215 2804 1249 2849 φ
1263 2798 1315 2840 ία
1328 2815 1367 2848 ς,
1386 2796 1560 2847 ἄμουσος
1579 2797 1646 2838 καὶ
1666 2796 1933 2847 πλημμελής.

420 2870 518 2912 VIII
545 2870 578 2911 B
621 2867 719 2911 οὕτω
749 2869 855 2910 Δίων
882 2870 898 2910 5
930 2870 1183 2920 Συρακόσιος,
1207 2867 1328 2915 οὕτως
1349 2867 1677 2917 Ἐπαμεινώνδας
1697 2867 1715 2909 5
1734 2867 1933 2918 Θηβαῖος,

362 2940 410 2983 ὧν
443 2940 691 2991 ἑκάτερος
725 2938 940 2986 Πλάτωνος
975 2941 1135 2990 ἐγένετο
1169 2940 1469 2987 συνουσιαστής.
