1930 3354
1029 272 1115 316 624

346 395 510 439 1106A
549 395 745 452 Epicurei
776 397 1059 447 mortuorum,
1092 395 1221 438 etiam
1254 397 1586 448 carissimorum,
1613 395 1785 442 11111ήά
1806 399 1860 442 si-

282 466 470 510 mulacra
515 467 764 522 aspicientes
809 467 1104 522 aspecturique
1146 466 1366 519 ὀδυρόμενοι
1410 466 1479 510 καὶ
1525 469 1859 546 noanon-hustet,-

284 538 529 581 διατελοῦσι.

342 609 456 652 Mihi
497 611 661 650 rectum
703 607 1038 654 καινοπαθοῦντες
1069 607 1265 652 videtur:
1309 610 1470 652 etenim
1500 608 1699 665 Epicurei
1718 619 1860 655 -novos

283 679 487 735 quosdam
529 682 698 733 (eosque
729 677 948 731 absurdos)
989 680 1245 722 invenerunt
1276 679 1461 723 affectus.
1504 679 1629 724 Certe
1655 694 1738 729 11011
1759 694 1862 739 ·pro-

281 749 467 793 bandum
508 748 731 791 Mezeriaci
770 749 1108 802 κακοπαθοῦντες,
1151 750 1307 794 melius
1349 751 1399 794 R.
1433 750 1769 801 δεινοπαθοῦύτες.
1812 751 1860 796 Si

282 820 384 877 quid
415 819 683 872 mutandum,
717 834 851 864 nonne
884 821 1193 870 αἰνοπαθοῦντες
1227 820 1451 879 legamus?

339 966 543 1008 Adversus
579 966 736 1008 Coloten
772 964 959 1010 1107F:
1002 966 1224 1010 Nestorem
1257 970 1330 1024 qui
1362 970 1466 1012 sorti
1494 970 1735 1027 permiserit
1765 969 1860 1027 quis

281 1034 457 1078 Hectori
503 1041 785 1093 opponeretur
831 1038 890 1080 sic
936 1036 1192 1081 Plutarchus
1240 1039 1446 1083 defendit:
1493 1039 1561 1084 ἐπὶ
1607 1039 1676 1083 τὸν
1693 1038 1699 1046 ”
1719 1036 1861 1092 κλῆρον

283 1106 424 1149 ἑαυτὸν
452 1104 595 1156 ἔταξεν
621 1105 724 1150 ὥστε
750 1106 818 1150 τοῦ
847 1107 1155 1160 Φοονιμωτοέτου
1181 1109 1456 1162 βραβεύοντος
1487 1141 1498 1154 .
1517 1141 1527 1154 .
1546 1112 1570 1154 .’
1588 1110 1718 1168 Sequi
1747 1122 1860 1154 nunc

282 1178 428 1220 statim
460 1177 583 1221 debet
613 1192 762 1223 versus
793 1179 1064 1222 notissimus:
1097 1179 1140 1221 ἐκ
1172 1181 1206 1223 δ’
1235 1178 1338 1234 ἔθορε
1370 1181 1470 1232 nri„
1503 1195 1587 1225 11011
1615 1182 1858 1239 praemitti:

282 1247 469 1300 γενέσθαι
513 1249 579 1291 τὸν
619 1250 854 1300 κατάλογον
889 1263 995 1305 quae
1027 1250 1166 1302 verba,
1199 1250 1299 1294 licet
1330 1266 1453 1295 sensu
1484 1254 1571 1295 sint
1600 1265 1728 1304 cassa,
1759 1251 1861 1309 quid

282 1319 362 1361 sibi
402 1318 584 1362 voluerit
625 1319 904 1377 interpolator
945 1321 1048 1363 satis
1079 1325 1143 1363 est
1174 1323 1469 1378 perspicuum:
1500 1323 1678 1379 putabat
1706 1334 1860 1379 nempe

282 1389 409 1432 homo
438 1391 746 1433 semibarbarus
778 1391 1016 1442 κατάλογον
1047 1405 1135 1434 esse
1168 1392 1403 1444 electionem,
1436 1396 1480 1436 et
1507 1406 1561 1436 ne
1585 1391 1664 1437 hoc
1688 1391 1860 1450 quidem

283 1461 490 1503 sentiebat
521 1475 597 1504 suo
628 1461 915 1504 additamento
950 1464 1092 1504 totum
1123 1461 1205 1506 loci
1237 1463 1461 1507 decursum
1492 1464 1711 1520 perrumpi
1734 1462 1861 1520 idque

282 1531 637 1574 absurdissimum
668 1533 713 1575 in
744 1531 934 1575 modum.

345 1668 507 1711 1108ss
557 1669 765 1720 „Vereor”
808 1668 1102 1712 Aristodemus
1143 1670 1204 1712 ait
1249 1684 1328 1720 „ne
1366 1670 1409 1712 in
1452 1667 1598 1713 Golote
1637 1668 1860 1713 refutando

281 1739 395 1782 iusto
427 1741 511 1782 sim
541 1740 834 1783 vehementior
864 1739 1094 1793 τάνθρώπου
1119 1739 1313 1794 (00101011
1340 1740 1570 1797 significat)
1595 1739 1742 1794 χόρτον
1767 1741 1860 1784 τινα

283 1809 587 1862 προβάλλοντος
621 1810 831 1859 **ήσεως
866 1811 1088 1863 Σωκράτει,
1122 1810 1191 1852 καὶ
1225 1811 1308 1857 πῶς
1341 1811 1396 1856 εἰς
1428 1811 1474 1853 τὸ
1500 1810 1640 1862 στόμα
1666 1812 1713 1859 τὸ
1735 1810 1861 1855 σιτίον

282 1881 353 1924 οὐκ
385 1881 440 1927 εἰς
475 1882 520 1922 τὸ
554 1879 618 1928 οὖς
653 1881 859 1932 ἐντίθησιν,
893 1881 1125 1933 ἐρωτῶντος.
1479 1940 1482 1942 v

342 1950 421 1994 Est
458 1952 570 2008 quod
610 1953 777 1994 mireris
815 1951 1035 2004 editorem,
1080 1951 1226 1996 ritum
1269 1951 1429 1996 Graece
1464 1952 1713 2008 perdoctum
1742 1955 1787 1996 et
1815 1953 1860 1996 in

283 2021 510 2064 Plutarcho
546 2023 898 2073 versatissimum,
940 2021 1135 2065 lacunam
1177 2024 1235 2065 sic
1265 2021 1444 2080 implere
1477 2023 1586 2077 [ἀντὶ
1619 2025 1704 2078 σιτ]
1734 2022 1861 2080 idque

283 2091 630 2148 supplementum
649 2093 859 2148 praeferre
879 2092 1261 2149 Wyttenbachiano
1278 2094 1386 2148 [ἀντὶ
1405 2092 1527 2146 ἄρτου
1539 2096 1860 2147 καταφρονοῦντι

283 2161 395 2217 aio-O]
436 2160 550 2219 'quod
593 2167 735 2206 tamen
779 2165 902 2206 unice
945 2177 1096 2206 verum
1137 2177 1226 2206 esse
1266 2165 1306 2207 ei
1330 2163 1424 2220 'qui
1455 2163 1628 2221 Belgice
1649 2165 1762 2208 >sciat
1791 2163 1862 2207 vel

283 2235 469 2277 maxime
500 2234 682 2277 elucebit
713 2248 736 2277 0
768 2248 863 2277 mea
893 2235 1263 2291 interpretatione:
1305 2231 1501 2285 „Colotes
1530 2235 1744 2279 schroomt
1769 2235 1862 2277 *niet

283 2308 325 2347 te
364 2317 548 2362 zeggen:
591 2305 685 2356 „die
726 2304 931 2356 SocrateS,
966 2304 1032 2347 die
1065 2304 1115 2347 de
1146 2306 1362 2361 zintuigen
1396 2319 1467 2348 zoo
1492 2305 1697 2356 minacht,
1727 2307 1862 2348 moest

283 2375 485 2431 eigenlijk
518 2376 615 2418 hooi
648 2380 690 2418 te
719 2381 815 2418 eten
847 2375 1041 2432 krijgen''
1075 2390 1126 2417 en
1159 2389 1369 2426 „waarom
1401 2375 1540 2419 steekt
1568 2375 1759 2419 Socrates
1789 2375 1862 2417 het

283 2450 377 2488 eten
418 2448 461 2488 in
498 2448 577 2503 zijn
610 2446 739 2489 mond
769 2461 820 2489 en
853 2448 941 2489 niet
971 2448 1014 2488 in
1048 2448 1126 2503 zijn
1161 2459 1288 2489 ooren
1301 2444 1401 2489 ?''''.
1443 2445 1654 2504 Interpres
1685 2445 1862 2489 Latinus

283 2516 716 2573 Wyttenbachianum
747 2516 1094 2573 supplementum
1127 2530 1212 2559 non
1244 2517 1345 2559 satis
1375 2515 1578 2560 illustrat.

346 2660 506 2705 1108G
552 2661 608 2704 Et
651 2661 734 2705 alia
777 2661 964 2704 clamant
1003 2661 1202 2718 Epicurei
1243 2665 1285 2704 et
1315 2662 1386 2704 οὐκ
1417 2677 1468 2704 αν
1499 2693 1510 2705 .
1530 2693 1539 2705 .
1559 2693 1568 2705 .
1600 2661 1694 2708 τὰς
1710 2660 1859 2714 ἀρετ-θος

284 2731 382 2782 ὁμοῦ
416 2732 555 2779 πασας
588 2731 829 2784 τετρημένου
861 2735 1026 2785 χαλκοῦ
1059 2732 1288 2785 (πρίασθαι)
1319 2732 1421 2784 δίχα
1455 2737 1527 2781 τῆς
1557 2732 1697 2782 ἡδονῆς
1723 2731 1860 2793 πάσης

283 2803 545 2855 πανταχόθεν
578 2802 859 2853 ἐξελαθείσης·
894 2802 1018 2846 ἐνδεῖν
1050 2803 1084 2845 δ’
1118 2804 1256 2849 αὐτοῖς
1288 2801 1356 2844 τὸν
1382 2802 1470 2855 περὶ
1500 2805 1593 2844 θεῶν
1620 2817 1689 2845 και
1717 2803 1860 2854 ψυχῆς

283 2872 420 2924 λόγον,
462 2875 515 2921 ὡς
553 2891 574 2923 η
606 2876 682 2926 μὲν
714 2874 953 2917 ἀπόλλυται
985 2873 1234 2926 διαλυθεῖσα,
1267 2878 1349 2919 τοῖς
1382 2873 1418 2914 δ’
1448 2872 1600 2920 οὐδενὸς
1633 2871 1750 2923 μέλει
1785 2876 1861 2915 τῶν

285 2945 373 2985 καθ’
407 2946 532 2992 ἡμᾶς.

345 3013 454 3057 Gum
503 3014 566 3057 W.
620 3015 815 3071 equidem
867 3017 926 3058 sic
979 3015 1061 3058 loci
1108 3016 1293 3071 priorem
1339 3019 1503 3071 partem
1549 3013 1858 3071 suppleverim:
