2002 3372
921 211 1008 256 277

228 335 367 380 509132
412 333 683 392 Sacrilegum
721 332 980 390 loquacitate
1022 347 1152 391 seque
1194 334 1414 389 sociosque
1445 332 1693 390 perdentem
1726 336 1771 375 et

166 405 251 451 alia
275 411 431 465 rogant
463 410 507 450 et
536 406 615 449 hoc
646 406 998 448 circumstantem

227 479 289 526 τίς
322 480 360 521 σ’
392 474 521 530 οἷδεν;

227 548 293 592 Ex
335 547 725 605 „antiquitatibus”
770 546 973 590 Romanis
1016 546 1097 590 hoc
1128 545 1355 590 transtulit
1385 549 1529 589 noster
1561 549 1604 589 et
1635 545 1687 588 ad
1719 545 1768 588 li-

165 623 304 664 teram
346 620 500 664 vertit:
544 619 669 676 „quis
711 622 754 661 te
795 619 1011 675 cognoscit
1023 615 1069 660 ‘P’
1116 617 1180 662 Of.
1225 617 1339 674 quod
1382 622 1446 660 est
1476 618 1521 659 in
1556 617 1768 668 Verrinis:

169 705 296 744 „cum
329 705 430 735 eum
462 690 687 748 Syracusis
718 688 849 732 multi
881 689 1229 746 cognoscerent''‚
1261 690 1292 732 i.
1310 703 1347 732 e.
1382 702 1482 731 eum
1514 687 1677 731 multos
1708 689 1770 731 ibi

165 763 408 821 cognitores
439 762 629 805 haberet.

227 908 367 953 510A
414 909 479 952 δεῖ
515 905 779 962 πεφράχθαι,
823 908 893 950 καὶ
931 907 999 949 τὸν
1032 908 1233 958 λογισμὸν
1265 907 1318 954 ὥς
1351 906 1552 960 πρόβολον
1585 905 1769 956 ἐμποδὼν

165 981 232 1024 αἐ)
275 987 326 1035 τῇ
367 980 537 1032 γλώττῃ
568 980 751 1030 κείμενον
785 980 954 1031 ἐπέχειν
985 979 1031 1022 τὸ
1065 980 1198 1032 ῥεῦμα
1231 978 1300 1020 καὶ
1335 978 1404 1021 τὸν
1435 976 1592 1020 ὄλισθον
1624 979 1768 1026 αὐτῆς.

226 1052 346 1096 Haec
386 1066 470 1095 non
512 1051 738 1094 cohaerent
780 1051 863 1093 nisi
897 1054 992 1107 post
1026 1050 1208 1101 κείμενον
1242 1050 1394 1092 inseris
1427 1048 1621 1102 ἔχοντας,
1655 1048 1769 1105 quod

165 1126 264 1168 ante
295 1121 462 1176 ἐπέχειν
493 1120 618 1166 facile
651 1121 844 1165 excidere
875 1122 1033 1179 potuit.

228 1258 366 1304 5101ss
413 1258 666 1316 Breviloqui
707 1258 927 1312 σοφώτεροι
973 1256 1130 1300 δοκοῦσι
1175 1261 1252 1300 τῶν
1297 1256 1459 1309 ἐξηνίων
1501 1256 1653 1299 τούτων
1698 1256 1767 1298 καὶ

163 1330 408 1386 φερομένων.

225 1402 310 1446 Pro
338 1401 495 1445 ultima
521 1415 624 1446 voce
650 1403 861 1458 interpres
891 1400 964 1443 dat
991 1399 1266 1451 ‚‚concitati'’,
1295 1403 1338 1443 et
1366 1399 1578 1443 eiusmodi
1604 1399 1769 1455 aliquid

166 1475 415 1532 requiritur.
446 1472 530 1517 Sed
561 1472 768 1516 excidisse
800 1473 888 1526 εἰκῇ
922 1475 1021 1529 post
1052 1472 1124 1514 καί
1156 1471 1342 1514 videtur.

228 1620 363 1666 510F
411 1621 446 1664 οἱ
491 1620 744 1673 Κελτίβηρες
786 1621 831 1663 ἐκ
870 1623 941 1662 τοῦ
985 1618 1142 1672 σιδήρου
1176 1619 1220 1661 τὸ
1253 1619 1461 1669 στόμωμα
1494 1621 1672 1660 ποιοῦσιν
1704 1619 1769 1660 in-

166 1692 365 1737 fodiendo
398 1696 550 1736 terrae.

226 1764 326 1809 Iure
359 1763 425 1809 W.
457 1763 577 1808 istud
609 1764 654 1806 ἐκ
687 1762 862 1807 delevit.

228 1911 362 1957 5110
395 1912 523 1955 Pater
553 1909 628 1954 ille
661 1911 737 1967 qui
769 1910 1029 1966 sagittarum
1063 1908 1266 1952 fasciculo
1300 1909 1502 1951 utebatur
1534 1907 1586 1950 ad
1619 1907 1768 1951 docen-

166 1984 241 2029 dos
273 1983 386 2028 filios
417 1997 525 2041 quae
557 1985 669 2026 esset
700 1980 948 2025 concordiae
982 1982 1048 2024 vis

227 2053 268 2099 ἓν
300 2056 390 2097 καθ’
424 2048 464 2097 ἓν
497 2051 624 2096 ἕλκων
657 2052 799 2096 πάντα
833 2051 980 2107 ῥᾳδίως
1013 2050 1222 2094 διέκλασε.

226 2126 344 2184 Lege
385 2125 572 2177 ἐξέλκων,
614 2123 981 2182 quemadmodum
1025 2126 1138 2166 recte
1181 2122 1255 2166 dat
1295 2123 1506 2177 interpres
1547 2134 1625 2164 suo
1670 2135 1769 2172 „ex-

165 2196 346 2242 tracto’'.

227 2333 368 2379 512A
411 2333 682 2386 „Caveamus
724 2334 963 2390 praeripere
1004 2345 1259 2388 responsum
1291 2331 1331 2374 ei
1363 2343 1491 2386 quem
1526 2330 1769 2386 (magister)

164 2407 473 2464 interrogavit:
506 2409 509 2412 ’

227 2476 321 2525 ἴσως
354 2477 430 2528 μὲν
463 2479 546 2528 γὰρ
578 2476 660 2518 οὐδ’
694 2474 804 2518 ἄλλο
834 2491 873 2517 τι
907 2478 1045 2520 καλῶς
1078 2473 1175 2527 ἔχον
1207 2474 1330 2524 ἐστιν,
1359 2472 1590 2521 αἰτηθέντος
1622 2471 1768 2523 ἐτέρου,

166 2548 482 2601 παρωσαμένους
519 2548 664 2590 ἐκεῖνον
697 2547 846 2595 αὐτοὺς
881 2545 1227 2597 ἐπαγγέλλεσθαι

165 2620 240 2665 sed
280 2621 384 2664 haec
424 2621 469 2663 iu
511 2618 803 2676 respondendo
844 2617 1084 2675 petulantia
1127 2630 1255 2674 quam
1298 2616 1488 2659 maxime
1527 2617 1592 2658 est
1623 2617 1769 2671 contu-

166 2691 387 2736 meliosa.’'

227 2763 311 2817 Qui
349 2763 514 2806 factum
557 2763 614 2805 sit
655 2764 705 2804 ut
747 2760 886 2804 editor
925 2759 1044 2802 istud
1086 2757 1194 2801 ἄλλο
1236 2775 1274 2801 τι
1317 2759 1363 2800 iu
1396 2761 1519 2800 textu
1551 2757 1768 2806 retineret,

166 2849 267 2878 cum
310 2837 454 2877 tamen
497 2836 597 2876 nota
638 2834 677 2875 ei
719 2836 830 2875 esset
872 2831 1090 2874 Duebneri
1133 2829 1374 2873 emendatio
1417 2828 1560 2870 ἄλλοθι
1595 2840 1769 2884 prorsus

167 2920 238 2950 me
261 2904 384 2949 latet.
411 2904 524 2958 Quid
550 2905 666 2947 enim
693 2904 853 2946 certius
882 2916 1012 2959 quam
1039 2901 1187 2956 opponi
1214 2901 1286 2944 hic
1312 2902 1425 2943 inter
1448 2914 1492 2942 se
1514 2900 1769 2942 universum

166 2978 266 3022 vitii
296 2990 434 3033 genus
465 2981 508 3019 et
539 2974 800 3031 peculiarem
833 2973 1047 3030 quandam
1079 2973 1172 3016 eius
1199 2969 1410 3029 speciem?
1442 2970 1596 3014 Malim
1625 2973 1769 3012 tamen
