1930 3354
878 248 966 292 683

32 338 37 394 ἶ
123 366 190 413 ιὰ,
216 367 386 412 fontem
425 382 557 412 suum
587 372 715 426 atque
745 372 977 422 auctorem,
1011 371 1064 414 ad
1095 372 1239 428 ipsum
1271 370 1501 415 Platonem
1530 386 1626 416 eam
1657 385 1719 416 re·

31 434 41 458 ²
124 437 251 483 duxit
271 438 521 484 Antiochus
550 439 640 484 ille.
680 440 833 498 Legite
865 443 973 484 mihi
1005 456 1028 485 e
1059 442 1146 484 vita
1174 442 1340 486 Laeuus
1371 443 1512 500 capita
1543 443 1643 487 XLI
1674 447 1719 487 et

124 507 263 562 XLII,
298 511 496 554 sentietis
537 511 645 555 hanc
685 512 885 555 Antiochi
927 512 1203 557 Academiam
1246 528 1340 558 eam
1373 528 1464 558 esse
1496 529 1604 572 quae
1635 517 1718 572 ipsi

124 577 358 633 Plutarcho
389 582 579 626 maxime
609 583 822 640 probetur.

186 651 281 696 Hoc
324 656 492 697 certum
538 657 604 697 est
648 656 696 697 in
744 655 944 698 omnibus
990 655 1117 698 rebus
1161 660 1206 700 et
1245 657 1289 698 in
1334 656 1606 714 philosophia
1647 656 1716 700 vel

122 725 316 768 maxime
353 723 639 768 Plutarchum
680 725 725 769 id
764 725 907 769 solum
947 726 1144 783 probasse
1185 727 1300 784 quod
1341 727 1476 771 solido
1507 730 1717 772 niteretur

122 795 413 840 fundamento.
456 795 639 840 Omnino
674 798 763 840 iam
794 811 879 841 non
911 802 1002 840 tam
1034 797 1158 841 facile
1190 798 1307 841 dictu
1339 804 1404 842 est
1433 801 1504 842 cui
1536 802 1716 857 quisque

122 870 263 914 uotae
279 865 566 924 *philosophus
593 869 652 911 sit
674 868 1034 921 adnumerandus,
1062 871 1124 912 ita
1150 875 1414 913 evanuerant
1438 870 1542 914 fines
1560 873 1717 928 quibus

121 937 345 983 Metus
370 952 518 982 omnes
559 940 673 983 inter
715 954 758 983 se
801 939 970 983 fuerant
1013 940 1260 998 diremptae.
1294 940 1408 984 Nam
1439 956 1588 985 omnes
1620 946 1715 986 tum

42 1013 48 1021 ”
122 1007 378 1068 philosophi,
415 1014 458 1054 et
491 1009 748 1054 Plutarchus
780 1012 979 1054 omnibus
1012 1013 1166 1069 magis,
1199 1027 1371 1069 operam
1402 1013 1561 1056 dabant
1590 1017 1640 1056 ut
1670 1015 1715 1057 in

119 1081 244 1126 vum
275 1093 408 1125 »unm
450 1095 528 1125 sua
572 1087 712 1139 posset
745 1083 936 1127 converti
968 1085 1190 1140 sapientia.
1223 1083 1484 1127 Plutarchus
1516 1085 1715 1129 omnibus

120 1153 265 1211 magi!
305 1153 386 1205 aio,
424 1151 606 1210 ideoque
645 1168 730 1197 non
761 1152 904 1197 solum
937 1168 985 1197 ea
1017 1156 1183 1211 respuit
1213 1169 1321 1211 quae
1353 1155 1458 1199 falsa
1488 1156 1571 1199 sibi
1598 1156 1716 1200 vide-

119 1225 250 1268 antur
287 1223 362 1268 sed
402 1237 452 1268 aa
493 1238 662 1282 quoque
703 1239 810 1282 quae
841 1239 894 1269 ne
925 1227 1177 1283 perturbent
1208 1227 1373 1270 animos
1405 1227 1631 1271 hominum
1664 1227 1715 1272 de

119 1293 257 1354 vulgo
282 1294 555 1340 inlectos-um
587 1299 858 1354 teneantque
889 1295 1133 1354 periculum
1165 1299 1236 1351 sit,
1268 1297 1393 1355 quale
1426 1303 1491 1342 est
1519 1299 1631 1343 illud
1663 1300 1715 1344 de

119 1365 396 1425 antipodihs
432 1372 480 1411 et
519 1367 571 1411 de
612 1369 813 1412 omnibus
855 1369 981 1412 rebus
1012 1371 1057 1412 in
1090 1374 1285 1413 centrum
1317 1371 1569 1423 nitentibus,
1603 1373 1714 1429 quod

118 1440 196 1484 vix
234 1438 407 1483 medere
449 1453 623 1496 possum
665 1441 750 1497 ipsi
787 1444 874 1484 tam
915 1442 1115 1484 insanum
1149 1442 1293 1486 visum
1326 1456 1416 1486 esse
1448 1457 1578 1500 quam
1611 1444 1715 1488 dicit

117 1511 188 1565 (de
205 1510 392 1568 faciei.
423 1526 461 1555 o.
494 1511 524 1554 Ζ.
556 1510 645 1554 924
657 1512 728 1566 Α).

120 1607 141 1623 2
177 1580 253 1635 Bt,
292 1586 347 1629 nt
391 1583 480 1626 im
524 1583 706 1626 missam
747 1583 903 1627 faciam
945 1583 1236 1636 Academiam,
1280 1599 1452 1628 omnem
1494 1591 1714 1630 aversatur

117 1653 295 1712 oditque
331 1653 652 1712 philosophiam
695 1668 804 1711 quae
846 1654 898 1698 ad
937 1657 1163 1699 materiem
1206 1657 1380 1700 brutam
1410 1657 1540 1700 refert
1572 1659 1714 1701 omnia

117 1738 308 1783 quaeque
349 1725 568 1770 hominem
611 1726 716 1770 facit
755 1726 1000 1770 machinam
1044 1726 1167 1770 nulla
1197 1727 1433 1785 praeditam
1465 1733 1609 1772 mente
1641 1729 1713 1772 sed

116 1797 255 1841 unias
270 1798 479 1841 mata-iae
507 1796 681 1856 legibus
709 1798 953 1842 obnoxiam.

142 1867 316 1926 Supra
352 1873 426 1926 (.p
453 1868 562 1922 558>
607 1883 659 1912 ex
699 1869 776 1913 illo
814 1871 863 1912 de
890 1871 1015 1926 facie
1057 1870 1085 1913 i.
1119 1886 1154 1915 o.
1187 1871 1219 1914 Ζ.
1260 1870 1370 1916 libro
1413 1886 1461 1915 ea
1503 1886 1611 1929 quae
1642 1871 1713 1916 vel

115 1941 329 1984 maxime
341 1938 469 1984 illam
508 1940 735 1984 Plutarchi
775 1940 1041 1985 illustrarent
1076 1944 1334 1986 sententiam
1365 1945 1567 2000 excerpsi,
1599 1959 1712 1988 nunc

117 2010 188 2056 hc
206 2014 407 2070 inpetere
425 2011 547 2056 lubet
573 2014 826 2057 universum
853 2012 1029 2057 illorum
1057 2019 1354 2071 excerptorum
1381 2019 1710 2072 argumentum:

140 2082 462 2142 ¹¹Quaecunque
501 2084 570 2128 hic
611 2098 636 2127 a
679 2084 815 2128 doctis
855 2088 1112 2129 astronomis
1154 2085 1500 2144 philosophisque
1543 2087 1712 2131 demon-

115 2157 320 2208 οἰκ-ηψπ,
368 2169 418 2200 ea
460 2157 607 2200 omnia
651 2170 700 2199 eo
748 2157 930 2199 tendunt
978 2161 1027 2200 ut
1073 2156 1319 2214 legentibus
1364 2157 1475 2200 illud
1516 2160 1711 2202 omnium

116 2226 426 2284 pomorum
467 2227 809 2284 pulcherrimum
847 2227 1112 2271 inculcetur:
1146 2228 1342 2280 „credere
1374 2228 1520 2281 nolite,
1554 2235 1711 2274 morta-

114 2296 191 2350 les,
211 2297 324 2342 uso
348 2312 528 2356 corpora
559 2298 760 2342 deorsum
793 2298 941 2342 cadere
974 2300 1074 2356 quia
1107 2303 1219 2342 terra
1250 2314 1298 2343 ea
1329 2301 1540 2344 attrahat:
1575 2299 1710 2354 quid-

115 2365 232 2422 qnid
258 2367 318 2412 at
345 2367 456 2413 ideo
484 2367 543 2413 iit
575 2368 685 2423 quia
715 2368 821 2414 vult
851 2368 979 2413 Deus
1011 2368 1228 2424 Optimus
1259 2369 1506 2416 Maximae.

146 2473 150 2483 ,
175 2438 235 2484 Et
259 2441 431 2486 exstitit
458 2443 530 2486 vir
560 2441 712 2485 doctus
742 2443 817 2498 qui
848 2443 1011 2485 mirum
1043 2447 1253 2499 quantum
1285 2443 1368 2485 sibi
1397 2457 1524 2500 supra
1549 2443 1710 2502 vulgus

114 2518 261 2568 sapere
285 2511 506 2556 videretur
528 2515 630 2570 quia
654 2515 821 2570 primus
847 2513 1008 2557 scilicet
1034 2514 1298 2558 observasset
1324 2516 1485 2557 summi
1501 2518 1709 2559 momenti

114 2581 256 2628 istud:
295 2597 380 2627 non
422 2583 706 2628 Plutarchum
749 2598 840 2627 esse
878 2584 950 2627 sed
982 2583 1309 2629 Cleombrotum
1341 2585 1602 2643 Spartanum
1635 2589 1710 2644 qui

112 2651 226 2696 illud
254 2655 512 2707 Φιλοσοφίας
543 2655 665 2703 τέλος
697 2656 887 2707 θεολογίοι
919 2654 1166 2712 eloquatur!

168 2724 391 2768 &deam
418 2725 688 2784 philosophia
719 2730 859 2770 multa
891 2727 1019 2770 habet
1051 2741 1158 2784 quae
1184 2727 1433 2780 Plutarcho,
1463 2730 1555 2771 viro
1582 2728 1708 2773 lenis-

113 2796 226 2842 simo
264 2797 598 2855 mifissimoque,
643 2798 764 2842 nullo
807 2798 935 2842 modo
975 2798 1141 2855 placere
1183 2801 1369 2856 possint:
1417 2800 1555 2843 fatum
1597 2800 1708 2844 illud

113 2865 272 2911 durum
300 2872 348 2912 et
373 2869 652 2921 inexorabile,
686 2869 962 2912 Providentia
994 2884 1102 2926 quae
1128 2875 1171 2913 et
1197 2872 1290 2927 ipsa
1317 2871 1604 2915 crudelissimi
1630 2873 1707 2916 fati

112 2951 199 2981 non
239 2939 297 2982 sit
333 2939 575 2991 dissimilis,
610 2943 700 2983 tota
731 2940 975 2984 humanitas
1006 2941 1207 2998 bipartito
1240 2941 1391 2993 divisa,
1423 2944 1468 2985 in
1499 2943 1706 2999 perfectos

112 3009 324 3066 aptantes
342 3014 344 3016 ’
362 3014 410 3055 et
449 3026 622 3068 prorsus
652 3013 822 3055 insanos
853 3010 1019 3069 aliaque
1050 3013 1181 3055 nimis
1210 3012 1351 3070 rigida
1382 3017 1426 3057 et
1454 3015 1703 3071 praefracta.
