2002 3372
1910 0 2002 167 Ἴ

413 365 546 409 4650
589 365 643 406 τὰ
687 370 758 413 τῆς
801 369 943 416 ψυχῆς
988 363 1317 415 διαγριαινόμενα
1364 367 1637 406 καταπαῦσαι
1679 365 1820 421 ῥᾳδίως
1861 366 1932 409 οὐκ

353 437 461 480 ἔστιν
495 436 544 480 ἂν
579 438 635 484 μὴ
670 436 754 478 κτὲ.

411 508 567 549 Hiatus
614 505 777 549 vitandi
824 519 948 548 causa
994 505 1109 547 istud
1156 505 1298 560 ῥᾳδίως
1345 507 1554 549 insertum
1601 505 1783 559 videtur,
1828 522 1929 552 nam

350 581 562 620 structura
595 578 826 619 sententiae
858 575 1094 633 elegantior
1124 575 1242 620 fieret
1274 578 1310 620 si
1341 578 1525 630 abesset;
1553 591 1689 634 neque
1714 577 1843 634 ῥᾴδιον
1868 579 1931 622 ibi

349 648 437 705 legi
471 647 774 691 vocabulorum
807 648 909 689 sinit
942 647 1177 703 dispositio.
1788 647 1790 649 ’

1103 241 1189 285 226

408 785 465 827 ib.
510 783 656 826 Malus
689 787 752 826 est
784 783 975 826 medicus
1007 784 1081 839 qui
1113 783 1250 826 cuivis
1283 796 1410 840 aegro
1441 783 1690 840 praescribit

408 855 510 907 μέν’,
545 853 572 897 ὦ
606 855 849 906 ταλαίπωρ’,
883 854 1045 904 ἀτρέμα
1078 859 1159 901 σοῖς
1193 855 1232 896 ἐν
1266 853 1436 904 δεμνίοις

347 927 420 978 ait,
464 930 507 969 et
547 940 622 968 cur
661 927 723 968 ita
764 925 846 968 sibi
887 924 1084 968 videatur
1125 926 1183 967 sic
1225 924 1367 968 docet:
1402 925 1523 967 κακὸν
1557 926 1632 976 μὲν
1665 925 1926 974 ἀναισθησίας

348 999 507 1048 σώματι
541 996 762 1048 Φάρμακον
796 996 960 1038 ἀπονία.

407 1067 531 1110 Alius
565 1067 737 1109 morbus
769 1067 850 1117 hic,
883 1070 933 1108 ut
964 1067 1128 1122 opinor,
1161 1067 1415 1122 requiritur;
1443 1065 1675 1124 legendum
1701 1067 1926 1119 ἀσθενείας,

346 1153 444 1181 nam
479 1139 677 1180 robustius
708 1137 756 1180 fit
786 1151 936 1193 corpus
968 1137 1234 1180 intendendis
1265 1137 1444 1189 viribus,
1477 1152 1563 1181 non
1594 1139 1653 1180 sic
1684 1137 1927 1187 ἀναισθησία

345 1210 484 1252 curari
514 1212 667 1266 potest.

407 1333 541 1377 465E
589 1336 710 1380 ἐνίους
751 1334 792 1376 δὲ
837 1334 904 1376 καὶ
949 1334 1003 1375 τὸ
1052 1335 1122 1382 μὴ
1166 1334 1432 1384 πράσσειν
1476 1334 1577 1377 αὐτὸ
1621 1334 1826 1381 πολλάκις
1867 1335 1924 1381 εἷς

346 1406 523 1454 ἀθυμίαν
558 1406 807 1452 καθίστησιν.

406 1476 655 1532 Legendum
687 1489 776 1518 esse
808 1475 853 1516 τὸ
887 1475 1009 1524 μηδὲν
1043 1475 1238 1524 πράσσειν
1271 1474 1419 1517 docent
1450 1478 1492 1518 et
1522 1479 1746 1532 sequentes
1774 1489 1924 1520 versus

345 1546 565 1589 Homerici
606 1546 655 1589 de
698 1545 864 1588 Achille
895 1547 1028 1588 otiose
1059 1545 1274 1588 desidente
1305 1549 1348 1588 et
1378 1544 1625 1602 philosophi
1653 1550 1925 1603 praeceptum

346 1620 404 1666 μὴ
437 1619 578 1660 πολλὰ
610 1618 800 1668 πρήσσειν
832 1616 945 1672 quod
977 1614 1109 1659 4650
1142 1615 1303 1673 legitur
1333 1621 1375 1659 et
1406 1617 1475 1659 hic
1506 1617 1730 1661 refutatur.

407 1753 543 1796 466A
586 1757 662 1794 τῶν
705 1753 787 1803 γὰρ
822 1756 957 1794 καλῶν
990 1753 1012 1799 ἠ
1044 1752 1296 1803 παράλειψις
1330 1753 1408 1803 οὐχ
1440 1750 1557 1802 ἦττον
1588 1751 1611 1802 ἢ
1643 1756 1720 1796 τῶν
1750 1753 1924 1806 Φαύλων

348 1826 369 1874 ἡ
402 1823 546 1875 πρᾶξις
582 1824 739 1875 ἀνιαρόν
774 1824 859 1864 ἐστι
893 1822 960 1864 καὶ
995 1822 1250 1875 ταραχῶδες,
1282 1823 1334 1869 ὥς
1367 1823 1534 1874 εἴρηται.

406 1894 589 1945 Excidit,
632 1899 681 1937 ut
722 1896 880 1950 opinor,
923 1893 1098 1935 auctoris
1138 1907 1305 1945 nomen,
1347 1908 1447 1936 nam
1488 1893 1539 1936 ab
1570 1895 1662 1950 ipso
1692 1893 1923 1938 Plutarcho

346 1966 448 2008 haec
480 1967 689 2008 sententia
719 1965 909 2007 nondum
943 1967 1007 2006 est
1038 1965 1323 2020 pronuntiata.

407 2091 539 2134 466F
583 2090 794 2148 Diogenes
837 2104 936 2132 cum
979 2103 1139 2133 venum
1180 2090 1270 2132 ibat
1311 2103 1530 2146 assurgere
1571 2087 1716 2133 nolens
1759 2091 1833 2141 sic,
1875 2095 1925 2133 ut
1977 2115 1980 2118 ·

347 2164 507 2218 opinor,
550 2175 797 2218 praeconem
838 2160 1023 2203 ludibrio
1063 2160 1235 2202 habuit:
1279 2159 1321 2201 τί
1361 2160 1396 2201 δ’
1429 2160 1462 2201 εἰ
1495 2160 1612 2212 ἰχθῦν
1647 2159 1920 2212 ἔπίπρασκες;

348 2247 446 2285 non,
478 2236 528 2275 ut
558 2232 768 2275 traditum
800 2235 876 2282 est,
911 2232 944 2273 εἶ
978 2231 1010 2272 δ’
1045 2231 1163 2283 ἰχθῦν
1195 2229 1469 2281 ἐπίπρασκες;

410 2355 545 2399 4681)
588 2356 633 2399 Si
666 2370 731 2399 res
764 2356 970 2398 humanas
1002 2359 1115 2398 recte
1148 2354 1477 2398 consideraveris

410 2430 582 2479 ἐπιλήσῃ
615 2427 752 2469 πολλὰ
787 2427 949 2478 λυπηρὰ
982 2426 1182 2476 συνάγων.

407 2500 536 2542 Recte
568 2499 702 2542 editor
734 2512 807 2554 pro
838 2499 975 2554 primo
1008 2495 1212 2540 vocabulo
1247 2496 1384 2550 παύσῃ
1415 2497 1608 2540 coniecit.

405 2626 462 2667 ib.
507 2625 594 2667 Sub
636 2623 722 2667 sole
764 2623 874 2666 nihil
915 2624 1014 2665 novi
1057 2635 1146 2664 esse
1178 2635 1386 2677 nusquam
1420 2623 1558 2678 magis
1588 2625 1762 2678 apparet
1793 2633 1921 2677 quam

345 2698 388 2737 in
431 2698 483 2738 iis
525 2710 630 2752 quae
674 2710 784 2737 nunc
818 2697 1054 2750 sequuntur
1086 2692 1135 2734 de
1167 2691 1433 2748 philosophis
1464 2691 1797 2735 misericordiam
1826 2705 1922 2748 poe-

345 2768 656 2823 nitentiamque
694 2765 1063 2822 proscribentibus.
1102 2761 1292 2805 Fuerunt
1324 2776 1426 2819 ergo
1456 2762 1739 2806 Nitzscheiani
1771 2761 1922 2805 multis

345 2841 440 2879 ante
474 2837 749 2879 Nitzscheum
782 2835 973 2878 saeculis.
1005 2834 1100 2876 Nisi
1130 2833 1240 2889 quod
1274 2832 1509 2889 praeclarae
1542 2831 1662 2877 illius
1693 2833 1921 2890 sapientiae

345 2909 418 2962 qui
460 2911 602 2949 nostra
642 2910 778 2949 aetate
820 2907 963 2948 extitit
995 2907 1139 2946 auctor
1169 2902 1431 2945 simulandam
1463 2916 1551 2945 esse
1584 2902 1918 2946 misericordiam

346 2977 500 3019 docuit.
