2002 3372
1106 262 1192 308 576

363 388 555 430 nieorum
595 384 717 428 facile
757 385 949 440 princeps
991 386 1054 426 est
1095 385 1376 428 existimatus.
1419 384 1566 440 Neque
1605 385 1692 429 iam
1724 388 1835 434 tem.-
1861 385 1936 432 diu

363 463 407 502 et
455 461 546 500 tam
594 460 763 499 strenue
815 453 1107 511 philosophiae
1164 454 1329 498 Stoicae
1385 454 1501 498 dedit
1559 468 1729 512 operam
1755 499 1758 502 .
1781 459 1841 504 uota
1877 480 1935 490 --

363 542 508 571 01111155
537 527 696 569 Stoicos
726 529 1011 576 aversaretur;
1044 539 1143 568 nam
1176 527 1317 582 tangit
1347 527 1634 582 quaestionem
1663 530 1708 570 et
1732 540 1757 571 a
1775 525 1937 575 §micis

363 602 587 643 tractatam
630 602 754 653 atque
794 597 855 638 ita
887 599 1111 639 tractatam
1143 601 1193 639 ut
1224 598 1361 640 omnis
1392 611 1539 640 eorum
1572 597 1939 646 duritas-madeli-

362 673 509 723 tasque
551 667 619 711 vel
660 667 847 709 maxime
889 665 987 708 inde
1029 666 1218 723 prodiret
1248 669 1291 710 in
1322 666 1476 720 lucem,
1509 667 1582 711 sed
1611 682 1731 715 nunc
1757 667 1817 715 do
1823 666 1938 717 §toa

362 741 535 794 eiusque
578 736 817 793 philosphis
857 750 940 779 non
983 739 1162 794 cogitat;
1194 739 1231 781 si
1262 739 1503 795 cogitasset,
1537 741 1671 783 totam
1700 752 1790 798 rem¹
1821 751 1939 787 amu-

362 811 496 852 ratius
529 808 779 863 doctiusque
809 811 1867 863 pertractasset..

421 879 611 935 Denique
642 878 850 933 sophistici
879 880 1047 935 generis
1078 879 1158 923 hoc
1190 883 1254 922 est
1285 878 1558 936 colloquium,
1590 880 1719 938 quod
1733 882 1780 925 51
1800 881 1939 926 senior

361 952 447 992 iam
478 949 732 992 Plutarchus
762 948 886 991 finxit
916 951 1290 1006 exornavitque‚a
1315 950 1584 1008 gravioribus
1610 951 1766 997 studiis
1789 949 1939 997 labori-

362 1023 524 1077 busque
565 1024 666 1063 tunc
710 1019 923 1076 paulisper
953 1021 1176 1076 requievit.
1220 1020 1302 1064 Sed
1334 1021 1472 1065 multo
1503 1023 1646 1079 magis
1674 1024 1722 1067 in
1749 1034 1853 1067 eam*
1873 1023 1938 1068 in-

361 1091 472 1135 clino
499 1092 752 1134 sententiam
779 1095 827 1133 ut
853 1105 877 1134 a
901 1092 1080 1143 iuniore,
1109 1095 1236 1148 atque
1259 1092 1360 1136 adeo
1383 1092 1937 1139 adolescentulovPlutarcho

361 1163 646 1218 conscriptum
676 1165 863 1204 statuam
894 1163 969 1217 qui
999 1162 1210 1206 eiusmodi
1242 1162 1390 1219 opellis
1421 1163 1647 1209 recitandis
1672 1163 1830 1210 famam
1853 1165 1939 1208 vic-

362 1237 539 1288 tumque
572 1236 789 1288 quaereret
809 1233 854 1286 ¹).
887 1232 942 1275 Et
973 1233 1051 1276 hoc
1082 1233 1257 1276 fortasse
1289 1238 1331 1276 et
1363 1233 1466 1277 alibi
1497 1236 1697 1279 recitavit
1725 1234 1806 1281 sed.
1825 1238 1938 1281 cette

361 1305 407 1346 in
453 1317 529 1346 sua
574 1304 724 1359 patria.
772 1302 977 1360 Legimus
1017 1305 1129 1347 enim
1173 1319 1213 1361 p.
1249 1304 1385 1348 988A
1427 1306 1618 1361 primum
1658 1305 1708 1350 de
1746 1304 1939 1363 Sphinge

365 1375 559 1423 Thebana,
593 1378 687 1416 tum
720 1373 770 1416 de
801 1373 930 1431 vulpe
966 1375 1178 1428 Teumesia,
1211 1375 1359 1419 deinde
1391 1376 1492 1420 haec
1523 1376 1758 1422 adduntur:

423 1446 492 1488 καὶ
527 1444 755 1493 πλησίον
786 1444 878 1498 ὄφιν
910 1447 965 1498 τῷ
999 1445 1227 1489 Ἀπόλλωνι
1263 1446 1351 1500 περὶ
1385 1450 1455 1490 τοῦ
1487 1447 1734 1502 χρηστηρίου
1761 1462 1940 1500 μονομα-

366 1519 526 1569 χοῦσαν
559 1516 598 1557 ἕν
631 1520 817 1567 Δελφοῖς
847 1515 1034 1566 γενέσθαι
1067 1516 1249 1569 λέγουσι.

423 1585 596 1637 Locum,
631 1585 741 1628 unde
767 1585 1008 1629 Thebarum
1035 1586 1338 1644 Teumessique
1363 1589 1523 1632 ratione
1549 1588 1694 1633 habita
1718 1559 1938 1635 oraculum

364 1655 618 1712 Delphicum
649 1671 778 1711 prope
808 1657 950 1700 abesse
980 1658 1149 1712 dicitur,
1185 1658 1333 1715 quidni
1364 1661 1501 1716 ipsam
1533 1658 1820 1706 Chaeroneam
1849 1674 1938 1705 esse

362 1725 591 1783 putemus?

422 1797 504 1840 Sed
545 1811 795 1854 quocunque
837 1798 1022 1851 consilio,
1065 1803 1268 1856 tempore,
1308 1800 1399 1844 loco
1431 1801 1624 1859 dialogus
1654 1816 1679 1845 a
1709 1762 1937 1847 Plutarcho

363 1870 546 1924 scriptus
587 1873 664 1920 est,
705 1872 792 1911 tam
834 1870 943 1912 mihi
983 1875 1047 1913 est
1089 1873 1206 1915 visus
1246 1871 1425 1928 lepidus,
1466 1877 1685 1927 venustus,
1727 1873 1938 1918 hodiernis

363 1940 604 1983 hominibus
635 1943 758 1996 aptus
793 1944 840 1982 ut
871 1955 971 1984 eum
1002 1946 1144 1985 totum
1176 1944 1366 1999 (excepto
1397 1942 1488 1987 loco
1514 1944 1590 1988 ubi
1610 1945 1738 1989 castis
1762 1945 1936 1989 auribus

362 2011 491 2052 nimis
532 2011 701 2065 porcina
742 2011 879 2054 videri
918 2012 1042 2055 debet
1083 2011 1228 2070 Grylli
1271 2015 1422 2068 oratio)
1462 2028 1590 2071 quam
1614 2013 1936 2073 elegantissime

363 2083 483 2137 potui
516 2083 717 2124 verterim
747 2083 792 2124 in
823 2081 931 2126 libro
960 2083 1154 2127 veracule
1183 2086 1340 2141 scripto
1372 2085 1594 2138 (secundae
1625 2085 1820 2130 editionis
1849 2085 1935 2130 vol.

363 2152 383 2194 I
425 2165 465 2208 p.
500 2150 586 2194 366
604 2155 724 2208 sqq).
770 2152 883 2205 Quae
925 2154 1033 2196 mihi
1073 2159 1115 2197 et
1147 2159 1248 2198 tunc
1281 2160 1323 2199 et
1353 2170 1464 2199 nunc
1494 2156 1631 2200 denuo
1661 2169 1794 2214 quam
1819 2169 1937 2200 accu-

362 2223 572 2265 ratissime
603 2221 820 2266 Platarchi
851 2225 980 2268 verba
1011 2225 1285 2282 perpendenti
1316 2227 1362 2269 in
1388 2230 1576 2271 mentem
1602 2232 1809 2298 venerunt
1834 2227 1936 2272 haec

362 2293 447 2336 fere
478 2296 601 2336 sunt:
1529 2303 1534 2314 ’

424 2363 561 2406 9851)
605 2363 833 2416 „Libenter
863 2380 885 2409 e
917 2370 972 2417 te,
1006 2365 1140 2420 Circe,
1174 2368 1440 2411 audiverim”
1473 2368 1650 2426 Ulysses
1680 2370 1742 2413 ait

423 2434 460 2476 εἴ
499 2450 612 2482 τινας
655 2435 765 2487 ἔχεις
804 2435 1012 2487 Ἕλληνας
1056 2439 1095 2481 ἐν
1127 2439 1282 2487 τούτοις
1313 2436 1380 2487 οὓς
1411 2438 1554 2487 λύκους
1588 2439 1657 2483 καὶ
1688 2439 1859 2489 λέοντας
1890 2439 1935 2491 ἐξ

363 2505 572 2558 ἀνθρώπων
604 2506 842 2556 morcinum.

422 2575 524 2619 Post
566 2592 678 2623 τινας
721 2582 795 2620 aut
838 2577 896 2621 ἔτι
937 2580 1094 2623 excidit
1126 2585 1202 2623 aut
1233 2580 1290 2623 ἔτ’
1323 2580 1490 2633 ἄλλους,
1522 2581 1879 2638 quemadmodum
1911 2597 1933 2626 e

364 2650 451 2689 toto
477 2649 676 2689 contextu
704 2654 876 2704 apparet
901 2654 943 2692 et
972 2652 1157 2694 maxime
1183 2665 1206 2694 e
1236 2650 1323 2694 986
1335 2652 1385 2703 A,
1412 2652 1487 2695 ubi
1513 2651 1631 2696 Circe
1647 2654 1708 2696 sic
1722 2651 1931 2709 loquitur:

363 2717 495 2759 ἱκανὸν
527 2716 630 2759 ἔστω
662 2734 721 2760 σοι
753 2720 840 2772 περὶ
873 2725 1046 2764 σεαυτοῦ
1080 2722 1148 2765 καὶ
1180 2727 1257 2765 τῶν
1288 2723 1421 2774 Φίλων
1451 2727 1586 2771 κακῶς
1615 2723 1931 2775 βεβουλεῦσθαι.

363 2787 474 2830 Nam
500 2787 619 2831 Circe
644 2789 781 2832 iudice
809 2790 984 2848 Ulysses
1010 2793 1060 2835 de
1091 2807 1134 2835 se
1166 2793 1277 2836 male
1304 2792 1519 2836 consuluit
1545 2794 1818 2849 quodbestia
1842 2794 1933 2838 fieri

363 2857 562 2910 noluerit,
596 2859 646 2901 de
677 2862 826 2904 amicis
857 2862 969 2917 quod
1000 2864 1054 2905 iis
1086 2864 1306 2907 hominum
1338 2863 1566 2907 reddiderit
1596 2864 1792 2909 formam.

409 3012 444 3053 1)
468 3011 555 3044 Idem
579 3014 610 3044 et
635 3012 795 3044 Hirzelius
816 3013 928 3045 statuit
950 3014 982 3046 in
1005 3012 1104 3045 nobili
1127 3012 1166 3047 de
1188 3014 1322 3056 Dialoqo
1345 3013 1436 3047 libro.
