2002 3372
1082 264 1170 308 470

337 404 435 445 prae
477 390 639 441 ceteris,
680 392 729 429 ut
768 401 866 429 suos
905 387 988 442 ipsi
1029 386 1234 428 docendos
1263 386 1582 442 educendosque
1611 385 1910 442 libeaoesmrn-

337 461 556 502 mitterent
587 458 788 501 adducere
817 456 1025 508 studebat,
1053 458 1112 499 sic
1140 456 1450 512 quodammodo
1475 455 1912 501 demonstrandi-‚nan-

337 531 569 572 ciscebatur
616 527 862 570 facultatem
908 541 1007 569 eum
1049 541 1092 570 se
1133 541 1222 570 esse
1263 541 1391 583 quem
1432 526 1569 570 adulti
1609 526 1660 570 de
1700 528 1911 571 mentium

338 601 510 650 morbis,
558 600 710 655 quibus
755 599 839 654 ipsi
884 597 1091 654 liberique
1137 597 1387 650 laborarent,
1433 597 1731 641 consulerent
1728 599 1802 654 εὴ
1813 602 1912 654 apte

338 671 509 712 tractari
533 683 603 712 eos
629 670 847 724 periteque
874 670 1011 710 sanari
1036 672 1251 725 cuperent.
1278 668 1360 711 Sed
1385 681 1555 711 canoras
1570 674 1912 726 paor-onem

338 739 420 791 vel,
465 739 575 795 quod
616 739 684 780 hic
728 738 790 789 fit,
834 738 976 781 doctas
1017 738 1138 781 docte
1168 737 1378 795 explicare
1410 740 1625 795 argutias,
1636 737 1775 786 undo
1787 752 1912 783 nemo

339 824 526 866 unquam
570 808 703 852 ullam
746 810 877 865 possit
919 810 1131 865 percipere
1173 808 1419 860 utilitatem,
1461 809 1539 852 1100
1569 807 1678 852 illud
1708 808 1914 865 estquod

338 884 426 923 tota
473 894 549 923 sua
591 882 680 924 vita
721 881 869 922 ceteris
913 880 1110 922 omnibus
1150 881 1325 936 'ineptiis
1367 879 1594 923 fastidierit
1625 879 1775 937 magis
1818 893 1914 923 con-

338 953 642 1006 tempseritque
687 949 956 993 Plutarchus.
1005 949 1198 1006 Denique
1243 951 1279 992 is
1322 954 1386 993 est
1428 951 1560 993 totius
1601 948 1739 994 libem
1776 959 1913 995 selmo

338 1036 470 1078 eaque
510 1023 643 1064 oratio
686 1024 736 1063 ut
776 1020 910 1064 lector
951 1019 1078 1077 paulo
1107 1021 1340 1077 pugnacior
1372 1021 1454 1064 sibi
1483 1020 1579 1065 dari
1606 1021 1741 1066 istum
1755 1018 1916 1066 ,1011701-

338 1095 497 1136 sarium
530 1093 699 1148 gestiat.

399 1164 578 1206 Restant
610 1177 710 1220 ergo
743 1163 793 1206 de
825 1161 1039 1218 republica
1069 1162 1114 1205 hi
1146 1161 1245 1204 libri
1276 1163 1475 1219 genuini.
1878 1192 1880 1201 Α

458 1234 648 1277 Maxime
677 1249 775 1277 cum
802 1234 1063 1291 principibus
1088 1235 1193 1277 viris
1218 1233 1479 1290 philosopho·
1495 1239 1585 1279 0000
1610 1193 1913 1279 disserendum.

459 1305 525 1348 Ad
555 1307 790 1362 principem
821 1304 1099 1348 ineruditum.
1652 1328 1665 1345 ι
1777 1326 1827 1350 n

459 1378 527 1419 An
557 1377 648 1418 seni
677 1375 915 1432 respublica
946 1375 1128 1432 gerenda
1159 1376 1230 1426 sit,
1740 1382 1826 1419 ²:155.

458 1447 688 1503 Praecepta
717 1447 924 1504 gerendae
955 1445 1212 1502 reipublicae

460 1517 524 1560 De
553 1518 728 1562 vitando
759 1532 852 1560 aere
882 1514 1020 1560 alieno

461 1588 523 1631 De
555 1588 761 1631 Herodoti
790 1587 1075 1645 malignitate.
1696 1626 1697 1629 ,
1732 1622 1733 1625 ,

400 1660 541 1716 Atque
588 1661 648 1702 sic
694 1659 762 1702 illi
802 1658 906 1702 olim
947 1659 1118 1702 fuerunt
1159 1658 1353 1715 dispositi
1395 1672 1531 1714 neque
1571 1662 1637 1702 est
1679 1660 1918 1704 minctum

340 1734 454 1774 inst-o
496 1731 694 1774 audacior
734 1732 793 1773 010
833 1732 975 1787 ipsum
1016 1744 1086 1773 000
1125 1730 1381 1786 disposuisse
1411 1729 1715 1773 Plutarchum.
1735 1728 1834 1774 Sed
1848 1742 1918 1773 ex-

341 1806 459 1844 ortus
511 1806 575 1844 est
627 1815 762 1844 novus
813 1801 948 1844 editor
994 1802 1068 1857 qui
1113 1802 1225 1843 inter
1270 1799 1583 1857 paenultimum
1629 1798 1919 1890 ult-imumque

341 1873 464 1916 hosce
496 1872 600 1915 duos
629 1874 834 1915 insereret
861 1870 1013 1915 libros:

611 1943 654 1986 X
684 1947 899 1986 oratorum
932 1944 1042 1986 vitas
1075 1945 1117 1985 et
1627 1981 1642 1984 .,

615 2014 910 2071 Aristophanis
941 2017 986 2056 et
1014 2013 1239 2056 Menandri
1269 2013 1638 2069 comparationem

403 2085 493 2138 Quo
525 2084 700 2127 consilio
733 2083 843 2127 illud
873 2084 1018 2127 fecerit
1047 2098 1184 2139 rogas.
1217 2083 1301 2127 Res
1331 2087 1396 2126 est
1427 2097 1574 2140 neque
1594 2083 1781 2140 obscura
1799 2086 1846 2127 et
1859 2051 1918 2127 ad

342 2156 678 2213 cognoscendum
720 2169 802 2211 qua
843 2157 1006 2198 ratione
1046 2154 1147 2197 libri
1189 2153 1434 2198 Plutarchei
1474 2155 1562 2197 sint
1593 2153 1768 2198 collecti
1800 2158 1862 2199 et
1863 2155 1918 2197 in

342 2226 558 2284 publicam
599 2227 742 2269 emissi
783 2225 924 2269 lucem
967 2225 1196 2268 admodum
1236 2224 1371 2268 utilis,
1413 2224 1574 2268 Eodem
1614 2225 1702 2269 fere
1730 2228 1919 2282 tempore

344 2300 491 2354 scripti
531 2302 631 2340 sunt
672 2311 744 2340 sex
775 2296 845 2339 illi
875 2295 976 2339 libri
1013 2302 1055 2339 et
1087 2300 1161 2339 aut
1191 2296 1244 2338 ab
1275 2297 1366 2352 ipso
1397 2295 1635 2339 Plutarcho
1658 2300 1735 2339 aut
1756 2295 1829 2339 ab³
1847 2294 1920 2339 ali-

344 2384 426 2426 quo
464 2369 605 2412 Sessio
638 2367 864 2411 Senecione
895 2367 965 2410 vel
995 2366 1172 2411 Claudio
1204 2366 1390 2410 Pulchro
1418 2381 1468 2410 eo
1499 2372 1627 2423 quem
1650 2366 1918 2411 uixicndino

343 2439 508 2483 collecti
548 2439 836 2495 dispositique.
877 2438 959 2482 Sed
988 2439 1247 2495 supervenit,
1278 2441 1374 2494 post
1403 2437 1583 2495 longum
1611 2438 1795 2481 fortasse
1812 2441 1919 2482 tem-

345 2526 438 2568 pus,
482 2525 620 2554 novus
653 2510 801 2561 editor,
835 2511 922 2566 qui,
954 2523 1053 2552 cum
1084 2507 1365 2552 Plutarchum
1396 2523 1483 2551 non
1513 2509 1622 2552 satis*
1645 2509 1750 2555 110110
1770 2509 1918 2567 1003111-

345 2588 440 2625 tum
471 2582 659 2632 haberet,
691 2580 734 2623 et
764 2580 922 2623 librum
955 2581 1004 2622 de
1031 2579 1229 2622 Herodoti
1257 2579 1510 2634 malignitate
1533 2578 1591 2622 ad⁴
1611 2578 1919 2636 rempublicam

345 2654 566 2709 pertinere,
601 2651 768 2706 politici
808 2665 898 2694 esse
934 2650 1104 2705 qenerio,
1147 2664 1229 2693 non
1267 2651 1544 2707 perspiceret:
1582 2650 1801 2693 ,1011101111
1829 2663 1918 2694 esse

345 2724 524 2778 putabat
553 2737 652 2765 cum
684 2721 794 2764 libro
825 2723 868 2764 in
900 2736 982 2778 qua
1013 2721 1190 2778 quaestio
1221 2721 1407 2763 literaria
1432 2723 1770 2777 pertractaretur.
1803 2720 1918 2778 Ergo

346 2798 396 2836 ut
437 2808 461 2836 a
501 2794 649 2849 aylloqe
687 2793 859 2847 politica,
905 2793 957 2835 ad
1003 2794 1181 2835 unicum
1220 2791 1380 2834 librum
1422 2791 1662 2835 literarium
1699 2795 1919 2848 pararetur

346 2866 562 2916 transitus,
604 2869 730 2920 atque
773 2864 874 2906 adeo
917 2868 966 2906 ut
1006 2864 1184 2919 aylloqae
1214 2863 1410 2918 [1οῆιίοω
1451 2862 1919 2919 opponereturaylloye

348 2935 547 2987 literaria,
579 2934 817 2977 011111111110
847 2936 897 2976 de
927 2934 1123 2976 Herodoti
1153 2934 1402 2987 maliquitato
1425 2933 1530 2976 duos
1553 2932 1677 2976 hosce
1702 2934 1918 2977 coniunxit

347 3012 390 3048 et
429 3007 488 3048 sic
527 3007 692 3048 iustum
723 3005 857 3048 effecit
889 3004 1215 3061 „corpusculum
1245 3003 1509 3047 literarium*
1542 3003 1805 3060 praecedenti
1829 3011 1918 3047 n'on
