2002 3372
862 269 949 313 333

174 394 309 441 5520
351 395 427 440 Vir
457 396 552 454 agri
583 393 747 438 colendi
778 395 1006 450 imperitus
1039 386 1119 436 non
1152 393 1302 450 probat
1326 384 1488 448 'agrum
1515 390 1701 433 obsitum

112 468 356 526 agrestibus
391 467 610 524 stirpibus,
652 465 853 516 ferarum,
892 479 1024 521 aquae
1056 464 1139 507 luti
1170 463 1362 520 plenum,
1394 461 1511 504 ἀλλὰ
1545 463 1599 515 τῷ
1634 479 1704 511 με-

112 539 314 591 μαθηκότι
355 537 656 581 διαισθάνεσθαι
700 536 769 578 καὶ
814 530 967 590 κρίνειν,
1012 535 1126 578 αὐτοὶ
1168 538 1307 577 ταῦτα
1351 535 1423 582 τὴν
1467 533 1589 586 ἰσχὺν
1633 533 1702 575 καὶ

113 611 232 654 πανθ“
263 608 341 655 ὅσα
373 610 624 654 ὑποδείκνυσι
658 609 729 651 καὶ
763 610 836 655 τὴν
870 607 1154 658 μαλακότητα
1187 612 1259 655 τῆς
1292 610 1401 658 γῆς..

173 682 314 726 Arena
343 684 434 726 sine
465 681 590 733 calce,
622 695 757 737 neque
784 681 888 723 satis
915 679 1160 736 proficimus
1187 678 1440 735 Stegmanni
1467 678 1707 720 coniectura

114 754 184 798 καὶ
228 753 348 797 πάνθ’
389 751 467 796 ὅσα
511 754 583 802 τὴν
624 752 762 805 ἰσχύν.
804 750 886 794 Sed
930 750 1070 794 deleta
1101 749 1275 808 virgula
1313 751 1373 792 sic
1404 753 1632 805 transpone
1664 751 1706 791 et

113 824 289 883 supple:
316 825 435 868 α’λλοὶ
462 826 518 879 τῷ
543 823 801 876 μεμαθηκότι
829 822 1132 865 διαισθάνεσθαι
1160 822 1229 864 καὶ
1260 823 1399 873 κρίνειν
1428 821 1539 863 αὐτοὶ
1567 823 1707 862 ταῦτα

113 898 183 940 καὶ
215 898 336 940 πάνθ’
367 894 445 940 ὅσα
477 900 651 939 τοιαῦτα
685 896 757 944 τὴν
792 895 916 948 ἰσχὺν
947 894 1196 936 ὑποδείκνυσι
1225 893 1294 935 καὶ
1323 894 1396 941 την
1423 891 1706 942 μαλακότητα

113 971 187 1017 τῆς
219 973 315 1021 γῆς,
345 969 486 1026 ipsam
518 966 755 1018 Plutarchi,
788 970 839 1009 ut
870 967 1034 1022 opinor,
1066 979 1244 1008 manum
1275 963 1464 1024 habebis.

175 1125 362 1170 552DE
391 1125 630 1168 Prudenter
654 1125 862 1182 Aegyptii
884 1124 1210 1167 condemnatam
1234 1121 1458 1164 mulierem
1484 1120 1708 1177 gravidam
1732 1160 1744 1167 5

115 1202 214 1242 ante
240 1202 414 1256 partum
440 1197 573 1240 occidi
600 1201 760 1240 vetant.
790 1195 862 1238 ἐὰν
889 1195 929 1237 δὲ
959 1195 1108 1237 παιδία
1135 1197 1193 1244 μη
1223 1193 1298 1245 κύη
1322 1209 1398 1244 τις,
1427 1192 1545 1234 ἀλλὰ
1563 1191 1709 1245 πρᾶξιν

116 1260 139 1318 ἦ
179 1268 335 1321 βουλὴν
376 1269 600 1321 α’πόρρητον
642 1269 696 1314 εἰς
739 1268 830 1318 Φῶς
876 1266 989 1317 ἡλίου
1030 1265 1197 1311 δυνατὸς
1232 1262 1255 1318 ᾖ
1288 1269 1550 1316 προαγαγεῖν
1581 1262 1710 1316 χρόνῳ

115 1341 185 1395 καὶ
218 1338 446 1392 ἀναδείξαι,
480 1339 618 1382 κακόν
638 1356 676 1381 τι
710 1340 897 1390 μηνύσας
931 1337 1128 1380 λανθάνον
1160 1335 1182 1386 ἢ
1216 1335 1408 1387 σωτηρίου
1441 1336 1607 1386 γνώμης
1642 1351 1710 1386 γε·

115 1413 277 1464 νόμενος
318 1411 555 1463 σύμβουλος
600 1411 621 1460 ἢ
665 1412 810 1464 χρείας
851 1409 1010 1461 εὑρετὴς
1045 1408 1284 1459 ἀναγκαίας
1318 1421 1460 1450 nonne
1492 1410 1712 1463 expectare

116 1496 247 1541 quam
286 1482 487 1526 festinare
527 1480 742 1539 praestat?
783 1480 920 1524 Verba
962 1480 1086 1523 κακόν
1128 1495 1167 1520 τι
1211 1478 1399 1529 μηνύσας
1432 1478 1628 1519 λανθάνον
1660 1476 1712 1520 ad

0 1532 9 1598 ξ’
64 1612 66 1614 ¹
115 1553 205 1599 sola
250 1554 543 1612 praecedentia
589 1555 820 1611 pertinent.
868 1551 1068 1595 Ponenda
1114 1565 1217 1607 ergo
1267 1549 1439 1607 virgula
1486 1547 1570 1592 non
1616 1551 1713 1605 post

118 1624 332 1676 ἀναδεῖξαι
374 1640 527 1670 verum
569 1629 664 1682 post
695 1624 906 1668 λανθάνον.
951 1622 1033 1666 Sed
1066 1636 1117 1665 ex
1148 1623 1203 1664 iis
1236 1635 1344 1678 quae
1377 1624 1615 1677 sequuntur
1646 1634 1714 1662 ex-

117 1697 222 1742 cidit
246 1696 411 1755 aliquid
434 1699 480 1741 in
506 1697 615 1754 hanc
640 1697 918 1740 sententiam:
948 1695 1082 1747 „bene
1109 1694 1159 1736 de
1185 1694 1324 1750 patria
1349 1690 1548 1735 mereri''.
1578 1690 1714 1734 Verba

117 1766 280 1814 Graeca
310 1783 396 1813 non
426 1771 610 1826 praesto.

179 1896 318 1972 553Ε
359 1928 503 1971 Aristo
533 1928 678 1984 rapuit
709 1928 776 1969 τὸν
808 1924 1034 1978 Ἐριφύλης
1067 1924 1216 1973 κόσμον
1250 1922 1436 1967 ἐνταῦθα,
1458 1922 1652 1969 κείμενον.

134 2047 136 2050 ,
179 1999 357 2042 ἐνταῦθα
389 1999 474 2050 hic,
506 1998 698 2055 Delphis.
726 1997 792 2040 Ibi
818 2011 921 2054 ergo
947 1995 1212 2052 colloquium
1238 1994 1420 2037 habetur
1445 1997 1488 2036 et
1516 1991 1714 2048 Delphici

120 2070 274 2129 templi
303 2073 394 2122 iam
425 2084 622 2115 summus
653 2073 718 2113 est
748 2068 940 2113 sacerdos
972 2066 1244 2110 Plutarchus.

180 2219 317 2275 554ss
358 2220 458 2274 Vita
486 2229 673 2287 improbi
704 2232 748 2272 et
778 2227 883 2271 alios
916 2226 1076 2270 multos
1108 2226 1320 2269 cruciatus
1353 2237 1498 2267 secum
1530 2223 1649 2266 affert
1675 2226 1717 2265 et

122 2301 279 2351 οἴκτους
309 2301 382 2345 σὺν
414 2301 607 2353 αἰσχύνη.

183 2372 300 2418 Male
330 2386 400 2416 me
431 2372 590 2416 habent
615 2371 716 2414 illae
744 2372 892 2414 multae
915 2368 1244 2419 miscerieordiae,
1272 2368 1545 2424 suspicorque
1572 2365 1718 2408 οἰκτισ-

123 2445 226 2498 μούς
273 2458 351 2502 pro
396 2442 551 2492 οἴκτους
599 2457 690 2487 esse
728 2442 984 2500 legendum:
1033 2454 1156 2497 saepe
1195 2431 1457 2482 lamentatur
1496 2437 1717 2494 improbus

124 2515 338 2574 simulque
369 2529 532 2576 eorum·
550 2515 602 2558 ob
635 2527 742 2571 quae
772 2513 1035 2557 lamentatur
1065 2526 1166 2555 eum
1198 2509 1343 2567 pudet.

186 2673 321 2720 554G
363 2657 570 2718 Nominat
610 2672 680 2715 hic
721 2670 979 2714 Plutarchus
1020 2671 1172 2712 notum
1203 2669 1337 2711 istum
1370 2681 1392 2710 e
1425 2665 1603 2710 Platone
1635 2665 1718 2709 He-

125 2746 319 2790 rodicum
349 2745 699 2804 Selymbrianum
733 2743 787 2791 εἷς
821 2742 1042 2791 ἀνήκεστον
1075 2741 1202 2787 πάθος
1237 2739 1487 2790 ἐμπεσόντα.

135 2821 141 2825 “
188 2818 292 2872 Quis
318 2817 390 2861 hic
416 2817 524 2861 ferat
549 2815 667 2859 istud
693 2818 789 2872 post
815 2814 871 2862 εἷς
900 2812 1125 2870 pueriliter
1144 2825 1316 2869 prorsus
1331 2812 1540 2854 insertum
1559 2807 1719 2863 Φθίσινῖ)

190 2975 325 3020 5541)
366 2974 593 3032 Improbue
634 2974 709 3030 qui
751 2971 939 3016 nondum
981 2967 1150 3028 poenas
1169 2969 1286 3013 dedit
1316 2970 1552 3026 comparari
1582 2971 1722 3025 potest

128 3062 227 3091 cum
268 3047 545 3091 condemnato
587 3046 661 3102 qui
702 3046 747 3087 in
788 3057 998 3086 carcerem
1043 3048 1108 3085 est
1150 3043 1388 3085 coniectus:
1433 3042 1526 3097 ipsa
1558 3042 1649 3084 vita
1680 3041 1719 3082 ei
