1930 3354
1000 237 1086 281 632

255 358 473 410 σωματικά
517 359 673 415 partim
718 358 804 409 περὶ
843 359 964 410 σῶμα
997 359 1178 412 ψυχικά,
1211 362 1516 416 superveniunt
1547 360 1724 419 denique
1753 363 1828 420 qui

254 444 388 486 neque
430 430 615 486 corporis
656 443 790 484 neque
831 430 962 471 animi
1004 443 1093 473 esse
1134 430 1205 473 sed
1247 431 1381 473 totius
1412 431 1598 475 hominis
1629 431 1827 477 clament.

255 500 335 543 His
376 501 570 543 omnibus
611 504 753 542 noster
795 503 987 543 accurate
1027 501 1263 558 respondet,
1307 503 1390 544 nisi
1430 502 1543 558 quod
1583 501 1635 546 de
1671 502 1828 549 ultima

255 573 449 627 opinione
481 569 776 613 tantummodo
809 569 992 614 declarat
1022 586 1105 614 non
1136 585 1225 614 esse
1257 571 1336 614 hoc
1365 572 1515 614 solvere
1539 574 1828 630 quaestionem

255 642 326 685 sed
350 642 512 698 suffere,
546 645 588 683 et
618 641 686 684 hic
718 641 802 683 fere
834 642 1042 685 subsistit.
1077 643 1263 699 Apparet
1295 656 1396 699 ergo
1427 642 1540 686 haud
1568 657 1701 700 pauca
1724 643 1829 688 desi-

255 711 402 754 derari.
447 710 637 767 Denique
678 709 859 753 alterum
902 710 1099 755 libellum
1131 711 1239 754 nihil
1270 711 1470 756 dubitans
1500 711 1730 758 Plutarcho
1759 714 1828 758 ab·

252 781 406 831 iudico,
449 780 499 823 de
540 782 678 836 priore
721 780 910 832 ἐφεκτέον
946 785 1108 833 statum
1155 783 1294 839 magis
1335 786 1479 826 tamen
1511 797 1560 826 eo
1590 782 1749 828 inclino
1778 789 1829 828 ut

254 866 352 894 eum
394 850 623 894 Plutarcho
665 851 902 905 vindicem
943 853 1073 896 habet
1114 855 1228 896 enim
1260 853 1454 896 flosculos
1484 867 1612 910 quam
1643 856 1829 899 maxime

254 921 526 964 Plutarcheos
568 921 714 964 hosce:
758 937 792 966 c.
826 922 851 964 6
892 922 1000 965 illud
1043 921 1144 972 ἦπου
1176 926 1220 966 in
1252 924 1438 980 apodosi,
1471 929 1515 967 et
1543 924 1625 968 c.8
1658 939 1829 970 versum

252 991 378 1034 illum
404 993 478 1047 qui
503 991 731 1036 Plutarcho
758 997 845 1035 tam
873 1007 994 1049 saepe
1022 998 1086 1036 est
1102 995 1145 1036 in
1170 1007 1262 1038 ore:
1287 994 1406 1040 δεινὸς
1433 997 1638 1044 κολαστὴς
1653 996 1827 1044 πέλεκυς

254 1063 429 1116 αὐχένος
472 1063 635 1114 τομεύς.
677 1063 899 1107 Praeterea
939 1064 989 1107 ad
1031 1065 1142 1108 hunc
1183 1078 1317 1121 pauca
1356 1065 1562 1123 quaedam
1593 1066 1830 1111 annotanda

255 1133 471 1176 videntur:

314 1217 349 1246 c.
385 1204 407 1246 1
457 1204 490 1247 εἰ
532 1204 604 1252 τὴν
635 1204 912 1248 αὐτοπάθειαν
944 1205 1288 1249 ἀπολύσεται
1321 1207 1366 1249 τὸ
1400 1211 1521 1258 σῶμα
1551 1207 1703 1252 τούτων
1732 1211 1829 1262 (τῶν

254 1275 409 1328 παθῶν)
443 1307 453 1318 .
473 1306 483 1318 .
502 1306 512 1318 .

312 1345 460 1388 Nonne
509 1344 760 1388 άποδύσεται
804 1350 869 1389 est
914 1345 1158 1403 legendum,
1205 1351 1255 1390 ut
1299 1361 1451 1405 corpus
1491 1362 1591 1392 eum
1630 1349 1830 1394 affectum

254 1417 501 1460 vestimenti
532 1418 665 1459 instar
698 1431 837 1459 eruere
867 1420 908 1459 et
942 1430 966 1460 a
996 1431 1040 1460 se
1071 1431 1289 1462 removere
1320 1416 1512 1462 dicatur?

316 1577 347 1606 s.
375 1563 403 1605 f.
447 1562 759 1620 Qualiscunque
791 1564 847 1605 sit
877 1563 895 1606 ὂ
929 1563 1051 1612 θυμός
1087 1595 1098 1606 .
1117 1594 1127 1606 .
1147 1594 1157 1606 .
1190 1564 1260 1606 οὐκ
1288 1562 1436 1613 ἄδηλον
1466 1561 1527 1607 ὅτι
1560 1595 1570 1608 .
1591 1596 1601 1608 .
1621 1596 1632 1608 .
1662 1564 1829 1618 παρέξει

255 1632 419 1687 ζήτησιν
448 1632 530 1676 εἴτε
556 1637 626 1676 τοῦ
654 1634 841 1685 σώματος
871 1633 1178 1686 ἕκριπτούμενος
1204 1634 1402 1688 χειμάζει
1428 1634 1495 1676 τὸν
1522 1634 1721 1689 ἄνθρωπον
1735 1635 1829 1681 m.

314 1705 506 1747 Lacunae
535 1706 579 1747 in
612 1704 693 1747 fine
726 1706 897 1761 signum
930 1704 1027 1747 tolli
1052 1706 1221 1761 poterit,
1251 1706 1288 1747 si
1312 1709 1408 1762 post
1433 1707 1624 1756 σώματος
1646 1707 1832 1751 inserue-

253 1777 389 1818 rimus
421 1774 503 1818 εἴτε
535 1780 606 1822 τῆς
638 1779 795 1828 ψυχῆς.
827 1775 926 1819 Sed·
939 1780 1187 1832 corruptum
1213 1776 1521 1828 ἐκριπτούμενοο
1547 1777 1728 1830 videtur,
1754 1791 1830 1835 pro

255 1861 336 1903 quo
378 1848 516 1890 nescio
553 1861 604 1889 an
635 1846 861 1903 legendum
896 1848 953 1889 sit
985 1845 1291 1900 ἕκριπιζόμενος,
1325 1850 1376 1890 ut
1407 1861 1560 1905 corpus
1590 1851 1631 1891 et
1662 1849 1830 1893 animus

255 1922 551 1973 comparentur
580 1931 679 1959 cum
710 1918 1006 1959 instrumentis
1037 1917 1236 1960 flantibus
1267 1917 1604 1974 afflantibusque‚
1635 1931 1734 1962 nam
1748 1921 1831 1975 fla-

256 1993 320 2030 tus
355 1988 535 2044 ventique
570 1989 829 2030 mentionem
861 1989 1033 2046 egregie
1059 1988 1141 2031 huo
1168 1988 1372 2045 quadrare
1396 1987 1634 2032 luculenter
1652 1989 1829 2033 verbum

255 2059 450 2112 χειμάζει
484 2057 617 2101 docet.

315 2207 350 2238 c.
383 2193 411 2237 2
461 2191 723 2247 Θεόφραστος
759 2225 768 2236 .
789 2226 798 2237 .
820 2225 829 2236 .
862 2192 942 2246 ἔφη
986 2195 1040 2247 τῷ
1082 2193 1245 2245 σώματι
1277 2197 1432 2238 πολλοῦ
1461 2195 1535 2245 την
1565 2195 1708 2248 *buxin
1739 2195 1831 2238 ἐνοι-

256 2269 352 2318 κεῖν,
395 2264 536 2317 ὀλίγου
577 2265 720 2319 χρόνου
752 2265 895 2318 βαρεῖς
928 2265 1092 2315 μισθοὺς
1126 2265 1418 2318 ὑποτελοῦσαν,
1451 2264 1528 2312 τὰς
1562 2263 1702 2313 λύπας
1734 2264 1828 2313 τοὺς

257 2335 413 2389 <amove
455 2336 534 2384 τὰς
579 2336 793 2385 ἐπιθυμίας
837 2337 912 2382 τὰς
946 2333 1208 2389 ζηλοτυπίας,
1242 2331 1308 2383 αἷς
1341 2334 1628 2389 συμφερομένη
1661 2335 1751 2388 περὶ
1783 2336 1830 2379 τὸ

256 2408 376 2458 σῶμα
409 2405 650 2459 δικαιότερον
682 2405 731 2449 ἂν
762 2407 872 2460 αὐτῷ
906 2405 1105 2461 δικάζοιτο
1137 2407 1345 2459 πηρώσεως
1373 2403 1423 2449 ὧν
1450 2406 1731 2460 ἐπιλέλησται,
1759 2407 1828 2451 καὶ

256 2478 403 2528 βιαίων
445 2478 513 2530 ἐφ’
553 2474 608 2524 οἷς
652 2477 896 2530 κατέχεται,
938 2477 1006 2520 καὶ
1050 2476 1201 2529 ὕβρεων
1231 2475 1282 2520 ὦν
1313 2476 1454 2527 άδοξεῒ
1475 2477 1543 2520 καὶ
1577 2477 1828 2531 λοιδορεῖται,

257 2554 333 2591 τῶν
365 2550 512 2591 ἐκείνου
545 2553 678 2590 κακῶν
708 2547 989 2600 ἀναδεχομένη
1021 2548 1098 2595 τοὶς
1131 2549 1270 2596 αἰτίας
1303 2549 1347 2591 οὑ
1379 2547 1669 2600 προσηκόντως.

317 2619 565 2675 Quicunque
593 2619 705 2661 hunc
732 2619 891 2661 librum
915 2621 1095 2674 scripsit,
1122 2620 1281 2675 optime
1306 2618 1355 2661 de
1380 2619 1627 2675 posteritate
1650 2619 1829 2662 meritus

258 2695 320 2732 est
361 2691 434 2745 qui
473 2689 735 2745 praeclarum
779 2690 890 2732 hunc
931 2689 1208 2746 Theophrasti
1244 2689 1387 2732 locum
1418 2689 1654 2732 servaverit
1683 2692 1829 2746 (quem

258 2762 340 2816 ipsi
381 2760 609 2802 Plutarcho
651 2761 924 2803 notissimum
965 2761 1095 2803 fuisse
1137 2765 1179 2802 et
1219 2773 1346 2816 quam
1387 2761 1572 2802 maxime
1604 2760 1830 2816 probatum

258 2834 370 2872 certo
403 2832 519 2883 scio).
552 2829 633 2872 Sed
665 2830 776 2873 lacer
806 2830 858 2873 ad
890 2844 964 2874 nos
997 2832 1203 2887 pervenit.
1232 2831 1341 2873 Ante
1370 2835 1446 2872 τῶν
1473 2830 1621 2872 ἐκείνου
1644 2831 1780 2874 insere
1804 2830 1828 2881 ἤ
1860 2826 1863 2828 ’

258 2906 300 2942 et
346 2915 421 2956 pro
468 2900 748 2954 ἀναδεχομένη
796 2900 892 2958 lege
939 2901 1193 2953 άναδέχοιτο,
1243 2901 1603 2956 praestantissima
1644 2899 1746 2944 haec
1784 2903 1829 2943 et

259 2971 454 3013 omnibus
484 2973 672 3014 numeris
705 2971 898 3014 absoluta
929 2972 1122 3015 habebis:
1158 2973 1342 3023 „maiore
1371 2973 1463 3014 iure
1493 2972 1664 3014 animus
1691 2972 1736 3014 in
1765 2972 1830 3014 iu-
