2002 3372
1059 176 1146 219 256

311 305 477 351 nerunt,
519 314 602 342 non
645 303 694 340 ut
735 297 866 340 simul
904 297 1138 353 gentilibus
1181 302 1401 341 uterentur
1433 299 1575 350 sacris,
1606 312 1690 341 non
1721 299 1892 341 Ascraeo

311 372 402 414 Iovi
433 371 671 427 Lydiorum
703 369 846 410 ferunt
873 367 1092 410 fructuum
1120 370 1344 424 primitiae,
1370 383 1453 411 non
1479 368 1642 412 Baccho
1667 371 1894 412 nocturnas

311 441 522 484 celebrant
553 440 677 482 ferias
706 438 1088 494 communibusque
1115 439 1355 495 funguntur
1380 440 1531 495 orgiis3
1557 438 1630 481 sed
1655 441 1768 482 certo
1788 438 1894 487 ¹anni

311 517 500 567 tempore
532 510 670 552 morbi
702 507 1011 564 quodammodo
1043 509 1108 551 vis
1140 523 1310 552 summa
1337 510 1483 551 Asiam
1508 512 1726 565 exasperat
1751 511 1795 552 et
1818 508 1894 550 huc

311 581 530 638 compellit
572 580 624 622 ad
666 579 824 621 iudicia
855 578 1050 634 litesque,
1082 579 1236 634 quibus
1269 593 1371 621 suus
1404 583 1466 621 est
1499 581 1758 624 constitutus
1788 578 1893 623 dies.

311 652 436 702 Tum,
470 654 520 693 ut
549 650 791 700 fluminum,
825 662 1048 691 causarum
1079 648 1313 692 multitudo
1342 651 1387 692 in
1414 664 1550 692 unum
1574 649 1727 693 incidit
1751 649 1892 693 forum

311 723 541 777 fervetque,
585 721 816 763 certamina
856 719 963 762 fiunt
990 720 1240 774 perdentiwm
1271 724 1314 763 et
1337 721 1604 775 pereuntium,
1637 723 1688 769 ut
1717 721 1780 764 ait
1810 718 1895 762 Ho-

311 791 500 835 merus''.
1168 801 1170 803 ’

372 863 470 904 Huc
503 887 559 893 —-
592 862 688 912 huc,
733 861 908 902 ἐνταῦθα
944 892 953 902 .
974 892 982 903 .
1003 892 1012 903 .
1048 862 1236 904 ἐνταῦθα.
1280 861 1348 904 Sic
1391 860 1499 904 solet
1529 860 1787 904 Plutarchus
1815 873 1892 917 pro

312 931 461 976 ἐνθάδε.
504 932 586 976 Sed
628 946 725 988 quo,
768 929 950 988 quaeso?
993 930 1256 974 Romamne?
1296 932 1390 975 Non
1433 933 1593 988 opinor.
1636 930 1749 984 Quid
1779 931 1893 974 enim

311 1004 467 1046 Romae
498 1017 596 1044 cnm
630 1002 793 1044 Baccho
825 1007 867 1044 et
897 1004 1143 1057 praesertim
1176 1016 1275 1044 cum
1309 1005 1478 1044 Ascraeo
1509 1001 1584 1044 illo
1615 999 1744 1046 Iove?
1772 1001 1802 1054 ¹)
1832 1000 1895 1050 Et

311 1088 409 1116 cum
437 1075 496 1116 sic
520 1088 605 1115 uno
632 1072 836 1115 vocabulo
862 1073 1037 1115 ἐνταῦθα
1066 1072 1219 1123 locum,
1248 1073 1322 1115 ubi
1348 1087 1446 1116 cum
1473 1074 1660 1116 maxime
1686 1075 1893 1123 versatur,

311 1143 568 1186 Plutarchus
607 1142 781 1194 iudicat,
823 1147 898 1185 aut
929 1143 979 1185 de
1011 1142 1099 1185 sola
1131 1145 1290 1199 cogitat
1323 1141 1563 1186 Chaeronea
1593 1150 1670 1186 aut
1699 1145 1814 1187 certe
1843 1141 1895 1183 de

311 1216 449 1270 patria
490 1228 567 1256 sua
608 1214 795 1256 Boeotia.
839 1213 953 1270 Ergo
992 1215 1054 1256 ita
1085 1227 1151 1256 res
1183 1227 1226 1256 se
1260 1214 1413 1256 habere
1444 1213 1616 1256 videtur
1646 1217 1697 1256 ut
1728 1216 1896 1269 praetor

312 1284 498 1328 Achaiae
538 1288 648 1328 stato
680 1289 885 1340 tempore,
919 1288 1046 1340 atque
1077 1284 1240 1335 eodem,
1273 1299 1355 1340 quo
1386 1298 1569 1342 magnae
1598 1285 1660 1328 ibi
1690 1285 1734 1326 in
1766 1284 1895 1327 hono-

311 1370 402 1398 rem
443 1355 742 1411 indigenarum
786 1355 962 1398 deorum
1006 1355 1272 1398 celebrantur
1309 1356 1451 1408 feriae,
1484 1354 1661 1412 Delphis
1691 1354 1894 1407 considat,

311 1427 454 1481 ibique
496 1426 745 1468 dirimendis
788 1431 909 1468 vacet
949 1428 1245 1469 controversiis
1288 1427 1480 1482 privatis,
1522 1440 1602 1469 non
1634 1424 1894 1469 Graecorum

311 1497 436 1539 modo
469 1497 540 1539 sed
568 1498 699 1540 etiam
726 1497 993 1546 Asianorum,
1020 1498 1094 1552 qui
1123 1511 1222 1540 mox
1249 1496 1425 1539 deorum
1453 1511 1552 1539 cum
1578 1497 1772 1540 omnium
1797 1499 1893 1539 tum

313 1568 568 1610 Boeotorum
599 1566 724 1609 obliti
753 1568 1065 1609 internecivum
1098 1568 1207 1610 inter
1240 1581 1283 1609 se
1314 1571 1471 1624 gerunt
1503 1566 1678 1610 bellum.

372 1637 565 1694 Denique
591 1652 642 1679 ne
669 1639 836 1679 mireris
862 1639 907 1679 in
924 1637 1037 1680 idem
1054 1638 1214 1680 huncce
1229 1642 1448 1694 receptum
1463 1637 1659 1680 libellum
1676 1636 1893 1689 volumen,

312 1708 423 1764 quod.
465 1712 507 1750 et
547 1707 707 1750 librum
749 1709 798 1748 de
834 1708 1132 1763 tranquillitate
1164 1709 1290 1749 animi
1318 1710 1517 1760 continet,
1549 1711 1676 1764 atque
1709 1707 1814 1750 adeo
1845 1711 1895 1749 ut

311 1781 478 1821 mireris
520 1793 601 1821 non
643 1779 790 1820 statim
834 1783 928 1834 post
968 1778 1095 1821 illum
1138 1793 1227 1821 esse
1264 1781 1467 1835 positum,
1499 1778 1595 1836 leg-e
1625 1778 1735 1822 mihi
1766 1792 1890 1835 quem

312 1850 394 1891 sibi
425 1850 604 1904 scriptor
635 1862 735 1890 suae
766 1847 1068 1904 disputationis
1100 1850 1322 1904 promittat
1352 1850 1539 1892 fructum
1571 1848 1678 1901 (500
1689 1846 1763 1902 O):

673 1920 716 1961 οὐ
747 1920 884 1970 μικρὸν
916 1919 1012 1971 πρὸς
1045 1921 1238 1970 εὐθυμίαν
1269 1919 1432 1971 ὄφελος.

313 1989 518 2041 Profecto,
558 1991 593 2031 si
624 1990 791 2046 integer
823 1989 875 2032 ad
907 2004 981 2032 nos
1010 1989 1120 2033 liber
1150 1989 1424 2046 pervenisset,
1458 1990 1597 2034 multa
1626 1990 1695 2033 hic
1727 2004 1893 2046 quoque

311 2061 565 2103 haberemus
617 2060 814 2115 exempla
866 2064 993 2116 atque
1046 2065 1268 2117 praecepta
1319 2061 1372 2103 ad
1417 2061 1622 2104 sanandas
1669 2060 1893 2104 hominum

311 2134 475 2174 mentes
506 2129 750 2173 utilissima.

373 2201 486 2253 Quae
527 2200 580 2243 ad
619 2200 814 2257 singulos
853 2205 1050 2244 annotem
1092 2215 1226 2257 pauca
1268 2205 1369 2244 sunt
1412 2206 1454 2244 et
1486 2201 1696 2245 eiusmodi
1726 2204 1777 2244 ut
1806 2200 1893 2258 ple-

311 2286 491 2327 rumque
522 2286 597 2314 cur
627 2271 824 2314 haeream
857 2271 1009 2324 dicam,
1042 2286 1135 2315 raro
1165 2271 1458 2315 difficultatem
1493 2272 1641 2316 tollere
1671 2286 1807 2316 coner.

372 2341 505 2385 5000
551 2341 765 2384 Homerus
798 2341 971 2384 nullum
1003 2342 1112 2385 dixit
1142 2344 1186 2384 in
1219 2345 1342 2385 terris
1373 2344 1518 2386 vivere
1550 2341 1710 2386 animal
1741 2341 1892 2395 ὀιζυρώ-

312 2430 421 2464 τερον
453 2413 604 2464 ἀνδρός.
640 2413 727 2456 Nos
760 2428 860 2457 vero
892 2414 1108 2457 hominem
1141 2428 1284 2456 secum
1316 2415 1407 2470 ipso
1440 2428 1734 2470 comparemus
1759 2410 1892 2466 ὥσπερ

312 2484 383 2532 ἤδη
426 2488 596 2526 νικῶνται
638 2483 932 2538 κακοδαιμονίᾳ
1081 2485 1148 2526 καὶ
1191 2489 1267 2526 τῶν
1312 2483 1451 2526 ἄλλων
1493 2486 1744 2527 ἀθλιώτατον
1785 2483 1891 2538 ζῴων

312 2553 680 2605 ἆνηγσρορευμένον.

371 2624 466 2667 Scio
498 2624 714 2667 interdum
746 2626 806 2667 sic
839 2624 1152 2681 superlativum
1178 2639 1252 2680 pro
1280 2627 1569 2681 comparativo
1596 2626 1698 2681 poni
1724 2629 1767 2668 et
1792 2639 1891 2668 cum

358 2808 392 2846 1)
425 2807 462 2838 In
493 2807 658 2838 Plutarchi
692 2807 869 2839 Moralibus
898 2807 956 2838 hoc
979 2807 1047 2838 loco
1071 2807 1138 2839 solo
1163 2807 1238 2839 deus
1262 2807 1315 2839 ille
1338 2808 1615 2839 commemoratur.
1639 2806 1704 2850 Qui
1728 2811 1890 2850 praeterea

313 2864 343 2892 in
376 2861 479 2893 indice
508 2862 662 2892 nominum
697 2862 777 2904 apud
811 2861 848 2894 B.
882 2862 933 2893 hic
955 2862 1162 2893 inveniuntur
1187 2862 1321 2899 numeri,
1345 2861 1367 2892 ii
1392 2872 1409 2893 a
1429 2861 1556 2893 nomine
1576 2861 1780 2899 Ἀσκληπιός
1803 2862 1891 2894 aber-

312 2918 434 2946 rarunt.
1794 2916 1797 2919 ’
