2002 3372
892 211 977 254 149

182 336 316 382 3231?
360 337 382 385 ἢ
425 336 459 378 δ’
492 335 624 388 εὔροια
667 338 744 375 τῶν
779 335 1043 384 πραγμάτων
1077 365 1086 376 .
1109 366 1117 376 .
1139 367 1148 378 .
1170 366 1178 376 .
1214 335 1257 376 οὐ
1290 333 1432 386 χερσὶν
1464 331 1617 385 (μόνον)
1652 334 1720 374 ἆν-

117 410 276 463 operm
315 407 397 451 οὐδ’
440 407 587 460 ὁρμαῖς
629 408 920 458 προχωροῦσαν
966 406 1204 457 ἡγεμονίαν,
1250 406 1337 460 θείᾳ
1381 403 1421 446 δὲ
1461 410 1608 457 πομπῇ
1646 403 1715 445 καὶ

117 480 327 532 πνεύματι
361 479 513 532 Τύχης
547 477 901 532 ἐπιταχυνομένην
935 477 1221 521 ἐπιδείκνυται.

177 551 456 597 Inserendum
488 550 598 594 mihi
629 548 748 601 μόνον
781 548 966 592 videtur.

182 698 319 743 324ss
349 698 437 742 οὐδὲ
469 696 586 752 ταχὺ
620 695 889 745 παυσάμενος
922 697 972 742 ὦς
1002 696 1019 738 ὂ
1049 695 1312 748 Κολοφωνίων
1339 694 1494 748 (μέγας
1527 694 1713 748 δαίμων).

179 769 400 814 Praeclara
432 769 685 824 est-Naberi
717 767 960 811 emendatio
994 769 1160 810 Φωκέων
1191 767 1373 821 (Mnem.
1409 766 1526 810 1900
1553 782 1597 823 p.
1627 766 1711 809 131

35 840 37 847 ²
115 847 158 887 et
188 841 304 886 1896
332 857 374 900 p.
404 839 525 894 369).
558 839 678 884 Nihil
706 842 821 883 enim
849 840 900 883 de
925 841 1107 897 imperio
1134 839 1318 896 quodam
1347 837 1712 896 Colophoniorum

115 915 336 958 maritimo
367 914 570 957 innotuit.

177 1051 311 1095 32413·
353 1050 468 1095 Veiis
499 1050 681 1094 Romani
714 1048 949 1093 Camillum
982 1048 1234 1091 dictatorem
1267 1051 1544 1091 creaverunt:

173 1119 223 1166 ἵν’
255 1119 321 1166 οὖν
353 1124 411 1174 μὴ
446 1123 567 1175 καιρῷ
601 1122 694 1174 δοκῇ
728 1120 835 1172 νόμῳ
867 1121 908 1163 δὲ
944 1120 1184 1170 λαμβάνειν
1218 1119 1235 1161 ὃ
1268 1121 1381 1171 ἀνήρ,
1410 1119 1507 1168 μηδ’
1534 1121 1584 1166 ὥς
1614 1121 1713 1162 ἐπε·

116 1194 278 1247 γνωκὼς
312 1196 386 1243 τὴν
418 1194 537 1237 πόλιν
568 1191 708 1239 ὅπλοις
741 1192 1042 1246 ἀρχαιρεσιάζῃ
1074 1191 1127 1233 τὰ
1162 1193 1233 1233 τοῦ
1266 1194 1443 1244 στρατοῦ

113 1281 139 1310 a
170 1273 320 1310 senatu
349 1267 396 1309 in
429 1264 642 1322 Capitolio
671 1263 837 1307 incluso
868 1263 1039 1321 probari
1071 1277 1171 1307 eum
1204 1262 1437 1319 oportebat.

176 1336 382 1382 Deleatur
411 1335 550 1383 ὅπλοις
585 1335 742 1393 quibus
773 1334 921 1378 nullus
953 1335 1022 1378 hic
1051 1334 1195 1378 locus:
1229 1338 1505 1391 opponuntur
1529 1335 1641 1377 inter
1667 1348 1712 1377 se

117 1410 292 1454 comitia
322 1407 472 1467 populi
503 1410 593 1463 (τὴν
625 1408 763 1462 πόλιν)
793 1413 835 1450 et
867 1409 1091 1450 exercitus.

174 1556 312 1602 325A
348 1556 539 1600 Nuntius
570 1556 647 1599 ille
672 1555 788 1599 Veiis
821 1557 978 1599 missus
1011 1554 1244 1612 Capitolini
1275 1556 1433 1598 montis
1463 1569 1567 1597 usus
1596 1555 1709 1597 saxis

113 1629 400 1673 eminentibus
430 1629 552 1672 venit
584 1628 680 1679 πρὸς
713 1627 758 1670 τὸ
792 1627 1029 1679 ἀντιπέρας.

172 1700 360 1760 Egregie
402 1700 631 1758 Emporius
674 1700 769 1752 πρὸς
813 1700 858 1742 τὸ
900 1698 980 1742 ἄνω
1022 1705 1098 1749 τῆς
1141 1698 1310 1751 πέτρας.
1355 1698 1454 1742 Non
1495 1699 1625 1750 enim,
1659 1703 1709 1740 ut

111 1773 274 1830 opinor,
306 1771 491 1815 fluvium
522 1774 723 1814 tranatat.

171 1907 308 1952 325B
348 1907 432 1952 Sed
473 1908 615 1952 hostes
647 1909 845 1965 vestigiis
876 1909 968 1951 eius
1000 1908 1234 1951 observatis
1267 1912 1339 1955 τῆς
1375 1907 1515 1954 νυκτὸς
1549 1908 1594 1949 τὸ
1629 1908 1710 1958 ἕρη-

111 1979 294 2032 μδτατον
324 1977 662 2033 διαφυλάξαντες
696 1980 922 2030 ἀνέβησαν.

170 2051 392 2096 Lubenter
417 2053 626 2095 assentior
653 2050 817 2095 Graeco
844 2051 998 2095 editori
1026 2051 1094 2094 hio
1121 2052 1379 2102 ἦρεμῶτατον
1406 2053 1581 2108 requiri,
1608 2065 1708 2094 nam

108 2138 187 2166 noa·
212 2125 368 2166 decerta
393 2123 520 2167 nihili
546 2127 623 2167 est.
657 2123 741 2167 Sed
768 2125 909 2181 magis
937 2125 1067 2166 etiam
1094 2122 1179 2167 alia
1195 2138 1302 2181 opus
1319 2127 1382 2167 est
1399 2123 1707 2167 emendatione.

109 2195 179 2238 An
218 2194 286 2238 illi
327 2196 448 2253 prius
490 2209 566 2252 per
607 2201 777 2238 noctem
819 2194 1018 2252 vigilant,
1062 2194 1226 2246 deinde,
1272 2196 1339 2237 ubi
1370 2195 1449 2237 illa
1470 2195 1706 2250 praeteriit,

109 2264 399 2310 adscendunt?
440 2265 582 2310 Immo
626 2280 749 2310 vero:
793 2270 1039 2324 exspectant
1082 2266 1212 2310 donec
1255 2281 1337 2309 nox
1381 2269 1567 2319 venerit,
1610 2271 1707 2309 tum

107 2337 243 2381 statim
285 2337 567 2381 adsoendendi
608 2339 787 2381 initium
829 2338 1005 2381 faciunt.
1048 2337 1164 2395 Lege
1207 2352 1310 2395 ergo
1353 2352 1429 2394 pro
1464 2340 1705 2395 composito

109 2408 295 2467 simplex
326 2407 612 2462 φυλάξαντες.

170 2545 306 2590 326Α
351 2547 540 2604 Antiqua
578 2546 868 2590 Romanorum
901 2547 1080 2590 historia
1111 2547 1218 2590 latet
1249 2549 1294 2589 in
1326 2547 1512 2590 tenebris
1545 2550 1598 2599 τῷ
1634 2549 1702 2589 καὶ

108 2618 166 2660 τὸ.
197 2617 440 2671 πράγματα
473 2619 746 2670 διαφθαρῆναι
777 2623 852 2661 τῶν
884 2619 1094 2668 Ῥωμαίων
1128 2619 1196 2660 καὶ
1226 2619 1486 2671 συγχυθῆναι
1515 2619 1607 2665 τοὺς
1638 2619 1707 2661 ὑπ’

111 2691 245 2733 αὐτῶν
278 2689 692 2741 ὑπομνηματισμούς.

171 2761 397 2819 Ingeniosa
443 2761 697 2804 Abresohius
740 2762 869 2804 verba
911 2761 1184 2813 διαφθαρῆναι
1228 2764 1270 2804 et
1302 2763 1561 2815 συγχυθῆναι
1594 2763 1708 2806 inter

109 2847 153 2877 se
192 2835 465 2890 transposuit.
510 2832 654 2876 Simul
687 2832 916 2876 delendum
947 2833 1128 2876 arbitror
1162 2833 1230 2874 ὑπ’
1265 2834 1397 2875 αὐτῶν
1431 2833 1543 2890 quod
1576 2839 1707 2877 struo-

109 2908 254 2949 turam
286 2904 427 2948 reddit
457 2905 698 2948 absurdam.
