2002 3372
853 262 939 307 347

97 391 336 433 recurrunt.
381 388 499 447 Ergo
545 389 795 445 scriptorem
842 391 993 430 notum
1040 387 1260 438 habemus,
1307 386 1518 428 notiorem
1558 385 1688 427 etiam

97 474 227 518 quam
267 474 421 518 cupere
460 461 687 517 quisquam
729 462 884 516 potest,
929 458 1001 501 sed
1043 458 1146 515 quid
1189 457 1362 501 tandem
1394 457 1477 499 sibi
1509 455 1617 499 velit
1645 455 1690 498 id

96 529 204 575 latet
233 530 470 588 latebitque
501 533 546 574 in
577 530 717 574 densis
748 531 949 573 tenebris.
989 530 1101 573 Nam
1132 529 1275 586 legere
1306 529 1443 571 conari
1473 531 1691 583 utcunque

95 603 180 646 ista
219 605 355 660 potes,
397 616 547 647 revera
587 602 716 656 ceqere
756 615 881 645 nemo
921 603 1078 658 poterit
1114 614 1318 657 unquam.
1362 599 1467 653 Quis
1499 599 1614 642 enim
1646 613 1690 641 se

95 675 276 719 extricet
319 688 370 718 ex
412 673 644 718 subtilibus
683 675 779 716 istis
820 673 1118 724 divisionibus,
1151 686 1259 729 quae
1290 673 1539 715 innumerae
1569 671 1692 714 nobis

95 749 408 803 proponuntur,
433 747 530 802 quis
544 744 789 802 intelligere
808 744 912 801 quid
927 746 1097 787 intersit
1113 745 1226 787 inter
1242 745 1282 787 ἐν
1298 741 1525 798 εἱμαρμὲνῃ
1541 746 1585 786 et
1602 742 1690 784 καθ’

22 807 30 839 ’3
96 815 347 870 εἱμαρμένην
387 820 530 873 potest
570 820 697 874 atque
736 815 838 859 adeo
868 814 1015 873 cupit?
1049 814 1232 859 Omnino
1263 815 1377 858 haud
1408 813 1533 858 facile
1564 813 1692 857 detri-

19 876 27 940 ζῖ
95 891 296 933 mentum
327 889 466 946 capiet
497 889 572 945 qui
602 887 682 931 ulli
709 889 771 931 rei
795 887 1121 945 investigandae
1148 887 1221 930 dat
1247 900 1435 944 operam,
1461 886 1530 928 hic
1546 889 1691 928 tamen

16 954 27 1014 ’,ξ
94 958 237 1004 multo
283 963 349 1003 est
393 958 548 1003 utilius
594 959 757 1002 librum
804 973 934 1016 quam
976 960 1168 1016 primum
1211 973 1233 1002 e
1274 958 1472 1001 manibus
1513 957 1692 1000 abiicere

14 1023 23 1054 ³
95 1044 227 1089 quam
251 1029 519 1088 aliquamdiu
546 1032 586 1074 ei
612 1032 850 1074 immorari.
879 1030 1027 1087 Neque
1053 1031 1276 1073 immorari
1300 1043 1420 1086 opus.
1448 1028 1554 1072 Mox
1576 1029 1692 1071 enim

7 1150 9 1153 .
94 1105 271 1160 apparet
312 1102 415 1160 quid
451 1101 727 1160 magistellus
759 1102 828 1145 hic
860 1102 941 1145 sibi
973 1100 1352 1145 demonstrandum
1383 1104 1527 1143 sumat
1557 1113 1693 1155 neque

8 1227 11 1229 ,
95 1173 386 1218 demonstrare
426 1175 575 1231 possit.
619 1173 718 1217 Huc
760 1175 876 1217 enim
912 1174 999 1217 fere
1030 1173 1142 1217 redit
1175 1174 1267 1216 eius
1300 1172 1534 1229 disputatio
1566 1197 1623 1204 —
1657 1172 1693 1214 si

94 1245 328 1303 disputatio
354 1247 419 1288 est
443 1245 619 1288 dicenda
645 1247 729 1288 ista
754 1244 983 1288 verborum
1005 1244 1125 1288 rudis
1147 1245 1444 1302 indigestaque
1461 1242 1594 1286 moles
1612 1254 1692 1285 -ε

75 1316 202 1360 'Fato
242 1330 327 1360 non
357 1315 458 1361 tolli
488 1317 812 1361 Providentiam
843 1331 980 1374 neque
1013 1316 1199 1360 liberum
1232 1317 1418 1360 hominis
1449 1316 1690 1359 arbitrium.

94 1387 180 1432 Sed
208 1401 346 1446 neque
376 1388 649 1447 persuadebit
675 1390 890 1446 cuiquam,
917 1403 1067 1446 neque,
1096 1390 1133 1431 si
1159 1392 1301 1432 tamen
1329 1389 1553 1446 cognitum
1579 1388 1692 1430 hunc

18 1483 19 1486 =
97 1459 231 1504 habeo
270 1460 535 1518 scriptorem,
576 1460 828 1518 persuadere
861 1464 1062 1504 conatur:
1099 1462 1204 1503 satis
1234 1462 1275 1503 ei
1306 1464 1372 1503 est
1403 1459 1693 1503 demonstrare

94 1544 228 1588 quam
268 1532 327 1575 sit
366 1531 516 1576 doctus
557 1536 794 1589 acutusque
836 1546 1051 1589 quamque
1093 1535 1287 1575 versatus
1317 1533 1363 1575 in
1394 1531 1589 1582 Platone,
1621 1530 1694 1573 sed

94 1603 346 1660 praesertim
362 1605 423 1660 vin
453 1605 546 1647 eius
577 1602 765 1647 ¹Timaeo.
797 1603 998 1647 Huncine
1029 1618 1219 1661 unquam
1251 1603 1535 1648 Plutarchum
1560 1603 1694 1646 fuisse

93 1675 325 1732 quisquam
357 1673 630 1732 opinabitur?
662 1675 816 1719 Veram
847 1676 1083 1719 doctrinam
1114 1677 1263 1734 magni
1290 1676 1392 1719 facit
1417 1675 1692 1727 Plutarchus,

93 1744 170 1789 sed
211 1759 311 1803 prae
353 1747 516 1790 virtute
557 1745 681 1790 illam
719 1761 888 1804 quoque
919 1749 1095 1805 spernit,
1129 1753 1241 1791 certe
1273 1746 1446 1790 nullum
1477 1749 1570 1790 eius
1602 1760 1693 1790 esse

94 1817 283 1874 pretium
325 1818 411 1861 nisi
450 1817 504 1861 ad
545 1832 685 1862 mores
722 1818 1007 1863 emendandos
1038 1819 1227 1862 conferat
1256 1818 1419 1876 aliquid
1450 1833 1620 1876 semper
1649 1822 1693 1861 et

94 1889 255 1946 ubique
285 1888 415 1933 habet
444 1891 834 1947 persuasissimum.
867 1890 1038 1935 Horum
1069 1890 1180 1934 nihil
1211 1893 1292 1934 iste
1326 1890 1515 1934 Orbilius
1547 1892 1691 1942 sentit,

94 1959 170 2003 sed
199 1959 303 2017 quid
333 1973 435 2004 eum
467 1962 647 2004 sensisse
678 1960 898 2005 dicamus?

154 2031 224 2075 Ad
252 2031 447 2090 singulos
478 2032 592 2076 locos
624 2047 760 2090 neque
793 2048 874 2092 ego
905 2035 1116 2078 annotabo
1145 2034 1380 2092 quidquam
1408 2048 1543 2092 neque
1569 2049 1693 2078 anno-

94 2103 207 2147 tavit
230 2102 438 2147 Naberus.
468 2105 558 2147 Aut
583 2119 635 2148 ne
665 2104 742 2148 ille
768 2105 940 2163 quidem
970 2120 1045 2163 per
1069 2108 1203 2149 istum
1229 2106 1531 2165 labyrinthum
1556 2106 1692 2149 ullam

93 2175 262 2218 invenit
286 2176 499 2228 semitam,
527 2180 604 2219 aut
630 2181 802 2234 tempus
827 2177 1002 2234 perdere
1027 2177 1170 2221 noluit
1186 2179 1266 2221 hoe
1284 2179 1452 2236 Augiae
1468 2177 1691 2222 stabulum

94 2244 294 2303 penicillo
324 2260 527 2304 purgans.
561 2246 686 2292 Certe
718 2247 769 2291 de
800 2262 870 2292 me
902 2253 1136 2307 utrumque
1169 2253 1332 2293 statuat
1362 2249 1508 2293 lector.

666 2619 722 2651 DL·
754 2620 837 2652 GEN
840 2621 881 2653 10
913 2621 1127 2655 SOORA'HS.

155 2747 202 2792 Si
227 2750 324 2806 quis
355 2764 545 2807 unquam
576 2753 721 2808 ipsum
757 2751 1034 2797 Plutarchum
1065 2757 1238 2812 rogavit
1263 2770 1314 2798 ex
1343 2757 1543 2800 omnibus
1569 2757 1691 2802 libris

95 2821 186 2863 suis
228 2835 314 2878 quo
354 2823 543 2866 maxime
587 2822 880 2876 delectaretur,
923 2825 1037 2869 hunc
1079 2840 1180 2869 eum
1223 2827 1450 2883 protulisse
1492 2829 1688 2874 arbitror.

95 2891 217 2946 Quod
246 2906 323 2936 cur
353 2892 494 2938 dicam
527 2898 570 2937 et
601 2909 684 2952 qua
714 2899 859 2939 mente
891 2896 1019 2953 paulo
1050 2900 1290 2942 accuratius
1319 2913 1528 2956 exponere
1554 2900 1688 2946 lubet.

156 2962 293 3008 Nemo
334 2965 586 3009 mortalium
631 2970 720 3010 tam
761 2969 907 3024 gravis
940 2972 1006 3011 est
1035 2969 1164 3013 homo
1197 2972 1300 3027 quin
1333 2985 1455 3014 suam
1487 2973 1570 3015 sibi
1600 2973 1691 3030 glo-

95 3033 247 3079 riolam
273 3041 459 3094 appetat.
488 3037 571 3091 Qui
597 3040 784 3083 oratione
813 3044 993 3084 venusta
1019 3045 1061 3085 et
1087 3041 1226 3099 lepida
1243 3045 1482 3088 narratione
1498 3043 1689 3103 legentes
