2002 3372
882 257 966 301 331

130 387 199 430 καὶ
239 385 610 439 προσκατακλύσαι
653 384 721 426 τὸν
764 381 901 433 λόγον,
944 382 977 422 εἲ
1020 381 1074 422 τοὶ
1121 383 1262 431 πρῶτοι
1302 379 1363 426 μὴ
1397 377 1566 424 δυνατὸς
1601 376 1717 418 ἔσται

129 456 348 502 διώσασθαι
395 458 491 509 μηδ’
536 458 776 508 ἀποφυγεῖν
825 452 1096 504 ἐγκλήματα.
1153 451 1264 494 Sunt
1311 463 1414 506 ergo
1462 448 1718 499 ἐγκλήματα

128 530 308 574 crimina
329 528 420 582 illa,
447 529 602 585 quibus
627 526 862 582 Epicureus
889 537 1117 580 aggressus
1144 526 1208 565 est
1233 520 1549 578 philosophiam
1572 533 1720 563 eorum

128 603 206 659 qui
245 601 344 644 deos
385 613 475 644 esse
515 602 559 643 et
598 599 813 654 sapienter
849 596 1087 652 prospicere
1127 595 1276 651 generi
1306 593 1496 635 humano
1529 590 1720 634 credunt.

128 672 395 729 Quapropter
425 673 486 714 sic
517 670 604 714 fere
634 669 764 712 verba
795 668 926 710 citata
956 680 1036 724 ego
1069 666 1299 709 verterim:
1347 667 1524 715 „utrum
1555 666 1722 705 nostrae

129 743 421 802 philosophiae
446 746 612 799 praeter
637 739 908 783 difficultates
932 739 1022 780 iam
1048 739 1091 779 in
1120 750 1215 780 eam
1239 734 1414 779 collatas
1431 736 1541 788 (sive
1558 738 1724 790 praeter

129 816 309 859 crimina
339 816 385 857 in
411 827 505 857 eam
532 810 704 865 collata)
729 813 951 867 imponam
974 810 1105 852 etiam
1133 809 1254 864 quasi
1281 807 1468 850 sarcinae
1498 804 1724 848 cumulum

128 885 318 944 aliquem
329 883 375 928 ?”
409 882 646 928 Paululum
673 896 775 939 ergo
803 881 978 938 quidem
1006 879 1079 923 sed
1107 883 1251 922 tamen
1277 878 1436 921 recedit
1463 877 1724 920 Plutarchus

129 973 156 1003 a
193 956 418 1001 Platonico
457 957 575 1000 vocis
611 967 720 1012 quae
765 959 830 997 est
861 953 1046 1005 κολοφών
1077 965 1173 994 usu.
1208 949 1336 1007 Apud
1366 950 1479 992 hunc
1513 949 1628 991 6111111
1662 953 1726 991 est

130 1029 253 1087 (Lag.
283 1027 370 1072 674
383 1027 460 1078 C):
488 1025 603 1074 οὗτος
632 1026 817 1078 κολοφὼν
847 1025 912 1067 ἐπὶ
941 1025 996 1078 τῷ
1022 1023 1111 1074 περὶ
1141 1020 1240 1064 οἴνου
1266 1021 1375 1074 λόγῳ
1392 1019 1542 1074 ῥηθέντι
1561 1020 1725 1073 εἰρήσθω

130 1104 174 1145 et
202 1099 301 1158 Epl.
331 1099 374 1151 3,
393 1098 550 1142 318B:
594 1097 662 1140 τὸν
702 1101 917 1149 κολοφῶνα
949 1100 1046 1143 ταῖς
1079 1093 1354 1148 ὑποσχέσεσιν
1388 1091 1605 1143 ἐπέθηκας,
1640 1106 1726 1135 rec-

130 1175 257 1230 teque
296 1169 534 1216 Scholiasta
575 1169 628 1213 ad
669 1170 857 1226 priorem
899 1167 1043 1211 locum
1084 1168 1282 1209 annotat:
1321 1164 1503 1217 κολοφὼν
1535 1164 1725 1213 σημαίνει
1798 1174 1801 1177 ·

130 1244 177 1287 τὸ
219 1246 334 1297 κῦρος
374 1246 451 1291 τῆς
492 1240 741 1294 ἐπικρίσεως.
784 1239 898 1283 Nam
929 1240 1172 1296 quicunque
1204 1241 1268 1280 est
1299 1237 1498 1293 proprius
1531 1234 1727 1279 vocabuli

130 1314 245 1373 quod
275 1317 340 1358 est
369 1312 554 1366 κολοφών
586 1325 704 1363 usus,
731 1311 845 1368 apud
871 1309 1099 1354 Platonem
1125 1308 1315 1351 dubitari
1340 1322 1424 1350 non
1452 1310 1595 1363 potest
1622 1307 1727 1363 quin

131 1386 201 1430 τὸν
225 1386 441 1439 κολοφῶνα
466 1385 660 1428 ἐπιθεῖναι
689 1385 768 1426 sit:
800 1381 1030 1434 „ultimam
1061 1394 1241 1424 manum
1266 1378 1395 1422 alicui
1424 1380 1486 1422 rei
1512 1378 1726 1430 adhibere,

132 1471 313 1516 eamque
342 1456 544 1515 perficere
577 1460 622 1499 et
651 1454 877 1513 implere''.

195 1603 328 1648 5491*
376 1603 523 1648 Multo
554 1603 797 1660 perversius
827 1614 958 1658 quam
991 1599 1042 1643 de
1074 1600 1239 1643 musica
1273 1598 1340 1642 vel
1372 1598 1423 1641 de
1455 1601 1545 1641 arte
1577 1597 1730 1641 bellica

134 1676 354 1734 disputare
384 1676 638 1733 imperitum
670 1678 757 1718 est:

194 1748 251 1791 τὰ
278 1746 471 1798 δαιμόνια
498 1747 739 1800 πράγματα
763 1745 1015 1795 διασκοπεῖν,
1034 1743 1260 1795 ἀνθρώπους
1277 1741 1413 1793 ὄντας,
1432 1738 1506 1784 οἷον
1526 1740 1731 1795 ἀτέχνους

133 1823 331 1872 τεχνιτῶν
362 1818 541 1861 διάνοιαν
574 1817 660 1860 ἀπὸ
689 1815 806 1867 δόξης
835 1816 902 1858 κοιὶ
932 1815 1120 1862 ὑπονοίας
1148 1818 1261 1856 κατὰ
1289 1813 1334 1856 τὸ
1360 1814 1466 1861 εἰκὸς
1493 1814 1730 1864 μετιόντας.

194 1892 306 1934 Ante
346 1889 460 1933 κατά
502 1888 775 1932 inserendum
815 1892 879 1931 est
912 1887 997 1930 καί.
1029 1886 1227 1943 Imperiti
1259 1884 1424 1928 nullam
1455 1885 1614 1928 habent
1645 1899 1732 1927 cer-

133 1966 226 2006 tam
265 1962 500 2013 scientiam,
543 1960 618 2003 sed
647 1961 693 2002 in
725 1958 981 2017 disputando
1013 1959 1244 2015 opiniones,
1277 1958 1554 2014 suspiciones,
1586 1956 1731 2013 proba-

133 2031 351 2077 bilitatem
382 2035 634 2089 sequuntur.

194 2103 244 2148 In
276 2104 553 2161 sequentibus
585 2103 724 2147 denuo
756 2102 906 2155 editor,
934 2100 1164 2145 semicolon
1191 2115 1353 2158 ponens
1378 2103 1474 2157 post
1502 2098 1616 2152 ἔργον
1645 2100 1730 2141 ἐστι

135 2179 271 2220 totam
313 2177 568 2218 sententiam
609 2174 879 2231 perturbavit
921 2175 1152 2216 immemor
1183 2171 1487 2215 Demosthenei
1519 2173 1590 2214 οὐκ
1620 2168 1732 2214 εἷπον

136 2247 212 2299 μὲν
243 2249 398 2299 ταῦτα,
431 2247 502 2290 οὐκ
535 2247 707 2300 ἔγραψα
739 2245 796 2289 δέ.

198 2382 335 2427 55οΒ
367 2383 541 2436 „Etiam
572 2384 785 2427 humanae
816 2382 935 2440 leges
967 2381 1131 2426 multae
1158 2381 1364 2425 absurdae
1393 2380 1530 2424 videri
1555 2384 1734 2438 possunt

135 2458 191 2501 iis
221 2457 296 2514 qui
326 2469 474 2500 earum
503 2457 714 2499 rationem
739 2456 959 2512 cognitam
985 2470 1068 2498 non
1094 2453 1294 2497 habent''.
1329 2453 1473 2496 Huius
1501 2455 1734 2496 sententiae

138 2531 182 2572 et
225 2526 309 2571 alia
354 2527 589 2570 afferuntur
635 2526 831 2584 exempla
878 2529 922 2569 et
967 2526 1278 2583 Spartanorum
1318 2523 1429 2567 illud
1471 2526 1528 2575 μὴ
1571 2524 1734 2577 τρέφειν

139 2598 341 2651 μύστακα
383 2602 426 2642 et
468 2597 759 2642 Romanorum
791 2597 983 2641 vindicta.
1014 2597 1097 2641 Sed
1130 2597 1197 2640 his
1230 2595 1440 2653 exemplis
1470 2596 1574 2639 haec
1605 2597 1734 2639 inter-

137 2673 339 2715 seruntur
369 2669 602 2715 vocabula:

201 2741 270 2784 καὶ
304 2741 510 2785 πείθεσθαι
545 2745 630 2789 τοῖς
659 2739 795 2791 νόμοις
825 2742 878 2788 ὡς
911 2742 969 2791 μὴ
1001 2740 1186 2794 χαλεποὶ
1220 2738 1312 2782 ὦσιν
1345 2739 1487 2786 αὐτοῖς

140 2825 248 2870 quae
288 2814 437 2870 utique
481 2816 582 2856 sunt
623 2811 812 2856 delenda.
855 2812 938 2855 His
980 2813 1095 2855 enim
1130 2810 1287 2855 sciolus
1319 2824 1368 2853 ea
1398 2812 1493 2867 ipsa
1524 2809 1735 2867 explicare

140 2888 330 2937 conatur,
350 2885 480 2942 idque
497 2884 728 2928 admodum
746 2884 980 2942 pueriliter,
993 2897 1100 2940 quae
1116 2885 1198 2927 nisi
1214 2883 1521 2940 aliquantisper
1537 2887 1736 2927 maneant

141 2954 399 3013 inexplicata
429 2956 702 3013 obscuraque,
736 2959 852 3000 totus
883 2955 1001 2999 locus
1031 2955 1106 2999 fiat
1137 2954 1482 2998 absurdissimus.
