2002 3372
1099 266 1184 310 582

354 390 787 445 iucundissimamque
818 412 872 421 --
901 386 1022 430 illam
1055 387 1147 430 dico
1179 401 1262 444 qua
1287 387 1599 431 demonstratur
1623 390 1736 432 recte
1759 387 1930 434 Phaoni

356 463 587 505 orationem
618 475 639 503 e
671 461 813 504 verbis
844 463 887 501 et
917 458 1162 502 nominibus
1191 465 1380 502 constare
1409 461 1545 502 visam
1577 470 1931 505 esse—werna·

355 531 447 574 cule
471 545 634 574 versam
657 536 869 587 praeterea
891 529 1256 585 disputatiuncula
1281 530 1462 586 quadam
1489 543 1583 574 mea
1606 543 1703 576 sum
1717 529 1931 575 illdtsrare

356 605 541 651 conatus,
569 615 591 643 e
618 614 701 657 qua
727 614 837 642 nunc
864 600 979 651 haec,
1007 614 1058 643 ne
1080 600 1212 644 doctis
1238 601 1411 657 quidem
1439 601 1689 659 philologis,
1702 605 1756 645 111
1770 602 1930 660 opinor,

356 671 478 728 plane
510 670 741 726 spernenda
771 670 985 727 protraho.
1764 682 1838 713 »unz

416 741 617 785 Dicebam
649 755 748 798 ergo
780 745 822 784 et
853 754 965 784 nunc
995 741 1088 784 dico
1120 755 1254 798 neque
1286 743 1326 784 ei
1356 743 1430 798 qui
1460 742 1630 785 Platoni
1659 706 1755 786 dab
1751 756 1932 800 operam

356 826 489 868 neque
517 811 716 854 hodierno
743 813 1026 868 grammatico
1054 811 1242 855 multum
1266 812 1374 855 illud
1399 816 1527 869 caput
1552 812 1703 856 afferre
1710 813 1930 868 amatim

357 882 428 925 sed
468 884 611 938 ipsum
651 882 931 925 Plutarchum
975 885 1049 939 qui
1081 884 1132 926 ab
1156 885 1283 926 'omni
1315 886 1432 939 parte
1462 897 1710 941 cognoscere
1740 886 1934 942 capitia

358 957 445 996 tota
472 951 774 996 Chaeronensis
802 954 891 996 vita
915 954 1130 1010 insignem
1155 953 1266 997 illud
1291 958 1433 997 tenere
1458 954 1599 998 locum
1621 955 1932 1001 facile-sentiet.

357 1023 577 1066 Habemus
619 1025 733 1066 enim
765 1023 833 1066 hic
865 1022 1168 1080 philosophum
1202 1026 1276 1080 qui
1306 1024 1438 1068 nullis
1469 1025 1700 1070 tractandis
1719 1029 1935 1083 quaestio-

358 1094 482 1136 nibus
515 1095 652 1151 magis
685 1093 915 1137 delectetur
942 1109 1070 1151 quam
1096 1097 1150 1138 iis
1177 1109 1282 1152 quae
1309 1095 1361 1138 ad
1381 1097 1674 1149 qrammaticasn
1699 1099 1935 1154 pertineant

358 1168 506 1207 artem.
549 1164 698 1221 Neque
740 1166 902 1208 mirum
941 1165 987 1207 id
1027 1166 1146 1208 nobis
1189 1165 1324 1209 videri
1363 1171 1501 1223 potest
1531 1167 1936 1221 recordantibus&

359 1235 469 1291 quod
501 1236 626 1278 toties
660 1240 748 1277 tam
774 1235 928 1278 diserte
956 1235 1140 1279 declarat
1167 1236 1437 1289 Plutarchus,
1462 1252 1611 1282 verum
1637 1237 1936 1297 philosophum

359 1304 490 1348 simul
542 1309 585 1348 et
626 1319 841 1360 puerorum
893 1321 982 1350 esse
1032 1308 1282 1361 mamistram,
1330 1309 1498 1365 ipsique
1541 1308 1771 1353 Plutarcho
1814 1309 1936 1355 illam

360 1375 592 1433 quotidiani
636 1378 704 1419 sui
745 1376 898 1420 laboris
941 1383 1104 1434 partem
1147 1393 1313 1435 semper
1353 1379 1424 1423 vel
1465 1381 1646 1423 maximi
1674 1382 1811 1424 visam
1847 1395 1937 1425 esse

361 1449 567 1490 momenti
601 1452 643 1490 et
674 1462 867 1492 summae
897 1448 1191 1505 plenissimam
1223 1451 1512 1494 iucunditatis.
1545 1451 1664 1504 Quod
1694 1456 1939 1509 reputantes

360 1517 539 1560 libenter
579 1518 853 1562 concedemus
896 1534 943 1562 63
985 1520 1053 1562 hic
1094 1521 1308 1565 observari
1351 1536 1456 1578 quae
1497 1523 1583 1565 61111
1623 1522 1852 1568 utilissima
1886 1523 1939 1566 ad
2000 1515 2002 1518 ¹

364 1587 646 1632 adolescentes
685 1589 865 1633 Homeri
905 1604 1047 1634 amore
1086 1591 1324 1648 implendos
1356 1594 1659 1650 aptissimeque
1688 1595 1939 1639 iis-incitari

360 1659 456 1702 illos
488 1662 538 1702 ut
569 1673 739 1715 poeseos
769 1662 882 1717 patri
913 1665 1082 1704 strenue
1115 1667 1156 1704 et
1187 1664 1270 1718 ipsi
1302 1663 1401 1706 dent
1427 1677 1596 1720 operam
1620 1665 1939 1722 sibiqiiewquam

361 1731 724 1773 accuratissimam
757 1733 848 1774 61116
878 1735 1120 1788 comparent
1150 1734 1361 1776 notitiam.
1864 1767 1865 1770 ,

422 1799 487 1842 Ita
518 1803 631 1843 enim
662 1801 731 1844 hic
761 1801 977 1845 Homerus
1010 1807 1214 1846 tractatur
1240 1808 1290 1846 111
1316 1804 1494 1848 artificia
1517 1805 1642 1848 nobis
1666 1804 1743 1849 1113
1765 1806 1940 1850 veniant

361 1872 407 1913 iu
440 1875 627 1914 ment-em
659 1886 765 1928 quae
796 1876 961 1916 nostrae
986 1873 1134 1917 Sacrae
1161 1875 1394 1931 scripturae
1419 1875 1618 1919 adhibere
1645 1881 1783 1933 patres
1806 1878 1940 1921 nostri

362 1941 551 1985 solebant
592 1945 940 2001 quaestionesque
982 1959 1088 2001 (11136
1128 1945 1178 1988 de
1210 1945 1286 1989 illa
1315 1945 1419 1989 olim
1450 1960 1572 2003 saepe
1602 1946 1940 1992 solvendaevir·

363 2013 537 2070 ginibus
568 2015 793 2071 puerisque
824 2016 1180 2072 proponebantur.
1224 2016 1278 2059 Et
1310 2017 1396 2060 fuit
1424 2017 1638 2061 Homerus
1668 2020 1940 2076 antiquorum

363 2084 570 2139 scriptura
603 2099 731 2128 sacra.
768 2085 885 2143 Ergo
916 2086 1174 2130 Plutarchus
1205 2101 1341 2130 unum
1374 2101 1425 2130 ex
1455 2087 1634 2132 Homeri
1663 2088 1773 2133 libro
1797 2091 1940 2148 primo

365 2169 534 2198 versum
573 2155 745 2199 afferens
783 2158 826 2199 in
871 2171 954 2213 quo
996 2159 1137 2200 omnia
1171 2157 1371 2215 legantur
1401 2159 1597 2202 orationis
1625 2160 1805 2213 membra«,
1833 2174 1939 2217 quae

364 2225 576 2277 dicuntur,
615 2226 843 2283 discipulos
885 2242 982 2271 suos
1015 2232 1111 2285 apte
1144 2232 1193 2271 ut
1225 2234 1267 2271 et
1297 2228 1402 2272 alios
1433 2231 1476 2272 in
1509 2229 1639 2274 Iliade
1668 2229 1940 2289 Odysseaque

364 2296 573 2339 eiusmodi
597 2300 846 2354 conquirant
872 2299 1138 2343 hexametros
1154 2299 1414 2342 adhortatur.
1445 2298 1639 2357 Cumque
1654 2300 1786 2344 simul
1801 2300 1940 2358 lepide

365 2367 675 2424 prudenterque
720 2370 1034 2412 coniunctiones
1081 2384 1164 2412 non
1210 2383 1298 2413 esse
1339 2371 1541 2413 orationis
1581 2371 1773 2415 membra
1811 2385 1940 2429 quam

364 2439 551 2480 maxime
581 2439 729 2482 idoneo
761 2439 839 2483 hoc
871 2440 992 2483 docet
1023 2444 1274 2498 argumento
1301 2440 1412 2497 quod
1437 2441 1663 2484 omittendis
1679 2443 1942 2486 6011111116110-

365 2510 490 2552 nibus
521 2523 644 2566 saepe
676 2513 893 2554 venustior
922 2512 1218 2568 robustiorque
1248 2511 1322 2555 fiat
1353 2514 1498 2564 oratio,
1529 2512 1940 2557 6161111111666111106

365 2581 496 2623 bonae
526 2582 615 2637 spei
646 2580 978 2626 adolescentulos
1010 2582 1155 2626 sedulo
1185 2596 1312 2625 suum
1343 2582 1604 2639 pervolvisse
1628 2583 1867 2631 Homerum
1892 2589 1941 2628 ut

366 2666 475 2696 nova
505 2652 603 2695 inde
635 2652 826 2695 afferrent
863 2658 1127 2710 argumenta.
1170 2653 1318 2709 Neque
1349 2655 1493 2697 minus
1522 2654 1655 2698 faceta
1685 2656 1941 2713 otingeniis

367 2723 564 2766 acuendis
604 2723 919 2767 accommodata
960 2725 1061 2767 haec
1093 2728 1157 2767 est
1186 2725 1511 2769 demonstratio:
1547 2725 1627 2777 „de
1654 2726 1938 2779 verbu-(hro.

368 2794 418 2835 de
458 2794 598 2836 verbis
636 2807 742 2850 quae
773 2796 918 2837 stricto
949 2797 1008 2837 616
1039 2796 1315 2838 nominantur
1345 2800 1487 2849 sensu)
1515 2809 1602 2840 11011
1632 2810 1732 2840 vero
1750 2796 1812 2840 de
1843 2810 1940 2840 con·-

366 2865 654 2907 iunctionibus
694 2864 879 2907 dolorem
921 2865 1188 2909 afferentibus
1230 2866 1444 2910 Homerus
1480 2866 1697 2910 interdum
1714 2866 1938 2924 loquitur:

369 2939 541 2990 apparet
572 2948 672 2990 ergo
703 2949 785 2978 non
816 2937 1131 2979 coniunctiones
1162 2950 1283 2979 suam
1315 2938 1396 2979 sibi
1427 2938 1518 2980 vim
1548 2938 1747 2994 praebere
1772 2941 1940 2981 senten-

370 3004 484 3054 tiis’',
517 3003 587 3047 vel
616 3003 714 3047 illa:
752 3007 815 3056 „si
846 3010 1016 3061 propter
1048 3007 1277 3050 orat-ionem
1306 3007 1491 3064 aliquem
1522 3009 1768 3064 scriptorem
1798 3006 1940 3052 lauda-
