2002 3372
911 271 998 322 339

219 398 356 451 5600
400 400 482 447 Dei
528 400 721 447 multum
762 401 917 446 laboris
959 403 1226 445 insumentes
1270 415 1346 459 pro
1387 398 1636 445 hominibus
1679 398 1755 457 qui

156 474 402 522 immortale
443 474 555 519 nihil
599 474 784 518 habeant
825 475 1063 530 comparari
1104 477 1283 531 possunt
1323 487 1425 516 cum
1466 473 1639 516 feminis
1682 474 1757 529 qui

155 545 367 593 Adonidis
407 550 556 591 serunt
600 545 833 602 coluntque
878 544 1086 588 hortulos.
1135 547 1282 602 Aeque
1327 547 1444 588 enim
1485 543 1651 602 puerile
1693 550 1757 587 est

150 618 361 665 ποιεῖσθαι
401 618 525 670 λόγον
565 620 755 661 τοσοῦτον
951 616 1260 670 ἐφημέρους
1309 616 1502 671 ψυχὰς
1549 617 1590 659 ἐν
1636 615 1755 669 σαρκὶ

156 693 343 746 τρυφερᾷ
385 689 457 733 καὶ
500 689 596 740 βίου
628 687 741 743 ῥίζαν
773 688 952 742 ἰσχυρὰν
984 690 1027 732 οὐ
1061 688 1263 742 δεχομένῃ
1294 688 1756 740 βλαστανούσας,

156 759 235 807 εἶτ’
266 761 762 813 ἀποσβεννυμένας
794 761 912 809 εὐθὺς
945 760 1022 803 ὑπὸ
1058 766 1131 811 τῆς
1165 761 1372 813 τυχούσης
1406 759 1667 814 προφάσεως.

217 833 314 878 Non
344 833 614 877 cohaerentia
643 833 747 876 haec
778 833 825 875 in
857 832 1052 876 ordinem
1084 831 1252 889 redegit
1283 831 1352 876 W.
1383 831 1566 890 legendo
1599 829 1757 882 ἐφημέ-

157 921 232 959 ρων
257 907 405 958 ψυχῶν
435 937 446 948 .
465 936 476 948 .
495 937 506 948 .
525 937 536 949 .
562 904 888 956 βλαστανουσῶν
918 935 928 947 .
950 936 959 947 .
980 936 990 947 .
1010 936 1020 947 .
1047 903 1428 955 ὥποσβεννυμένων.
1456 903 1615 947 Sensus
1642 904 1757 946 enim

157 979 247 1022 est:
278 977 445 1034 „inepti
476 975 615 1020 forent
646 975 708 1018 dii
737 977 950 1019 rationem
979 976 1185 1020 habentes
1217 976 1347 1018 unius
1380 975 1465 1018 diei
1497 976 1757 1026 animarum,

158 1049 442 1093 crescentium
482 1049 528 1091 in
560 1046 687 1091 molli
718 1061 843 1091 carne
874 1061 982 1104 quae
1017 1047 1188 1091 firmam
1219 1048 1334 1091 vitae
1365 1046 1552 1090 radicem
1581 1061 1667 1090 non
1698 1060 1759 1090 re-

158 1121 279 1177 cipit,
311 1118 463 1164 deinde
494 1121 643 1162 statim
676 1121 818 1176 prima
848 1133 1017 1176 quaque
1048 1133 1176 1163 causa
1206 1118 1566 1162 intereuntium.’'

152 1310 154 1314 .
221 1265 360 1311 561A
410 1264 492 1321 (De
532 1268 700 1310 animae
741 1268 889 1324 agitur
928 1266 1043 1324 apud
1083 1266 1241 1310 inferos
1285 1265 1544 1324 conditione)
1587 1262 1639 1312 ἃς
1683 1264 1760 1316 μὲν

161 1337 251 1382 ἐκεῖ
285 1339 377 1381 καθ’
419 1338 568 1388 ἑαυτὴν
610 1335 714 1382 οὖσα
757 1337 972 1391 κομίζεται
1014 1342 1092 1381 τῶν
1134 1337 1476 1390 προβεβιωμένων
1513 1335 1696 1390 χάριτας
1736 1335 1759 1385 ἥ

152 1425 279 1458 ,τινος
313 1408 518 1462 κολάσεις,
549 1423 623 1453 eae
654 1409 708 1453 ad
738 1411 934 1455 viventes
965 1424 1050 1454 non
1081 1411 1310 1466 pertinent.

221 1480 360 1535 Quam
384 1480 620 1525 absurdum
646 1481 990 1539 languidumque
1014 1481 1134 1524 istud
1161 1497 1276 1529 τινας
1303 1482 1360 1524 sit
1385 1481 1576 1523 sentiunt
1599 1493 1760 1530 01111166,

161 1567 298 1611 neque
339 1553 453 1597 unde
494 1553 646 1611 pedem
683 1552 769 1596 11116
809 1553 1007 1597 intulerit
1047 1552 1178 1596 latet:
1217 1554 1263 1596 in
1295 1554 1490 1610 margine
1520 1551 1677 1608 aliquis
1708 1550 1761 1594 ad

159 1623 344 1679 χάριτας
377 1625 602 1669 annotavit
632 1624 778 1677 τιμάς,
810 1624 939 1682 idque
971 1627 1222 1681 corruptum
1254 1626 1300 1667 in
1331 1628 1501 1668 textum
1533 1624 1760 1667 aberravit.

223 1771 359 1816 561ss
391 1771 664 1823 „Sententiae
691 1785 812 1815 meae
839 1771 890 1814 de
917 1771 996 1815 deo
1023 1786 1099 1828 per
1123 1775 1314 1829 posteros
1330 1773 1535 1829 puniente
1552 1770 1760 1829 proavos’'

161 1842 422 1887 Plutarchus
463 1844 527 1887 ait
559 1847 748 1895 „certam
779 1857 956 1900 possum
989 1843 1135 1887 afferre
1166 1845 1390 1895 rationem,
1423 1843 1496 1887 sed
1529 1847 1677 1886 metuo
1709 1856 1761 1885 ne

161 1915 344 1973 mythus
383 1928 434 1958 ea
474 1914 597 1959 vobis
637 1914 853 1966 videatur,
894 1915 1002 1967 μόνῳ
1044 1911 1110 1957 οὖν
1151 1919 1319 1968 χρῶμαι
1352 1916 1409 1967 τῷ
1443 1914 1614 1958 εἷκότι”.
1648 1913 1762 1958 Tum

163 1987 315 2030 ceteris
361 1986 675 2030 obtestantibus
722 1989 774 2029 ut
819 1990 962 2030 narret
1008 1986 1216 2044 mythum
1263 1986 1394 2030 illum
1444 1985 1658 2038 „idean”
1702 1987 1763 2029 ait

164 2058 415 2111 ηὶτοδοῦναί
444 2073 500 2109 με
531 2059 587 2111 τῷ
621 2057 733 2112 λόγῳ
766 2059 813 2100 τὸ
846 2057 998 2105 εἰκός”.

225 2128 386 2175 Graeca
412 2131 473 2173 sic
498 2130 633 2174 vertit
658 2131 891 2187 interpres:
922 2131 1096 2187 „itaque
1123 2134 1295 2174 tantum
1320 2133 1420 2174 utar
1439 2128 1761 2187 probabilibns''

163 2205 210 2246 et
228 2203 399 2254 „sinite
430 2215 500 2245 me
529 2201 769 2259 probabilia
799 2201 1042 2259 persequi'’.

223 2273 570 2318 Perversissime:
598 2277 874 2330 opponuntur
898 2275 1011 2317 inter
1038 2288 1083 2317 se
1111 2274 1346 2331 disputatio
1372 2287 1480 2331 quae
1496 2274 1764 2331 argumentis

164 2346 320 2388 nititur
346 2349 390 2388 61
415 2345 598 2402 mythus
624 2346 700 2402 qui
726 2343 910 2388 delectat
935 2345 1236 2389 tantummodo
1253 2349 1381 2403 atque
1396 2345 1500 2389 adeo
1517 2344 1764 2389 delectando

164 2415 391 2474 persuadet
416 2415 703 2460 audientibus.
736 2416 808 2460 Sic
835 2431 938 2474 ergo
967 2417 1053 2460 fere
1080 2422 1180 2460 sunt
1203 2417 1409 2462 vertenda
1432 2416 1622 2470 „ffabula
1643 2417 1763 2460 vobis

164 2488 382 2533 videbitur
424 2487 476 2531 de
517 2487 653 2531 nihilo
695 2487 812 2540 ficta)
845 2503 947 2546 ergo
979 2489 1281 2534 tantummodo
1314 2489 1596 2533 ratiocinabor
1626 2493 1669 2532 et
1701 2503 1765 2532 ar-

165 2561 386 2618 gumentis
417 2557 545 2602 utar''
578 2563 622 2603 et
656 2560 810 2611 „sinite
836 2574 906 2604 me
933 2559 1213 2618 disputationi
1241 2575 1362 2605 meae
1389 2559 1631 2617 persolvere
1657 2574 1764 2617 quae

158 2633 207 2675 >ei
237 2630 369 2676 debeo
399 2630 700 2688 argumenta''.

227 2768 368 2814 561D
408 2769 488 2813 Β10
519 2768 648 2813 deum
681 2767 896 2813 malorum
924 2769 1035 2813 filios
1061 2771 1310 2826 punientem
1339 2782 1439 2812 cum
1464 2769 1629 2812 medico
1654 2783 1762 2813 com·

167 2844 289 2898 parat
318 2842 394 2898 qui
423 2855 510 2884 non
539 2842 686 2898 ipsum
716 2855 898 2898 aegrum
929 2845 1049 2885 curet
1081 2840 1154 2884 sed
1185 2841 1327 2884 filium
1357 2842 1463 2884 eius.
1506 2840 1624 2885 Haec
1655 2855 1765 2884 com-

168 2913 331 2970 paratio
360 2914 520 2969 partim
553 2912 743 2956 diversas
775 2915 964 2956 continet
993 2927 1059 2955 res

229 2982 255 3038 ἦ
285 2983 328 3028 3}
359 2984 563 3038 προσέοικε
591 2986 646 3037 ’τῷ
675 2982 903 3037 ζητουμένῳ
932 2985 978 3026 τὸ
1007 2983 1389 3037 παραβαλλόμενον
1418 2983 1494 3027 ὑπὸ
1522 2987 1594 3027 ’τοῦ
1622 2984 1764 3032 Βίωνος

169 3054 314 3099 ἔλαθεν
345 3055 485 3099 αὐτόν.
