2002 3372
1138 190 1194 233 66
1991 153 2002 250 1

439 311 619 354 Μο1111111
664 326 730 353 1110
777 310 986 366 quondam
1034 310 1158 354 solito
1201 314 1382 355 maiores
1421 313 1581 356 ibidem
1623 314 1766 358 videre
1806 315 1952 360 turbas

377 381 582 438 solitoque
608 384 786 424 maiores
812 381 956 423 audire
984 380 1190 425 clamores
1216 383 1536 440 cachinnosque.
1562 385 1714 437 Anxie,
1731 389 1952 444 tamquam
1998 383 2000 386 ’

376 454 412 494 si
463 454 572 495 vitae
617 454 793 494 instaret
834 451 1092 507 periculum,
1135 452 1388 496 clamantem
1428 454 1703 499 audiebamus
1743 458 1949 501 seniorem

376 523 595 578 quendam,
637 537 658 564 e
701 524 799 578 pagi
841 523 1045 578 patribus,
1088 523 1211 566 fracti
1252 526 1376 567 vitrei
1421 527 1625 582 strepitus
1662 528 1707 569 in
1738 541 1950 585 cauponae

374 592 499 635 fiebat
526 592 749 643 vestibulo,
777 597 1023 648 carpentum
1052 593 1261 645 avolabat,
1289 594 1508 652 flagellum
1535 596 1619 640 huc
1643 596 1746 641 illuc
1761 599 1952 656 agitabat

373 665 591 719 magister.
634 662 742 715 Quid
784 665 897 706 enim
940 664 1099 707 factum
1141 663 1257 708 erat?
1300 666 1366 708 Ad
1398 670 1633 710 mercatum
1661 669 1853 713 rusticus
1876 668 1950 713 ille

373 735 515 789 gravis
559 738 600 775 et
641 734 902 776 venerandus
946 738 1035 777 erat
1075 735 1286 791 profectus
1326 736 1396 779 sed
1438 739 1483 780 in
1515 740 1586 781 via
1617 739 1866 784 substiterat
1895 739 1948 783 ad

372 805 489 846 sitim
531 803 781 860 pellendam.
817 804 896 846 Vix
927 805 1130 861 poculum
1163 807 1358 850 'manibus
1390 809 1558 851 tenebat
1588 823 1688 852 cum
1718 813 1830 854 retro
1858 809 1951 854 flec-

371 878 461 917 tens
508 875 650 918 oculos
690 889 740 918 ex
782 875 954 918 aedibus
996 881 1222 920 exeuntem
1265 884 1429 934 patrem
1471 894 1617 922 meum
1661 882 1864 939 conspicit
1905 885 1948 925 01

373 946 584 997 ,‚domina,
628 947 810 998 domina,
853 946 1021 1003 accipe’'
1064 948 1220 991 clamat
1264 953 1436 1005 „pastor
1478 951 1639 994 venit”.
1682 949 1765 995 Sed
1805 950 1856 994 de
1886 953 1949 994 in-

369 1016 531 1059 dustria
562 1032 648 1060 non
679 1018 797 1060 audit
830 1018 1012 1069 domina,
1046 1018 1232 1062 ludibrio
1266 1020 1418 1063 habere
1448 1020 1666 1064 hominem
1696 1022 1829 1079 cupit.
1866 1021 1949 1075 Qui

369 1087 418 1130 de
457 1088 660 1131 ebibendo
705 1087 855 1144 poculo
890 1102 942 1131 ne
975 1091 1167 1145 cogitans
1199 1090 1371 1145 quidem
1402 1090 1509 1133 illud
1544 1095 1700 1147 quanta
1729 1093 1779 1136 vi
1809 1096 1947 1150 potest

366 1160 410 1200 in
436 1159 579 1213 ipsum
607 1159 750 1201 abiicit
778 1158 1039 1202 vestibulum
1068 1164 1110 1202 01
1136 1160 1347 1203 caballum
1365 1174 1506 1212 suum,
1523 1164 1765 1214 mirantem,
1783 1164 1944 1221 opinor,
2000 1209 2002 1211 ,

366 1232 408 1271 01
438 1230 595 1285 ipsum,
628 1243 730 1272 voce
762 1233 804 1272 et
834 1229 978 1286 flagris
1007 1230 1204 1273 admonet
1230 1234 1280 1273 ut
1306 1246 1418 1275 nunc
1444 1231 1596 1275 saltem
1619 1237 1776 1286 currat,
1802 1246 1946 1291 repere

366 1298 530 1343 solitus.
573 1299 683 1352 Quid
724 1300 872 1343 deinde
912 1303 968 1343 sit
999 1300 1161 1344 factum
1193 1304 1371 1358 quaeris.
1404 1302 1477 1346 Sat
1508 1305 1595 1347 scio
1626 1305 1844 1348 hominem
1875 1304 1945 1348 do-

364 1384 484 1412 mum
530 1385 748 1413 reversum
789 1371 935 1414 eodem
979 1385 1003 1413 a
1043 1376 1161 1428 patre
1201 1387 1296 1415 meo
1328 1373 1516 1417 derisum
1547 1374 1675 1418 modo
1704 1389 1789 1453 quo
1821 1373 1944 1418 disei-

364 1440 517 1496 pulum
549 1456 676 1484 suum
708 1442 855 1484 derisit
886 1441 1096 1498 Diogenes
1126 1442 1199 1486 1110
1232 1443 1524 1488 Plutarcheus.

423 1511 532 1554 8213
575 1513 644 1554 κοιὶ
677 1530 757 1563 μην
789 1515 842 1555 τά
876 1529 928 1563 γε
961 1515 1126 1559 Βίαντος
1162 1514 1230 1556 και*
1265 1516 1465 1568 Πύρρωνος
1497 1517 1540 1559 ού
1573 1521 1772 1570 προκοπῆς
1800 1516 1850 1559 ἄν
1877 1533 1940 1567 τις

362 1583 476 1624 ἀλλὰ
510 1583 685 1636 μείζονος
719 1580 835 1633 ἕξεως
867 1589 1018 1634 σημεῖα
1052 1585 1156 1626 θεῖτο
1189 1586 1255 1626 καὶ
1290 1587 1558 1638 τελειοτέρας.

421 1652 502 1705 Qui
525 1655 580 1695 sit
603 1657 738 1696 status
756 1657 797 1696 et
813 1668 918 1710 quae
935 1655 1123 1698 condicio
1140 1657 1296 1699 mentis
1311 1657 1436 1699 maior
1452 1659 1608 1709 nescio,
1623 1671 1758 1715 neque
1768 1671 1937 1714 quaero.

359 1722 469 1766 Nam
517 1724 640 1767 video
687 1729 935 1781 corruptum
977 1739 1066 1768 esse
1109 1726 1224 1768 istud
1265 1726 1440 1779 μείζονος
1482 1732 1631 1784 utpote
1672 1729 1784 1785 quod
1825 1733 1938 1773 certe

358 1808 455 1836 011111
488 1794 741 1846 τελειοτέρας
772 1795 892 1837 1111110
925 1795 1050 1838 1110ᾶο
1082 1798 1207 1852 iungi
1238 1799 1382 1853 possit.
1426 1797 1616 1841 Secunda
1645 1798 1742 1842 sede
1773 1800 1936 1843 mentio

357 1864 404 1906 fit
437 1868 573 1906 status
595 1865 873 1922 perfectioris,
908 1866 1009 1921 quid
1037 1868 1174 1922 priore
1203 1866 1290 1924 legi
1315 1866 1481 1923 potest?
1511 1867 1571 1911 Ut
1597 1870 1743 1926 opinor
1766 1868 1935 1926 aliquod

357 1935 615 1978 adiectivum
659 1935 769 1992 quod
811 1936 923 1978 idem
964 1936 1175 1993 significet
1215 1938 1286 1980 sed
1317 1938 1467 1990 lenius,
1499 1940 1562 1982 ita
1593 1944 1643 1982 ut
1674 1939 1766 1983 fieri
1796 1941 1930 1997 possit

352 2006 537 2058 yradatio
579 2005 630 2048 ad
673 2007 816 2063 ipsum
857 2005 968 2049 illud
1002 2008 1278 2063 perfectioris.
1322 2008 1433 2051 Illud
1467 2009 1706 2061 „maioris”
1741 2024 1823 2054 non
1855 2015 1934 2064 est,

355 2076 426 2117 sed
459 2079 522 2117 est
554 2075 683 2131 quid?
714 2076 912 2119 Nondum
937 2078 1148 2133 perfectus
1179 2078 1332 2134 aliquis
1364 2083 1442 2130 est,
1475 2080 1545 2123 sed
1577 2084 1722 2123 tamen
1751 2081 1869 2124 iam.
1889 2111 1901 2124 .
1921 2111 1932 2124 .

356 2145 493 2187 melior
524 2159 653 2200 quam
687 2150 736 2188 ut
767 2148 868 2189 satis
899 2149 955 2189 sit
985 2162 1086 2190 eum
1108 2149 1337 2205 profecisse
1369 2149 1516 2193 dicere.
1551 2150 1666 2208 Lege
1697 2164 1798 2208 ergo
1832 2151 1930 2193 ἀλλ’

355 2216 559 2264 ἀμείνονος
593 2231 667 2271 pro
702 2217 815 2259 ἀλλὰ
849 2217 1039 2270 μείζονος.

416 2285 527 2328 83Α
574 2286 716 2329 Etiam
759 2290 920 2331 somnia
963 2292 1150 2332 mentem
1183 2291 1367 2334 hominis
1397 2292 1604 2348 produnt:
1636 2294 1755 2335 ’τοῦτο
1785 2292 1828 2335 δὲ
1862 2292 1931 2335 καὶ

354 2357 530 2398 Πλάτων
579 2357 739 2400 συνιδὼν
784 2358 965 2412 πρότερος
1009 2359 1267 2412 ἐξεμόρφωσε
1313 2361 1380 2404 καὶ
1426 2362 1648 2406 διετύπωσε
1690 2368 1762 2411 τῆς
1805 2363 1930 2416 Φύσει

354 2432 585 2479 τυραννικῆς
632 2431 772 2481 ψυχῆς
823 2431 869 2472 τὸ
918 2433 1198 2481 Φαντκστικὸν
1246 2432 1313 2474 καὶ
1363 2431 1512 2484 ἄλογον
1560 2430 1623 2475 οἷοι
1672 2433 1784 2476 κατὰ
1831 2434 1923 2482 τοὺς

353 2497 497 2545 ὕπνους
531 2499 616 2554 δρᾶ.

412 2569 504 2611 Νο11
536 2570 757 2612 cohaerent
788 2571 901 2614 haec.
934 2571 1016 2614 Sed
1048 2572 1150 2628 quid
1180 2573 1280 2616 fecit
1311 2573 1463 2618 Plato?
1489 2574 1748 2632 Tyrannione
1773 2577 1930 2618 mentis

352 2639 622 2682 adumbravit
662 2642 894 2698 imaginem
938 2642 992 2684 iis
1032 2644 1145 2685 rebus
1186 2659 1280 2686 usus
1322 2659 1425 2701 quas
1469 2648 1672 2702 tyrannus
1702 2646 1748 2687 in
1779 2659 1927 2689 somno

351 2715 576 2765 perpetrat.
611 2711 722 2768 Lege
754 2725 854 2768 ergo
888 2709 943 2759 οἷς
976 2728 1049 2768 pro
1082 2711 1159 2756 οἶοι.
1192 2715 1370 2768 (Μ110111.
1409 2714 1535 2767 1908,
1569 2715 1688 2768 215).

413 2779 468 2821 83
498 2780 533 2821 D
581 2781 861 2836 Lepidissimo
904 2782 1165 2839 lepidissime
1207 2789 1375 2828 narrato
1418 2785 1620 2842 Stilponis
1664 2787 1826 2829 somnio
1868 2787 1928 2829 sic

350 2851 513 2905 pergit:
558 2852 593 2892 si
635 2854 724 2893 tam
763 2851 927 2908 placida
959 2858 1058 2895 sunt
1091 2856 1254 2897 somnia
1286 2859 1423 2897 τοιῦτοι
1457 2861 1527 2904 τῆς
1561 2861 1758 2908 προκοπῆς
1793 2856 1929 2898 ἁπαν·

352 2919 541 2968 γασμούς
577 2936 689 2967 τινας
723 2918 823 2962 εἶναι
856 2921 1036 2972 λέγουσι.
