2002 3372
866 907 1153 963 CAPUT
1195 909 1358 965 XIII.

918 1309 973 1339 DE
1006 1309 1315 1340 GARRULI'JJATE.

381 1458 569 1501 Emersit
595 1473 617 1501 e
643 1458 762 1502 vadis
789 1462 832 1501 et
858 1463 1146 1515 praetervecta
1173 1462 1237 1502 est
1264 1458 1458 1515 scopulos
1484 1458 1716 1514 disputatio
1742 1460 1903 1500 nostra:

321 1533 415 1584 post
450 1531 605 1585 scripta
638 1529 844 1585 quaedam
878 1529 947 1573 vel
977 1529 1114 1573 lacera
1146 1530 1215 1573 vel
1247 1532 1391 1586 spuria
1422 1529 1492 1572 vel
1523 1529 1702 1585 denique
1727 1529 1907 1571 amoeni-

322 1602 422 1642 tatis
466 1599 580 1642 haud
612 1599 803 1642 multum
835 1601 1078 1656 praebentia
1111 1600 1162 1643 ad
1195 1601 1499 1644 suavissimum
1531 1598 1658 1642 illum
1690 1599 1739 1641 de
1761 1612 1906 1653 qarru-

322 1670 437 1712 litate
466 1672 739 1726 pervenimus
771 1670 944 1723 librum,
979 1673 1082 1722 sive,
1114 1675 1164 1712 ut
1195 1673 1430 1714 accuratius
1457 1669 1680 1727 appellem,
1706 1669 1755 1711 de
1778 1668 1906 1711 morbo

322 1740 490 1792 bominis
520 1741 590 1796 qui
616 1741 736 1783 silere
761 1756 838 1783 non
856 1746 1003 1795 potest,
1032 1755 1160 1797 quem
1186 1743 1304 1784 nobis
1331 1741 1510 1784 titulum
1540 1742 1690 1783 statim
1712 1740 1758 1782 in
1782 1739 1907 1781 initio

320 1813 412 1867 ipse
453 1812 749 1854 subministrat
789 1813 979 1867 scriptor,
1017 1812 1092 1854 ubi
1122 1811 1384 1868 lepidissimo
1414 1813 1555 1854 utitur
1585 1808 1790 1854 vocabulo
1821 1809 1908 1850 αἷσι·

323 1882 466 1931 moia.
509 1881 645 1933 Quem
688 1883 724 1936 si
755 1883 850 1937 quis
882 1896 957 1924 sua
990 1882 1097 1925 velit
1130 1896 1275 1925 ornare
1306 1882 1431 1925 laude
1463 1882 1644 1939 dignum
1675 1894 1765 1924 esse
1796 1879 1907 1922 dicat

323 1953 397 2007 qui
437 1966 535 1993 cum
577 1951 686 1994 libro
728 1953 777 1993 de
813 1953 1008 2009 fraterno
1053 1967 1183 1994 amore
1223 1954 1530 2009 coniungatur:
1573 1951 1754 1994 eundem
1792 1951 1906 1993 enim

322 2024 468 2064 statim
509 2022 735 2078 utrobique
777 2024 971 2079 agnoscis
1012 2022 1387 2079 „philosophum'',
1421 2023 1606 2073 doctum,
1639 2020 1905 2078 prudentem,

321 2092 527 2148 lepidum.
570 2093 626 2135 Et
666 2096 809 2136 tamen
843 2092 1004 2149 aliquid
1035 2093 1149 2136 haud
1179 2093 1273 2136 leve
1303 2095 1416 2136 inter
1446 2093 1550 2136 duos
1581 2092 1655 2135 hos
1684 2091 1817 2134 libros
1846 2091 1908 2132 in-

321 2166 465 2205 terest.
511 2162 572 2204 De
614 2163 799 2205 fraterno
841 2177 982 2206 amore
1024 2163 1282 2206 Plutarchus
1324 2165 1492 2220 scripsit
1536 2166 1583 2206 ut
1623 2164 1831 2216 leym-etur,
1863 2163 1907 2203 at

323 2236 465 2275 noster
503 2232 610 2275 liber
651 2233 831 2275 dubium
872 2248 954 2276 non
999 2237 1062 2276 est
1103 2236 1205 2290 quin
1248 2235 1303 2276 sit
1344 2235 1475 2276 oratio
1505 2235 1549 2275 in
1581 2246 1736 2290 magno
1767 2230 1907 2286 aliquo

322 2304 548 2346 hominum
591 2307 803 2347 conventu
844 2304 1002 2346 habita.
1043 2303 1136 2346 Hoc
1168 2307 1218 2346 ut
1247 2295 1437 2359 primum
1469 2303 1752 2346 demonstrem
1780 2299 1907 2344 hosce

324 2373 468 2416 afferre
499 2373 614 2416 locos
646 2373 777 2417 velim
809 2373 1008 2427 (510D):

387 2445 458 2494 „in
497 2443 682 2500 garrulis
723 2445 802 2487 hoc
843 2445 1140 2495 observamus,
1187 2458 1257 2487 eos
1299 2458 1398 2487 cum
1440 2445 1576 2487 amari
1617 2444 1795 2499 cupiunt
1839 2441 1907 2484 sui

324 2529 495 2558 movere
537 2515 696 2566 odium,
740 2530 838 2558 cum
878 2515 1056 2558 iucundi
1100 2529 1188 2558 esse
1231 2515 1384 2558 volunt
1426 2514 1629 2558 molestos
1670 2527 1773 2564 esse,
1806 2527 1903 2570 cum

324 2585 648 2628 admirationem
684 2600 855 2629 movere
888 2586 1028 2636 rideri,
1062 2587 1275 2642 impensas
1307 2586 1442 2628 facere
1474 2587 1563 2628 sine
1595 2583 1683 2628 ullo
1713 2583 1904 2636 1ucro¹):

372 2767 405 2808 1)
437 2766 592 2799 Sicnunc
616 2767 655 2798 do
678 2777 750 2799 cum
774 2768 897 2798 vetusto
922 2766 1110 2809 interprete3
1138 2777 1260 2808 semper
1284 2772 1390 2798 tamen
1414 2766 1524 2798 dubito
1548 2777 1652 2798 annon
1676 2766 1792 2799 rectius
1815 2764 1906 2798 οὐδέν

325 2831 395 2852 cum
425 2820 661 2853 ἀναλίσκουσιν
691 2821 860 2862 iungatur:
898 2821 1040 2852 „lucrum
1071 2821 1192 2852 faciunt
1222 2821 1354 2862 garruli,
1388 2820 1468 2852 nihil
1492 2820 1706 2863 impendentes
1729 2820 1811 2863 ipei'’
1834 2820 1906 2852 h.e.

329 2875 544 2907 -rnmusoulos
568 2876 732 2907 venditant
756 2886 834 2917 quos
857 2875 958 2916 gratis
981 2876 1199 2918 acceperunt”.
1229 2875 1376 2907 Difficilis
1400 2877 1446 2906 est
1468 2875 1565 2917 optio.
1598 2876 1759 2917 Interpres
1782 2876 1905 2917 partem

325 2939 360 2959 ea
383 2929 476 2960 verba
500 2929 575 2961 facit
598 2929 788 2961 iniuriarum
811 2929 923 2971 quibus
941 2933 1034 2962 semet
1051 2930 1133 2971 iquos
1151 2930 1290 2961 afficiunt
1309 2929 1448 2971 garruli3
1469 2929 1496 2960 si
1516 2929 1615 2961 altera
1636 2929 1751 2972 accipis
1771 2929 1905 2967 ratione,

326 2982 438 3014 melius
460 2993 531 3014 cum
554 2983 754 3024 sequentibus
777 2981 927 3015 ἀδικοῦσι
952 2983 1029 3020 τοὺς
1051 2983 1169 3023 φίλους
1191 2983 1379 3025 iunguntur.
