2002 3372
1079 181 1164 225 168

332 319 375 348 66
403 308 446 347 et
472 303 654 348 debilem
682 305 824 346 sentit.
849 302 943 346 Hoc
971 303 1053 346 sibi
1078 303 1247 360 penitus
1273 317 1362 347 esse
1389 317 1638 361 persuasum
1655 303 1910 349 Plutarchus

332 376 407 420 illo
443 375 675 432 proclamat
705 374 813 418 loco.

394 447 459 490 Ad
492 446 684 503 singulos
717 445 830 488 locos
862 459 968 501 quae
1001 449 1200 488 annotem
1233 446 1335 488 11666
1366 449 1490 488 sunt:

397 516 530 560 385ss
563 516 792 566 ἠκούσαμεν
819 517 1052 566 Ἀμμωνίου
1080 516 1150 558 καί
1177 532 1291 558 τινων
1318 514 1455 558 ἄλλων
1484 515 1714 568 διεξιόντων,
1737 515 1912 559 ἐνταῦθα

336 594 410 637 τῆς
443 589 572 636 αὐτῆς
605 588 777 638 ἀπορίας
810 591 884 640 (66.
918 587 968 629 de
999 588 1080 630 isto
1112 589 1166 639 E)
1201 587 1343 644 ὁμοίως
1375 587 1644 636 ἐμπεσούσης.

397 658 578 702 Notetur
610 659 678 701 hic
711 657 1016 702 Plutarcheum
1047 657 1159 700 illud
1190 658 1363 700 ἐνταῦθα
1391 672 1466 714 pro
1494 657 1644 702 ἐνθάδε.
1675 657 1754 701 Est
1778 658 1914 702 enim:

338 730 413 780 hie,
445 729 630 782 Delphis.

402 863 533 907 3850
576 863 835 906 Referuntur
867 864 968 907 haec
1001 864 1221 907 Ammonii
1252 864 1400 907 verba:
1804 912 1808 915 ,

402 936 488 976 ἐπεὶ
523 935 563 976 δὲ
597 937 666 976 τοῦ
699 939 942 987 Φιλοσοφεῖν
976 934 1055 987 ἔφη
1090 935 1133 976 τὸ
1162 935 1296 987 ζητεῖν
1323 934 1368 976 τὸ
1397 934 1618 988 θαυμάζειν
1645 935 1713 979 καὶ
1741 936 1918 990 ἀπορεῖν,

343 1006 505 1054 εἰκότως
532 1007 586 1048 τὰ
617 1006 757 1048 πολλὰ
784 1007 860 1048 τῶν
885 1002 973 1057 ιπερὶ
1003 1007 1068 1049 τὸν
1086 1006 1169 1048 θεὸν
1187 1005 1310 1048 ἔοικεν
1330 1005 1549 1057 αἰνίγμασι
1568 1008 1919 1062 κατακεκρύφθαι,

343 1077 410 1119 καὶ
439 1077 560 1128 λόγον
594 1093 683 1119 τινα
718 1079 914 1119 ποθοῦντα
948 1076 1013 1118 διὰ
1047 1077 1088 1119 τί
1119 1075 1185 1118 καὶ
1223 1075 1491 1119 διδασκαλίαν
1523 1081 1597 1124 τῆς
1625 1077 1779 1126 αἰτίας.

402 1147 588 1205 Egregie
631 1151 673 1191 et
713 1149 797 1204 ipsi
838 1149 1070 1190 sententiae
1112 1151 1155 1190 et
1185 1149 1276 1190 61116
1307 1150 1544 1191 structurae
1575 1149 1792 1204 prospexit
1823 1147 1922 1191 Ber-

344 1219 541 1261 nardakis
585 1219 696 1272 ἀρχή
729 1218 907 1276 legendo
939 1233 1015 1275 pro
1046 1217 1140 1271 ἔφη.
1173 1218 1255 1261 Sed
1287 1218 1456 1261 eaedem
1492 1220 1622 1261 eximi
1652 1219 1801 1263 iubent
1830 1232 1923 1276 par-

347 1289 526 1332 ticulam
559 1290 642 1341 καί,
675 1303 781 1346 quae
813 1303 924 1332 nunc
955 1293 1052 1332 ante
1085 1288 1206 1340 λόγον
1237 1288 1412 1346 legitur.

405 1436 542 1480 386A
582 1437 599 1478 ὂ
637 1437 711 1486 μὲν
743 1433 807 1478 οὖν
840 1435 1069 1486 Ἀμμώνιος
1100 1436 1234 1488 ἡσυχῆ
1269 1435 1549 1487 διεμειδίασεν,
1582 1435 1806 1485 ὑπονοήσας
1837 1435 1920 1492 ἰδίᾳ

349 1509 417 1551 τὸν
459 1507 687 1559 Λαμπρίαν
731 1506 825 1560 δόξῃ
863 1507 1101 1560 κεχρῆσθαι,
1133 1506 1394 1549 πλάττεσθαι
1426 1506 1460 1548 δ’
1493 1507 1668 1558 ἱστορίαν
1700 1506 1768 1548 καὶ
1800 1507 1923 1556 &notu

349 1578 488 1630 ἐτέρων
520 1579 615 1630 πρὸς
648 1580 692 1621 τὸ
725 1578 1004 1620 ἀνυπεύθυνον.

408 1650 576 1692 Passivi
608 1648 727 1691 illius
760 1649 1020 1690 πλάττεσθαι
1054 1648 1261 1690 rationem
1291 1661 1376 1690 non
1403 1648 1633 1704 perspicio;
1661 1649 1699 1691 61
1724 1647 1924 1691 πλάττειν

344 1720 572 1777 legeretur,
613 1720 692 1762 1106
733 1733 878 1761 66611111
920 1719 1174 1761 Ammonius
1213 1718 1392 1761 diceret:
1429 1718 1677 1774 „Lamprias
1706 1721 1846 1763 utitur
1877 1734 1925 1763 60

345 1791 455 1847 quod
496 1792 578 1846 ipsi
618 1791 663 1831 in
705 1794 894 1832 mentem
938 1790 1055 1832 venit
1093 1789 1164 1831 sed
1196 1802 1238 1832 se
1270 1788 1392 1832 fando
1425 1789 1636 1833 audivisse
1665 1789 1841 1833 simulat
1871 1804 1924 1833 ne

346 1863 396 1905 ab
429 1863 520 1918 ipso
551 1862 658 1904 ratio
691 1861 978 1917 reposcatur''.

408 2006 541 2051 3860
586 2006 876 2058 „Vocabulum
916 2005 979 2048 ⁸1³²
1024 2006 1277 2047 Ammonius
1319 2006 1379 2047 ait
1421 2004 1565 2056 ητοίέξιν
1611 2006 1852 2057 ἡγεμονικὴν
1885 2007 1923 2048 ἐν

348 2083 431 2126 τοῖς
465 2078 715 2130 ἐρωτήμασιν
749 2076 836 2129 ἔχει
870 2080 946 2118 τῶν
978 2076 1192 2128 χρωμένων
1221 2075 1417 2118 ἑκάστοτε
1445 2076 1514 2118 καὶ
1541 2076 1923 2128 διαπυνθανομένων,

348 2151 382 2192 εἱ
416 2151 650 2200 νικήσουσιν,
683 2150 714 2191 εἶ
748 2148 1005 2199 γαμήσουσιν
1039 2147 1123 2189 κτὲ.

408 2221 657 2263 Rectissime
693 2219 762 2262 hic
801 2218 1087 2275 Stegmannus
1128 2217 1381 2274 particulam
1423 2218 1494 2260 καί
1535 2217 1660 2269 delet,
1693 2217 1923 2262 dummodo

349 2294 444 2334 ante
478 2295 552 2333 τῶν
585 2290 800 2344 χρωμένων
831 2293 1013 2346 ponatur
1043 2288 1227 2345 virgula.
1259 2287 1505 2344 Sequuntur
1535 2289 1661 2332 haec:

410 2368 493 2410 τοῖς
525 2362 564 2404 δὲ
599 2362 868 2408 διαλεκτικοῖς
901 2360 1059 2413 χαίρειν
1092 2358 1213 2411 ἔλεγε
1246 2363 1371 2411 σοφὸς
1403 2358 1452 2401 ὢν
1486 2359 1503 2401 ὃ
1537 2359 1634 2412 θεός,
1666 2359 1775 2402 οὐδὲν
1799 2360 1927 2410 οἰομέ-

350 2449 426 2480 νοις
467 2434 512 2475 ἐκ
553 2436 622 2475 τοῦ
669 2433 759 2484 ,,εἰ”
805 2432 939 2484 μορίου
982 2431 1049 2472 καὶ
1082 2434 1151 2472 τοῦ
1184 2431 1278 2480 μετ’
1311 2430 1439 2472 αὐτοῦ
1472 2430 1707 2481 ἀξιώματος
1739 2433 1922 2483 πρᾶγμα

348 2504 579 2555 γίγνεσθαι,
623 2504 768 2550 πάσας
810 2504 889 2550 τοὶς
932 2502 1140 2554 ἐρωτήσεις
1184 2501 1528 2553 ὑποτεταγμένας
1569 2501 1695 2554 τούτῳ
1729 2501 1796 2544 καὶ
1830 2506 1920 2544 νοῶν

347 2578 396 2622 ὡς
431 2575 670 2626 πράγματα
705 2574 772 2616 καὶ
808 2575 1076 2625 προσιέμενος.

408 2647 511 2688 Atra
536 2650 658 2688 nocte
685 2645 786 2688 11666
814 2646 1067 2696 obscuriora,
1095 2648 1137 2686 et
1165 2643 1342 2686 fortasse
1367 2644 1550 2699 perfecto
1576 2643 1793 2687 dialectico
1820 2657 1926 2699 opus

345 2720 408 2759 est
435 2717 487 2759 ad
514 2717 615 2759 haec
643 2715 713 2759 vel
740 2715 992 2758 illustranda
1018 2714 1088 2759 vel
1115 2714 1385 2757 emendanda.
1420 2714 1502 2766 Qui
1530 2714 1657 2757 donec
1680 2715 1925 2757 inveniatur

344 2802 423 2843 ego
464 2787 542 2829 hoc
583 2800 793 2842 propono:
837 2800 911 2842 pro
956 2786 999 2827 ἐκ
1031 2785 1202 2841 legatur
1233 2783 1328 2827 ἄνευ
1361 2788 1404 2827 et
1435 2788 1549 2827 totus
1579 2783 1697 2827 locus
1729 2785 1788 2826 sie
1819 2785 1924 2827 6661-

345 2858 511 2912 piatur:
545 2857 753 2899 dialectici
784 2860 937 2912 putant
960 2855 1068 2897 nihil
1093 2870 1174 2896 esse
1200 2856 1286 2907 (οὐκ
1315 2852 1415 2897 εἶναι
1445 2857 1644 2906 πρᾶγμα)
1671 2855 1923 2897 sententiam

346 2927 397 2968 ab
429 2928 462 2968 εἷ
495 2927 744 2983 pendentem
778 2927 859 2967 nisi
891 2928 1066 2967 addatur
1097 2925 1281 2979 apodosis
1314 2924 1426 2977 (ἄνευ
1461 2928 1528 2966 τοῦ
1564 2924 1654 2975 „el”
1687 2924 1822 2976 μορίου
1852 2925 1921 2966 καὶ
