1930 3354
1054 275 1140 320 6¹72

309 400 522 443 habebant
563 398 815 455 philosophi,
855 398 1016 454 quidam
1059 399 1098 441 ἐν
1133 399 1363 455 φιλοσοφΙςι
1394 401 1754 454 παρατρεφόμενοι
1781 402 1886 446 dicti

308 485 398 514 esse
429 470 640 520 videntur,
673 470 705 511 ii
735 470 942 511 nimirum
974 470 1049 525 qui
1079 484 1162 513 non
1189 470 1340 524 τέχνην
1365 473 1438 520 τὴν
1463 472 1720 525 φιλοσοφίαν·
1738 478 1886 531 postea

308 544 445 584 essent
474 540 662 582 habituri
693 539 764 582 sed
798 540 1094 584 tantummodo
1127 540 1289 598 aliquid
1319 542 1417 585 inde
1449 544 1536 586 iam
1568 537 1680 587 nunc
1709 542 1885 588 libaturi

307 610 417 667 quod
443 613 487 653 in
514 612 629 654 vitae
654 613 793 653 essent
819 612 1062 654 conversuri
1089 625 1230 655 usum.
1258 612 1341 656 Sed
1366 614 1410 656 in
1433 628 1560 657 omnes
1574 613 1884 670 quodammodo

304 681 413 723 illud
454 682 652 723 convenit
683 694 851 732 nomen,
884 695 983 724 nam
1013 684 1239 739 praecipua
1269 697 1365 739 pars
1397 684 1659 728 educationis
1687 685 1793 729 hace
1819 690 1884 729 est

305 751 416 807 quod
443 752 676 794 senioribus
703 751 823 794 docte
849 754 1121 809 graviterque
1148 753 1464 810 disputantibus
1490 755 1674 800 assident
1697 757 1883 800 iuniores

302 824 440 878 iisque
479 821 697 865 interdum
740 827 782 866 et
821 837 943 866 suam
975 824 1161 879 proferre
1193 823 1295 868 licet
1327 827 1580 870 sententiam
1610 828 1649 870 si
1677 835 1757 870 res
1778 830 1884 870 trae-

302 896 419 935 tatur
457 895 527 936 cui
576 892 752 936 illorum
795 898 859 936 est
903 898 1016 937 aetas
1059 890 1220 938 idonea.
1265 896 1321 939 Et-
1363 902 1520 953 quanta
1553 897 1779 956 diligentia
1805 898 1882 942 hos

302 963 477 1007 audiant
516 966 745 1021 magistros
786 966 964 1009 iuvenes
1007 980 1219 1022 quamque
1251 981 1322 1010 eos
1354 972 1609 1013 venerentur
1638 973 1682 1013 et
1711 968 1881 1013 aliunde

301 1034 479 1077 discitur
505 1039 547 1077 et
576 1049 628 1078 ex
654 1035 765 1078 hisce
792 1035 895 1078 locis
922 1035 1227 1089 Quaestionum
1254 1037 1576 1084 convivalium:
1602 1039 1651 1084 L.
1668 1039 1731 1083 ΙΙΙ
1749 1051 1813 1096 pr.
1833 1039 1878 1092 ¹73

301 1105 347 1149 L.
378 1105 437 1147 IV
474 1106 615 1158 initio,
656 1105 704 1148 L.
738 1105 800 1148 III
841 1120 903 1162 pr.
940 1107 963 1149 l
1010 1108 1102 1159 (ubi
1142 1109 1332 1160 iuvenes,
1370 1114 1596 1167 postquam
1624 1111 1880 1154 Ammonius

300 1179 364 1219 sat
394 1178 519 1233 gravi
549 1178 736 1220 oratione
763 1191 1011 1220 coronarum
1037 1180 1084 1220 in
1114 1179 1250 1235 epulis
1281 1194 1407 1223 usum
1433 1183 1708 1239 vituperavit,
1734 1190 1880 1226 omnes

299 1261 471 1290 coronas
503 1261 606 1304 quas
635 1249 724 1290 iam
751 1249 881 1305 capiti
908 1249 1064 1292 habent
1089 1250 1310 1306 impositas
1337 1251 1583 1308 deponunt).
1615 1252 1672 1295 Et
1698 1259 1748 1296 ut
1773 1250 1879 1297 s‘cias

297 1318 359 1360 ibi
386 1317 494 1360 utile
517 1317 633 1360 dulci
660 1318 789 1361 fuisse
816 1321 1003 1361 mixtum
1029 1319 1125 1377 lege
1153 1320 1202 1363 L.
1231 1320 1294 1363 IX
1318 1322 1452 1378 probl.
1473 1322 1542 1375 15,
1569 1323 1645 1366 ubi
1669 1321 1879 1380 placentas

297 1388 480 1431 saltandi
520 1391 708 1445 praemia
750 1391 949 1446 proponit
991 1389 1212 1447 Lamprias
1254 1391 1474 1435 Plutarchi
1514 1393 1879 1446 frater-,saltandi

296 1460 582 1515 peritissimus
625 1464 668 1502 et
709 1461 812 1516 ipse.
855 1459 966 1513 Quid
1008 1461 1119 1517 quod
1159 1463 1251 1519 ipsa
1289 1463 1641 1520 philosophorum
1680 1465 1878 1509 couvi-via

296 1543 378 1572 non
420 1529 713 1573 delectationis
756 1531 1052 1574 tantummodo
1098 1531 1285 1575 liberalis
1327 1547 1451 1577 causa
1492 1531 1767 1588 habebantur,-
1804 1535 1877 1578 scd

295 1602 425 1643 etiam
465 1603 769 1658 magistrorum
811 1604 1094 1645 inserviebant
1138 1603 1319 1647 utilitati
1364 1609 1407 1648 et
1453 1605 1762 1649 emolumento:
1808 1606 1877 1650 his

295 1673 408 1714 enim
440 1686 571 1715 novos
603 1672 655 1714 ad
687 1686 730 1715 se
757 1672 924 1716 allicere
952 1673 1142 1716 solebant
1168 1674 1397 1731 discipulos
1423 1675 1781 1732 quemadmodum
1805 1676 1876 1719 hic

294 1742 413 1785 docet
443 1742 559 1786 locus
593 1743 641 1796 Q.
674 1742 720 1787 O.
752 1743 799 1786 L.
828 1743 863 1787 V
910 1758 973 1800 pr.
1008 1743 1034 1786 3
1066 1745 1144 1787 sub
1177 1745 1300 1788 finem
1335 1747 1483 1802 capitis
1516 1746 1568 1791 2·
1600 1747 1797 1797 §selino-‘ev
1809 1744 1874 1791 οὖν

294 1813 389 1861 τοὺς
421 1813 530 1861 νέους
562 1813 647 1856 κτὲ.
1822 1842 1827 1847 ·

352 1883 464 1936 Quin
494 1885 624 1926 etiam
654 1885 838 1926 mentium
868 1885 1053 1936 medicus,
1083 1885 1195 1941 quod
1223 1900 1375 1930 nomen
1405 1901 1516 1931 nunc
1535 1890 1733 1932 arctiore
1745 1892 1871 1933 sensu

290 1958 354 1997 est
396 1954 701 2011 accipiendum,
745 1957 915 2012 egregie
958 1969 1115 1998 munus
1147 1971 1274 1999 snum
1305 1959 1347 2000 in
1379 1970 1455 2001 sua
1485 1962 1650 2016 poterat
1681 1964 1871 2004 exercere

289 2026 439 2080 patria.
470 2024 628 2068 Romae
659 2025 846 2081 quotidie
873 2025 988 2068 sedet
1014 2030 1186 2082 paratus
1213 2027 1266 2069 ad
1294 2030 1434 2071 varias
1461 2031 1675 2073 variorum
1700 2030 1871 2074 audien-

289 2094 362 2137 das
393 2095 597 2151 querelas,
630 2109 730 2138 nam
761 2096 838 2138 hac
872 2110 916 2139 re
949 2111 972 2139 a
999 2097 1120 2140 nobis
1147 2097 1393 2142 differebant
1419 2102 1597 2152 veteres,
1618 2105 1667 2145 ‘et
1691 2101 1868 2145 fortasse

288 2165 408 2207 nobis
450 2166 733 2221 praestabant,
779 2166 891 2222 quod
935 2169 1008 2223 qui
1039 2181 1082 2210 se
1112 2170 1267 2211 mentis
1298 2169 1440 2226 aliquo
1469 2169 1660 2215 laborare
1683 2173 1866 2216 ‘sentiret

287 2239 510 2291 putaretve
537 2237 685 2279 morbo
712 2250 795 2279 non
823 2239 964 2280 minus
991 2237 1236 2281 consulebat
1260 2240 1475 2283 medicum
1501 2254 1629 2298 quam
1656 2244 1730 2299 qui
1755 2256 1866 2286 nunc

288 2320 457 2362 corpore
486 2311 721 2363 aegrotant.
756 2307 914 2360 Quodsi
945 2308 1058 2351 fama
1087 2307 1162 2351 ille
1193 2310 1382 2353 medicus
1412 2311 1866 2364 inclaruerat,'miran-

288 2376 390 2419 dum
431 2392 511 2420 non
555 2382 620 2420 est
659 2380 747 2420 iam
791 2380 930 2434 primo
962 2393 1085 2422 mane
1117 2381 1273 2422 atrium
1305 2383 1395 2424 eius
1426 2381 1602 2438 plenum
1628 2383 1762 2426 ‘fuisse
1792 2383 1865 2427 ho-

286 2449 454 2489 minum
487 2447 698 2491 auxilium
728 2449 779 2491 ab
808 2463 856 2491 eo
880 2451 1117 2505 petentium
1144 2451 1437 2495 consiliumve.
1469 2452 1524 2495 Et
1548 2454 1688 2498 varias
1715 2467 1863 2498 eorum

285 2517 416 2560 fuisse
447 2518 637 2573 querelas
668 2520 753 2561 iam
786 2519 1001 2562 dicebam:
1034 2525 1326 2576 portentorum
1353 2527 1471 2566 metu
1498 2524 1775 2580 torquebatur·
1794 2526 1862 2567 hic

285 2593 329 2630 at
369 2588 443 2631 ille
485 2591 660 2642 mortis3
704 2590 816 2632 hunc
859 2593 1046 2633 muneris
1078 2594 1262 2648 suscepti
1293 2594 1509 2648 premebat
1538 2594 1703 2651 pondus
1733 2594 1861 2638 illum

284 2659 522 2702 macerabat
562 2659 745 2711 invidia;
789 2675 887 2703 cum
930 2663 1122 2718 cognatis
1162 2662 1437 2720 affinibusque
1477 2665 1546 2708 hic
1582 2667 1627 2708 in
1658 2670 1860 2725 perpetuo

284 2730 456 2771 vivebat
497 2728 620 2781 bello,
659 2744 757 2773 suos
787 2733 877 2787 ipse
909 2731 1018 2774 filios
1049 2732 1123 2775 ille
1150 2733 1308 2776 frustra
1339 2734 1607 2779 reconciliare
1639 2736 1858 2780 studebat:

284 2796 374 2841 οἶδα
407 2801 486 2853 (ait
514 2800 772 2843 Plutarchus
804 2803 846 2844 in
878 2801 986 2844 libro
1016 2803 1065 2844 de
1084 2804 1279 2858 fraterno
1306 2819 1434 2847 amore
1458 2820 1492 2849 c.
1521 2804 1549 2848 4
1573 2807 1653 2860 in.)
1680 2807 1856 2858 ἐμαυτὸν

284 2869 322 2910 ἕν
354 2870 486 2923 Ῥώμῃ
528 2870 631 2913 δυοῖν
674 2871 865 2926 ἀδελφῶν
898 2872 1306 2924 ἀναδεξάμενον
1338 2874 1573 2919 δίαιταν.
1613 2875 1730 2920 Num
1761 2876 1855 2920 aliis

283 2940 348 2981 uti
379 2941 519 2983 verbis
552 2939 658 2984 solet
689 2943 876 2998 corporis
906 2942 1095 2986 medicus
1127 2958 1224 2986 cum
1255 2944 1305 2988 de
1336 2960 1411 2988 sua
1438 2945 1627 3002 loquitur
1653 2945 1856 3003 „praxi”?

281 3008 403 3051 Nunc
445 3009 618 3052 demum
659 3011 945 3068 intelligimus
986 3013 1086 3069 quid
1129 3023 1227 3057 nota
1269 3014 1344 3057 illa
1385 3017 1428 3057 in
1467 3016 1552 3058 vita
1584 3016 1853 3060 Damoetaenie
