2002 3372
1079 254 1166 298 600

335 392 512 436 magnae
543 377 694 421 classes
725 390 798 433 per
828 374 938 418 illud
968 388 1064 418 crus
1095 376 1387 432 navigabunt'’
1419 375 1547 431 idque
1576 374 1701 432 plane
1723 376 1904 422 haemo

335 463 450 492 more
492 450 552 491 sic
594 446 801 504 significat
839 443 1061 499 (1078G):
1105 446 1276 489 ἐνταῦθα
1307 446 1434 495 δήπου
1466 445 1534 489 xx)
1566 445 1613 489 τὸ
1646 445 1904 498 θρυλοόρπνον

335 521 374 561 ἐν
415 524 507 565 τοιῖς
549 517 782 570 διατριβαῖς
825 515 1090 568 Ἀρκεσιλάου
1133 517 1275 563 σκέλος
1315 514 1399 566 ἥκει
1433 521 1526 564 ταῖς
1558 516 1907 567 &varimadum-

333 589 474 642 βαῖνον
515 589 648 630 αὐτῶν
690 586 802 637 μετὰ
845 585 1037 637 γέλωτος.
1076 585 1147 639 Et,
1188 590 1238 630 ut
1278 591 1475 643 appareat
1515 600 1687 643 prorsus
1718 586 1905 640 eundem

334 674 423 703 esse
453 660 584 702 nostri
610 662 652 701 et
677 657 775 700 libri
801 658 850 699 de
875 657 1152 712 repuqnantiis
1176 657 1355 701 colorem
1382 665 1726 714 sermonemque‚'
1743 657 1906 703 dham

334 729 597 786 Chrysippus
629 729 874 784 sapientem,
908 728 944 770 si
973 729 1034 770 ita
1064 741 1130 771 res
1160 728 1279 779 ferat,
1306 742 1487 785 regnum
1504 727 1906 785 ‘suscepturunsel

333 802 548 842 victurum
581 813 679 842 cum
710 812 822 854 rege,
856 812 954 841 cum
985 813 1083 855 rege
1114 799 1424 855 expeditionem
1454 799 1681 852 facturum,
1702 799 1906 856 quemad·

332 870 507 913 modum
554 870 699 912 fecerit
742 868 1013 926 Idanthyrses
1060 869 1222 926 Scytha
1266 869 1336 912 vel
1382 870 1522 914 Leuco
1566 869 1788 914 Ponticus.»
1821 869 1907 915 Hic

333 940 470 983 ridens
501 941 726 996 iocansque
756 939 1013 983 Plutarchus
1043 944 1168 997 rogat
1198 939 1333 992 (1043
1347 938 1399 994 G)
1431 941 1464 983 εἰ
1493 971 1504 984 .
1523 971 1534 983 .
1553 940 1794 992 ,ὁμολογεΐ
1811 941 1906 993 βίος

334 1011 468 1064 ανδρὸς
512 1010 598 1065 [καὶ
633 1009 733 1065 del.]
765 1011 1088 1063 ἀπραγμοσύνην
1120 1010 1352 1063 αἱρουμένου
1383 1010 1451 1053 καὶ
1484 1011 1906 1092 daeyovrpaymedvnm

333 1079 426 1124 εἷται
458 1080 808 1134 συνιππαζομένου
841 1081 1032 1129 Σκύθαις.
1728 1119 1730 1121 .
1774 1120 1780 1121 ff
1837 1119 1839 1122 ,

393 1151 463 1194 Sic
502 1153 547 1194 in
584 1155 727 1195 nostro
769 1165 935 1208 quoque
965 1151 1112 1195 libello
1143 1166 1309 1209 semper
1339 1151 1641 1197 absurdissima
1669 1162 1865 1210 quaeque
1883 1164 1907 1198 8

333 1222 474 1265 Stoica
514 1221 637 1279 eligit
673 1224 878 1278 sapientia
909 1235 1015 1278 quae
1048 1222 1248 1274 derideat,
1283 1221 1401 1266 velut
1429 1221 1541 1266 illud
1570 1228 1635 1266 est
1659 1222 1910 1280 quoddieit

333 1292 510 1336 eandem
550 1307 639 1336 esse
680 1294 888 1337 virtutem
926 1294 1314 1349 continentiamque
1344 1294 1436 1336 eius
1465 1295 1541 1350 qui
1569 1292 1908 1350 pulchram‘xir-

333 1365 478 1420 ginem
510 1369 552 1406 et
583 1365 673 1407 eius
706 1365 780 1420 qui
810 1377 940 1406 anum
971 1363 1227 1420 decrepitam
1259 1378 1341 1406 non
1373 1367 1522 1421 tang-at
1553 1364 1766 1418 (1060F).
1789 1365 1908 1422 quod

334 1438 377 1478 et
408 1434 622 1478 deridetur
651 1435 702 1476 de
732 1449 813 1488 rep.
846 1448 888 1490 p.
923 1433 1097 1477 1038F.

394 1506 533 1562 Atque
563 1503 673 1548 nihil
703 1505 878 1548 fortasse
908 1506 953 1547 in
986 1509 1073 1547 tota
1104 1504 1180 1547 illa
1209 1506 1415 1561 sapientia
1446 1508 1510 1548 est
1535 1464 1762 1549 absurdius.
1778 1518 1908 1562 quam

334 1576 512 1633 dogma.
543 1590 742 1632 „corpora
767 1589 856 1619 esse
883 1575 1050 1618 omnia’'
1057 1575 1214 1628 ,Quod
1241 1590 1368 1632 quam
1391 1575 1498 1619 salse
1513 1575 1740 1633 redarguat·
1750 1575 1910 1620 Seneca

334 1646 433 1703 (epl.
470 1646 573 1700 106)
604 1648 802 1690 novimus
833 1660 992 1698 omnes,
1020 1646 1091 1689 sed
1117 1648 1312 1702 quamvis
1338 1648 1482 1689 minus
1507 1645 1908 1703 eleganterssmco

334 1718 488 1760 scribat
529 1716 786 1760 Plutarchus
829 1730 957 1773 quam
999 1717 1154 1760 Seneca
1192 1716 1353 1768 Latine,
1385 1717 1454 1760 hic
1486 1720 1630 1760 tamen
1660 1718 1700 1760 ei
1730 1730 1808 1774 par
1828 1717 1910 1761 ha.-

334 1788 495 1831 bendus
527 1792 591 1831 est
621 1786 756 1840 <1084
768 1786 818 1840 O)
850 1787 1139 1831 demonstrans
1172 1789 1230 1830 sic
1263 1789 1392 1830 etiam
1423 1787 1612 1841 πταρμόν
1642 1787 1910 1844 (aliaqueox

334 1874 383 1902 eo
413 1862 585 1916 genere)
617 1873 706 1902 esse
738 1863 872 1910 σῶμα.

395 1930 586 1986 Denique
626 1943 763 1972 nonne
804 1931 949 1986 ipsum
979 1929 1258 1972 Plutarchum
1290 1929 1488 1972 audimus
1518 1931 1563 1972 111
1593 1929 1662 1973 1118
1687 1927 1909 1983 (10700):

337 2002 571 2057 „genuinas
611 2000 746 2052 nobis,
790 2004 1010 2056 tamquam
1053 1999 1173 2051 filias,
1205 1999 1454 2043 abstrahunt
1483 2000 1676 2043 notiones
1705 1998 1850 2044 Stoici?
1867 2004 1911 2043 et

334 2072 498 2127 spurias
528 2071 772 2123 subiiciunt,
805 2085 957 2127 easque
989 2070 1178 2114 beluinae
1206 2074 1693 2127 portentosasquesquas
1717 2083 1910 2115 amemus

335 2141 675 2198 educemusque''
688 2141 704 2184 ’ἶ
1875 2175 1878 2179 .

394 2213 462 2265 Et,
505 2218 553 2255 ut
594 2212 808 2268 paulisper
849 2212 900 2255 ad
943 2211 1198 2255 Volkmanni
1236 2212 1405 2256 redeam
1437 2212 1732 2264 dubitationem
1763 2211 1910 2256 eedem

335 2285 403 2327 hic
444 2283 796 2340 deprehendimus
840 2287 1089 2326 ornamenta
1131 2297 1237 2340 quae
1279 2297 1444 2339 semper
1474 2282 1704 2326 Plutarcho
1732 2286 1835 2326 811111
1863 2283 1910 2325 111

336 2354 519 2397 deliciis:
553 2369 594 2410 p.
625 2353 782 2398 10650
815 2357 863 2396 ut
893 2353 1056 2397 Socrati
1085 2353 1296 2397 Meletum
1327 2354 1388 2397 sic
1412 2352 1569 2396 Pericli
1595 2354 1769 2410 opponit
1792 2351 1910 2398 Cleo-

334 2439 456 2469 nem:
488 2425 719 2468 Meliorum
745 2427 859 2468 enim
886 2425 1123 2468 carnificem
1149 2426 1283 2467 istum
1309 2428 1351 2467 et
1377 2423 1471 2468 aliis
1495 2423 1599 2468 10018
1624 2423 1738 2468 haud
1763 2425 1910 2481 paucis

335 2501 554 2552 tamquam
594 2500 832 2539 monstrum
873 2495 1131 2539 horrendum
1161 2494 1403 2552 legentibus
1433 2496 1643 2551 proponit,
1676 2495 1821 2538 verius
1849 2507 1911 2537 sn-

335 2568 603 2623 pientiusque
646 2581 773 2623 quam
815 2569 949 2610 nostri
991 2568 1190 2623 temporis
1233 2567 1314 2608 viri
1356 2565 1468 2609 docti
1507 2564 1587 2617 illi,
1624 2565 1780 2622 quibus
1810 2578 1909 2658 prae

336 2651 529 2680 successu
560 2641 603 2679 et
633 2639 821 2693 potentia
851 2639 943 2693 ipsa
974 2637 1113 2680 sordet
1145 2637 1296 2680 virtus.

395 2707 545 2763 Legite
575 2708 684 2750 mihi
715 2706 943 2764 pulchrum
974 2706 1101 2750 illum
1132 2707 1273 2750 locum
1305 2704 1504 2760 (1070A)
1535 2705 1586 2749 de
1615 2706 1726 2749 veris
1750 2675 1909 2762 sapien-

336 2779 450 2820 tibus
483 2792 664 2834 quorum
697 2781 785 2822 vita
815 2793 981 2834 semper
1011 2778 1226 2835 respondit
1255 2778 1409 2828 verbis,
1441 2778 1588 2820 statim
1616 2776 1696 2819 tibi
1725 2778 1770 2819 in
1793 2789 1908 2819 men·

337 2853 421 2890 tem
454 2848 525 2891 ille
557 2851 698 2892 veniet
728 2848 860 2900 locus,
893 2849 1110 2905 pulchrior
1141 2848 1211 2891 sed
1241 2863 1325 2891 non
1352 2849 1490 2904 magis
1515 2846 1810 2898 Plutarcheus,
1837 2847 1908 2889 ad-

336 2933 468 2960 versus
504 2919 660 2962 Coloten
695 2918 808 2962 1117
822 2919 869 2971 E,
903 2918 972 2962 vel
999 2918 1128 2961 illum
1160 2916 1273 2962 1075
1286 2919 1345 2961 A:
1381 2921 1509 2970 „sunt
1539 2917 1713 2960 fortasse
1746 2917 1908 2960 barbari

337 2990 410 3043 qui
449 2987 588 3031 nullos
632 2988 814 3031 habeant
855 2988 965 3040 deos,
1007 2989 1079 3031 sed
1121 2988 1228 3031 nulli
1267 2989 1347 3031 sibi
1380 3001 1568 3044 unquam
1599 2987 1780 3030 mortales
1810 2986 1908 3030 deos
