2002 3372
915 227 1003 272 3¹73

161 353 416 411 -*=·¹D0nique
446 367 530 397 non
557 366 658 396 cum
683 353 778 410 ipso
805 351 1036 396 Plutarcho
1063 352 1134 395 sed
1161 365 1259 395 cum
1288 350 1511 394 Plutarchi
1537 352 1755 394 imitatore

42 415 43 418 Ἰ
128 432 134 437 ”
161 423 232 471 vel
272 425 483 483 discipulo
524 425 646 469 nobis
676 438 743 467 res
775 428 853 476 est,
888 425 962 480 qui
994 425 1144 481 pennis
1177 436 1284 481 quae
1317 424 1474 480 pavoni
1506 422 1755 466 exciderunt

160 496 274 541 uatis
287 496 485 543 ridicule
503 510 548 541 se
579 497 816 540 exornavit.

221 567 359 622 Quam
385 569 638 613 sententiam
666 569 816 624 nequis
841 568 921 611 hoc
946 573 1203 625 argumento
1229 567 1414 611 refutare
1442 569 1617 610 conetur
1643 566 1755 623 quod

161 639 470 684 Meuemachus
513 638 603 691 ille,
650 641 720 683 cui
769 639 992 693 Praecepta
1040 639 1303 694 Reipublicae
1347 639 1550 681 Gerendae
1597 639 1755 694 scripta

159 711 417 764 dntffhaud
458 711 586 755 dubie
628 709 859 754 Sardianus
900 711 1043 763 fuerit,
1077 710 1273 767 quodque
1303 709 1402 753 inde
1433 709 1646 752 discamus
1677 707 1753 751 illo

159 785 355 840 tempore
383 795 434 826 ea
461 782 524 825 ibi
555 782 747 825 evenisse
780 785 954 839 propter
985 795 1092 838 quae
1123 781 1254 824 multi
1283 781 1382 824 inde
1409 780 1555 824 exules
1587 794 1755 837 sparge-

159 857 310 898 rentur
349 867 425 911 per
467 852 704 905 Graeciam,
748 853 828 896 hoc
861 853 978 896 dico:
1010 852 1183 896 libellus
1213 856 1368 904 noster,
1401 854 1475 910 qui
1506 851 1754 895 Plutarchei

158 923 271 968 nihil
312 924 466 968 habeat
507 924 581 968 sed
621 923 762 968 multa
794 938 900 982 quae
933 924 1168 968 Plutarcho
1198 925 1307 967 iram
1341 927 1383 966 et
1413 923 1754 980 indignationem

158 1009 341 1043 novem
360 995 599 1048 debuerint,
632 997 816 1053 scriptus
848 1000 914 1040 est
944 996 997 1039 ab
1031 1010 1081 1040 eo
1112 997 1186 1053 qui
1217 994 1295 1039 illa
1326 995 1546 1050 Praecepta
1577 993 1754 1052 legisset

157 1071 202 1112 et
226 1067 325 1113 inde
355 1081 457 1112 suae
489 1066 901 1112 declamatiunculae
932 1069 1187 1125 sumpsisset
1219 1070 1539 1124 argumentum.

206 1216 313 1274 :Ago
354 1217 443 1260 iam
481 1215 704 1260 videamus
745 1216 896 1273 ecquid
934 1216 1055 1260 nobis
1087 1215 1139 1259 de
1171 1215 1356 1273 sing-ulis
1389 1216 1446 1258 sit
1476 1213 1582 1258 locis
1614 1214 1750 1258 obser-

158 1287 362 1334 vandum.

217 1424 356 1470 699D
376 1425 492 1470 :Non
524 1428 679 1468 natura
709 1438 786 1468 sua
817 1424 900 1468 alia
932 1423 1120 1476 adversa,
1154 1423 1238 1468 alia
1269 1424 1452 1468 secunda
1478 1427 1577 1467 sunt
1606 1424 1677 1468 sed
1704 1439 1752 1468 ea

176 1494 397 1546 *tuaac-oc
424 1497 572 1551 »lam-5
614 1499 755 1551 κοῦφα
799 1497 866 1539 καὶ
910 1497 1047 1549 βαρέα
1091 1496 1160 1538 καὶ
1204 1495 1322 1552 ῥᾳδία
1356 1497 1492 1550 φέρειν
1527 1501 1646 1548 ποιεῖ,
1680 1498 1749 1540 καὶ

157 1569 405 1613 τούναντίον.

217 1640 336 1685 Num
383 1640 634 1684 dubit-amus
681 1641 812 1684 etiam
861 1641 963 1696 quin
1011 1643 1124 1683 recte
1170 1639 1239 1683 καὶ
1282 1640 1416 1692 βαρέα
1462 1639 1751 1698 Stegmannus

155 1711 390 1758 deleverit?
437 1713 504 1756 An
551 1712 784 1770 quidquam
828 1713 1011 1769 cogitari
1054 1715 1194 1768 potest
1236 1712 1349 1769 quod
1391 1714 1652 1755 contrarium
1695 1714 1753 1756 sit

154 1783 420 1840 (τούναντίον)
450 1783 582 1828 simul
614 1784 740 1827 rebus
769 1783 939 1828 levibus
971 1787 1014 1826 et
1045 1782 1285 1841 gravibus?

217 1931 351 1976 599F
393 1930 480 1976 ἔστι
519 1932 560 1975 δὲ
595 1933 664 1975 καὶ
698 1933 908 1986 χρώματα
943 1932 1107 1985 λυπηροὶ
1141 1939 1191 1987 τῇ
1225 1931 1329 1984 ὄψει,
1365 1934 1460 1985 πρὸς
1493 1927 1520 1976 ἃ
1554 1934 1748 1984 γίγνεται

155 2005 492 2060 τὸ’”συγχεῒσθαι
525 2004 595 2047 καὶ
629 2009 864 2058 μαραυγεῖν
897 2005 965 2048 διὰ
998 2003 1260 2057 σκληρότητα
1294 2005 1363 2048 καὶ
1397 2005 1498 2056 βίαν
1531 2007 1712 2049 ἀνίατον.

172 2096 177 2098 ’
214 2070 420 2120 Alienum
461 2075 561 2120 hinc
591 2074 810 2119 ultimum
853 2075 1137 2130 vocabulum;
1171 2080 1346 2120 annotat
1377 2077 1514 2120 editor
1546 2092 1589 2120 se
1621 2076 1750 2120 malle

154 2142 343 2199 ἀνίκητον
368 2147 440 2193 vel
465 2146 654 2201 ἄμαχον,
681 2161 864 2205 quorum
892 2151 1095 2191 neutrum
1120 2148 1204 2192 huc
1227 2148 1419 2206 quadrat.
1449 2148 1581 2192 Unice
1598 2163 1750 2193 verum

155 2218 364 2277 estquod
393 2219 587 2265 Naberus
617 2221 842 2277 proposuit
874 2219 1049 2274 ἀνιαρόν.

190 2365 350 2411 6001?
394 2364 412 2410 ὃ
443 2366 486 2410 δὲ
519 2366 742 2421 Σωκράτης
773 2367 953 2420 βέλτιον,
988 2368 1057 2412 οὐκ
1091 2369 1299 2418 Ἀθηναῖος
1334 2367 1414 2411 οὐδ’
1441 2366 1600 2417 Ἕλλην
1632 2368 1747 2411 ἀλλὰ

155 2437 320 2490 κόσμιος
341 2434 454 2482 dm
487 2437 642 2491 Φῆσας,
675 2439 726 2486 ὣς
759 2436 809 2481 ἄν
841 2454 902 2486 τις
938 2439 1087 2487 Ῥόδιος
1119 2436 1232 2482 εἶπεν
1268 2439 1289 2489 ἢ
1324 2440 1531 2492 Κορίνθιος.

213 2509 351 2554 Verba
381 2510 429 2556 ὥς
465 2507 516 2552 ἄν
549 2524 613 2557 τις
646 2541 656 2553 .
675 2542 685 2554 .
706 2541 715 2553 .
737 2542 746 2553 .
781 2511 973 2562 Κορίνθιος
1006 2511 1296 2569 Stegmannus
1328 2510 1453 2555 delet.
1491 2511 1666 2564 Iniuria,
1701 2514 1750 2554 ut

154 2581 324 2640 opinor:
353 2580 500 2624 decent
525 2580 610 2624 ista
636 2581 868 2638 puerulum
896 2583 1092 2626 acumine
1118 2597 1194 2626 suo
1211 2587 1254 2626 et
1270 2582 1460 2626 doctrina
1475 2581 1748 2640 gloriantem.

155 2651 326 2697 Similia
356 2655 457 2696 sunt
487 2666 594 2709 quae
627 2654 775 2696 statim
807 2653 949 2696 addit:
994 2651 1053 2696 ὅτι
1088 2654 1190 2704 μηδὲ
1226 2654 1387 2707 Σουνίῳ,
1422 2653 1523 2705 μηδὲ
1557 2653 1748 2707 Ταινάρῳ

155 2723 259 2775 μηδὲ
291 2729 374 2772 τοῖς
408 2724 637 2776 Κεραυνίοις
674 2724 897 2767 ἐνέκλεισεν
931 2724 1087 2769 ἑαυτόν.

168 2878 169 2881 ’
205 2859 350 2905 eol-E.
390 2860 490 2905 Sine
516 2862 654 2918 patria
680 2875 804 2904 nemo
830 2862 891 2905 ibi
918 2866 982 2906 est
1009 2862 1084 2906 ubi
1101 2864 1267 2906 victum
1290 2862 1418 2906 habet
1435 2863 1745 2920 quotidianam:

167 2954 172 2960 ·
214 2931 331 2984 μόνον
371 2932 486 2987 ἔχειν
527 2933 592 2975 δεῖ
619 2934 717 2986 πρὸς
750 2933 907 2981 τούτοις
940 2937 1027 2976 νοῦν
1061 2934 1129 2976 καὶ
1165 2934 1363 2986 λογισμὸν
1395 2933 1527 2988 ὥσπερ
1558 2933 1748 2988 ἄγκυραν

153 3004 262 3059 (καὶ)
293 3003 556 3058 κυβερνήτην.
