2002 3372
1069 266 1154 311 326

325 393 435 449 quod
464 391 789 450 tempusanimi
815 389 1150 444 perturbationes
1175 389 1339 446 placent
1365 390 1606 446 sedentque,
1623 394 1767 447 postea
1782 393 1896 434 certo

324 463 466 519 aliquo
506 460 790 505 sustentaculo
831 460 993 502 homini
1036 474 1140 516 opus
1182 465 1244 503 est
1284 461 1394 517 quod
1426 475 1590 518 semper
1617 463 1661 504 in
1693 465 1896 519 promptu

325 534 487 576 habeat.
533 533 643 574 Nam
683 534 934 592 argumenta
974 530 1075 573 licet
1115 530 1198 573 alia
1239 536 1489 588 argumenta
1529 532 1727 575 deiiciant
1757 531 1896 590 profli-

323 608 523 660 gentque,
555 615 690 645 novae
722 601 899 643 subinde
931 606 1113 657 surgunt
1145 601 1442 653 dubitationes,
1475 616 1581 658 quae
1611 604 1786 646 certiore
1811 605 1897 646 sint

323 674 527 731 curandae
569 672 767 715 remedio.
807 671 864 714 Et
904 672 1068 728 mythis
1108 674 1196 714 suis
1228 672 1328 715 adeo
1360 673 1531 715 confidit
1561 672 1816 717 Plutarchus
1847 679 1896 716 ut

322 746 366 786 in
397 746 449 786 iis
481 743 739 799 proferendis
765 741 983 785 Platonico
1008 742 1084 785 illo
1113 758 1196 786 non
1222 748 1419 786 vereat-ur
1445 746 1511 786 uti
1535 744 1726 787 exordio:
1757 745 1896 800 „quod

322 829 430 856 nunc
472 828 567 855 sum
610 813 800 855 dicturus
834 813 912 855 tibi
946 812 1121 856 fortasse
1152 813 1250 856 ficta
1281 814 1496 856 videbitur
1526 814 1680 868 fabula,
1713 819 1758 858 at
1789 815 1896 858 mihi

320 885 564 926 firmissima
606 885 666 926 rei
708 884 758 926 de
796 897 879 939 qua
922 885 1066 940 agitur
1101 884 1271 926 videtur
1312 885 1658 928 demonstratio.''
1701 886 1895 928 Primum

320 956 530 998 convincit
578 955 797 996 hominem
845 958 887 996 et
934 958 1081 1010 pectus
1123 955 1294 1010 quidem
1335 957 1474 1011 magis
1517 957 1730 999 convincit
1769 969 1895 1012 quam

319 1027 540 1076 rationem,
584 1024 732 1067 deinde
776 1023 1066 1080 spectaculum
1106 1026 1145 1066 ei
1177 1026 1296 1080 ponit
1327 1031 1423 1068 ante
1456 1025 1600 1069 oculos
1630 1025 1820 1070 colorum
1850 1026 1896 1069 fi-

317 1109 606 1153 gurarumque
638 1095 826 1150 plenum,
861 1094 970 1150 quod
1002 1094 1122 1137 nulla
1153 1098 1267 1138 aetas
1299 1097 1354 1138 sit
1385 1095 1586 1139 deletura.

378 1166 468 1208 Iam
508 1167 545 1207 si
587 1167 680 1222 quis
716 1179 785 1207 me
818 1168 939 1221 roget
970 1165 1072 1221 quid
1104 1165 1153 1208 de
1185 1165 1260 1208 illo
1291 1166 1399 1209 libro
1430 1165 1734 1211 Chaeronensis
1763 1169 1898 1211 nostri

318 1235 560 1292 philosophi
586 1240 628 1278 et
654 1234 843 1291 theologi
869 1239 958 1277 tam
986 1250 1106 1292 saepe
1131 1235 1315 1287 laudato,
1336 1241 1398 1279 tot
1415 1237 1718 1280 admirantium
1734 1241 1896 1282 versato

319 1307 516 1349 manibus
556 1307 869 1362 mentibusque,
912 1307 1002 1362 ipse
1043 1308 1236 1358 sentiam,
1279 1322 1361 1350 non
1392 1321 1563 1364 possum
1594 1322 1677 1351 non
1709 1308 1899 1352 confiteri

318 1379 457 1433 ipsam
496 1376 616 1420 illam
660 1380 824 1433 partem
869 1390 975 1432 quae
1017 1379 1237 1433 proprium
1279 1378 1404 1420 decus
1435 1383 1477 1422 et
1507 1393 1636 1422 suum
1667 1379 1749 1422 sibi
1778 1393 1897 1422 orna-

320 1452 514 1490 mentum
546 1448 743 1504 praebere
777 1449 857 1491 toti
882 1447 990 1490 libro
1018 1448 1179 1500 debeat,
1208 1449 1411 1506 mythum
1438 1449 1543 1501 dico,
1570 1463 1618 1493 ea
1643 1451 1734 1507 ipsa
1759 1463 1897 1494 carere

325 1520 483 1562 virtute
526 1533 608 1575 qua
649 1533 777 1575 quam
817 1520 1004 1561 maxime
1046 1533 1151 1575 opus
1192 1521 1261 1562 sit.
1304 1520 1419 1562 Mihi
1460 1521 1632 1577 quidem
1672 1521 1741 1564 hic
1780 1521 1896 1564 idem

326 1590 469 1631 evenit
511 1589 623 1645 quod
662 1591 707 1631 in
747 1588 960 1631 similibus
1002 1588 1155 1632 Dantei
1199 1591 1337 1646 operis
1370 1590 1418 1632 fit
1449 1590 1575 1634 locis:
1607 1605 1714 1648 quae
1745 1591 1898 1635 descri-

321 1661 481 1702 buntur
520 1659 654 1702 oculis
691 1661 797 1702 meis
830 1674 914 1702 non
945 1659 1081 1712 video,
1113 1663 1239 1716 atque
1269 1660 1383 1703 idem
1414 1663 1562 1704 ceteris
1595 1662 1792 1706 omnibus
1823 1663 1897 1720 qui

318 1731 430 1796 hunc
476 1730 623 1787 legant
668 1730 828 1773 librum
874 1730 1058 1773 accidere
1104 1733 1308 1787 suspicor.
1358 1732 1516 1784 Quodsi
1562 1732 1675 1776 docti
1715 1733 1897 1776 editores

318 1804 529 1858 pictorum
582 1815 741 1844 munus
786 1803 1066 1857 susceperint,
1118 1802 1296 1844 totidem
1343 1805 1534 1859 suspicor
1580 1803 1748 1847 tabulas
1794 1808 1898 1861 quot

318 1872 523 1914 editiones
555 1871 808 1928 prodituras‚
841 1885 947 1928 quae
977 1886 1122 1914 omnes
1148 1887 1278 1915 unam
1303 1887 1394 1916 rem
1419 1875 1530 1916 inter
1556 1888 1599 1916 se
1626 1887 1896 1918 communem

317 1943 512 1993 habeant,
552 1942 664 1998 quod
704 1941 968 1984 difficultatis
1008 1955 1104 1998 pars
1144 1942 1321 1985 tollatur
1361 1942 1495 1994 nulla,
1533 1943 1578 1986 id
1620 1943 1732 2000 quod
1767 1941 1817 1987 ⁴et
1851 1946 1896 1987 in

318 2012 476 2055 Dantes
508 2013 765 2055 editionibus
796 2012 888 2055 fieri
919 2012 1127 2055 videmus,
1159 2013 1241 2055 Sed
1273 2013 1630 2069 quemadmodum
1661 2014 1804 2071 quivis
1834 2014 1897 2056 in-

317 2086 450 2126 doctus
492 2085 536 2125 in
580 2083 791 2140 praeclaro
832 2082 932 2126 Itali
964 2097 1087 2140 opere
1118 2083 1298 2140 legendo
1330 2086 1383 2126 iis
1411 2085 1516 2140 ipsis
1545 2084 1650 2128 locis
1680 2098 1784 2142 quos
1813 2100 1896 2128 non

243 2208 245 2211 7
316 2153 558 2210 intelligere
605 2168 690 2196 non
731 2155 877 2210 possit,
921 2156 1020 2210 quia
1061 2159 1150 2196 tam
1191 2158 1290 2197 sunt
1331 2154 1547 2210 praeclari,
1587 2155 1681 2198 ideo
1722 2155 1897 2200 fortasse

318 2226 457 2282 magis
505 2226 635 2267 etiam
684 2228 980 2269 commovetur
1027 2226 1125 2281 quia
1172 2227 1283 2267 inter
1323 2225 1514 2268 tenebras
1554 2226 1897 2270 circumiacentes

318 2295 597 2351 umbramque
644 2309 727 2351 qua
768 2296 1031 2352 obteguntur
1073 2295 1228 2338 clarius
1270 2294 1488 2351 splendent
1527 2294 1797 2353 fulgentque,
1837 2298 1897 2340 sic

318 2366 598 2409 Plutarcheus
641 2379 808 2422 quoque
850 2366 1029 2423 mythus
1070 2365 1236 2408 lumina
1279 2365 1484 2422 quaedam
1526 2366 1665 2418 habet,
1706 2380 1812 2422 quae
1843 2366 1896 2410 ob

319 2451 414 2479 eam
454 2450 624 2479 causam
666 2438 804 2493 magis
846 2436 988 2479 oculos
1029 2436 1081 2478 ad
1124 2450 1166 2478 se
1209 2436 1429 2478 attrahunt
1461 2436 1571 2492 quod
1601 2437 1740 2480 vicina
1769 2436 1897 2493 paulo

320 2512 419 2549 sunt
451 2507 703 2550 obscuriora.
736 2507 771 2549 Ε
804 2521 986 2562 quorum
1012 2521 1189 2549 numero
1217 2511 1259 2549 et
1285 2506 1760 2549 honorificentissimum
1785 2507 1896 2550 illud

321 2581 384 2620 est
425 2576 475 2619 de
515 2576 768 2632 Vespasiano
810 2577 1034 2627 iudicium,
1078 2576 1189 2633 quod
1231 2591 1316 2620 uno
1361 2577 1600 2619 continetur
1631 2590 1756 2620 versu
1789 2579 1896 2620 tanti

322 2647 538 2703 ponderis:

500 2719 568 2760 vir
599 2717 682 2759 fuit
713 2717 782 2760 hic
811 2719 964 2768 iustus,
999 2717 1146 2760 morbo
1177 2732 1361 2775 regnum
1392 2721 1520 2761 exuet
1549 2731 1666 2774 ergo.

322 2788 404 2831 Sed
445 2789 639 2844 proprius
679 2788 853 2844 quidam
895 2792 938 2830 et
979 2788 1203 2844 peculiaris
1233 2789 1346 2831 nitor
1377 2790 1487 2831 inest
1516 2787 1801 2845 pulcherrimo
1828 2788 1897 2831 illi

323 2859 372 2901 de
403 2859 566 2900 Nerone
599 2857 703 2910 loco,
737 2858 786 2901 de
818 2873 900 2914 quo
934 2859 1040 2901 hanc
1072 2859 1215 2902 divina
1248 2859 1454 2915 quaedam
1485 2871 1583 2909 vox,
1614 2871 1712 2900 cum
1738 2860 1825 2902 iam
1850 2860 1895 2902 in

323 2943 371 2970 eo
414 2933 510 2970 sunt
551 2928 772 2971 daemones
813 2933 863 2971 ut
902 2930 948 2971 in
987 2929 1239 2972 horrendam
1272 2943 1372 2971 eum
1401 2929 1620 2984 diramque
1650 2933 1897 2972 convertant

323 3000 511 3054 viperam
553 3000 797 3053 pronuntiat
838 3001 1115 3042 sententiam:
1160 3013 1363 3050 „canorus
1406 2999 1479 3041 fiat
1521 2997 1619 3050 ales,
1662 2997 1806 3054 quales
1842 2999 1925 3042 ad-
