2002 3372
1106 222 1190 267 138

353 348 541 387 conatur.
575 344 644 387 Sic
675 347 791 386 totus
821 343 895 387 ille
927 344 1232 397 Quaestionum
1264 345 1554 389 Romanarum
1581 344 1702 398 liber,
1733 346 1931 402 quamvis

351 416 407 457 sit
438 417 652 472 egregius,
685 419 851 471 praeter
881 429 929 457 ea
960 429 1066 471 quae
1093 429 1143 458 ex
1171 416 1265 459 aliis
1292 422 1392 459 sunt
1418 416 1694 472 scriptoribus
1720 420 1931 473 excerpta,

351 485 461 528 nihil
491 486 578 528 fere
609 487 719 527 docet
750 485 821 527 sed
852 484 1101 541 plerumque
1133 487 1427 530 tantummodo

652 555 852 612 prudenti
883 557 1018 598 vitam
1050 556 1224 599 oonsilio
1255 562 1394 600 monet.

411 625 527 678 Quae
557 626 607 669 de
640 626 821 683 singulis
852 625 954 669 loeis
987 627 1206 670 observem
1238 641 1370 684 pauca
1399 630 1511 671 sunt.
1544 627 1786 671 Admodum
1815 628 1931 671 euim

351 698 519 753 integer
550 697 602 739 ad
633 711 708 740 nos
737 696 846 739 liber
875 697 945 739 hie
977 699 1195 753 pervenit:

413 781 454 823 p.
487 764 621 811 2720
653 765 750 810 ὅπου
781 768 865 819 γὰρ
894 768 1212 821 ἀναισχυντοῦσι
1239 768 1438 821 γέροντες,
1466 767 1514 816 ὥς
1541 772 1667 822 φησιν
1692 767 1712 810 ὃ
1739 766 1931 820 Πλάτων,

354 837 512 879 ἐνταῦθ’
545 837 710 888 άνάγκη
744 838 813 880 καὶ
846 838 952 885 νέους
985 839 1389 891 ἀναισχυντοτάτους
1421 836 1538 882 εἶναι.

414 906 550 960 Quam
592 907 730 964 lepide
771 909 839 951 hio
880 910 1088 964 positivus
1120 914 1163 952 et
1194 910 1483 967 superlativus
1514 909 1704 953 eiusdem
1735 908 1934 953 adieetivi

349 980 461 1021 inter
492 993 535 1021 se
567 983 878 1035 opponerentur
896 994 992 1023 -non
1023 980 1134 1023 vidit
1160 983 1234 1037 qui
1258 981 1373 1024 istud
1405 982 1475 1024 καί
1501 981 1686 1024 addidit:
1714 981 1791 1024 ubi
1817 993 1934 1024 senes

350 1053 449 1091 sunt
474 1050 718 1103 impudentes
744 1050 805 1092 ibi
831 1052 1007 1094 iuvenes
1036 1051 1379 1105 impudentissimi.
1409 1052 1518 1095 Nam
1540 1051 1817 1106 praedicatum
1843 1064 1932 1094 esse

350 1121 755 1173 ἀναισχυντοτάτους
798 1118 915 1173 εἶναι,
957 1136 1043 1164 non
1085 1122 1266 1178 simplex
1308 1120 1408 1165 εἶναι
1453 1124 1575 1165 ouius
1606 1123 1846 1165 subiectum
1876 1123 1934 1164 sit

350 1191 453 1238 νέους
499 1192 914 1244 ἀναισχυντοτάτους,
948 1192 1020 1235 sed
1053 1193 1158 1240 νέους
1193 1207 1282 1236 esse
1313 1194 1568 1245 subiectum,
1601 1193 1722 1236 docet
1750 1192 1932 1236 verbum

350 1263 672 1315 ἀναισχυντοῦσι
713 1265 758 1305 in
801 1264 931 1319 priori
974 1264 1190 1307 membro:
1224 1264 1603 1317 ἀναισχυντότατον
1636 1260 1736 1307 εἶναι
1768 1266 1834 1306 est
1862 1275 1933 1306 su-

352 1331 587 1387 perlativus
619 1336 690 1375 τοῦ
725 1334 1028 1386 ἀναισχυντεῖν.

414 1467 548 1510 28ΟΕ
588 1468 654 1510 δια
687 1470 728 1511 τί
760 1468 850 1515 τοὺς
883 1469 1334 1520 ἀπεγνωσμένους
1369 1470 1434 1512 ἐπὶ
1471 1474 1643 1517 κλοπαῖς
1680 1467 1703 1518 ἢ
1734 1468 1930 1517 δουλικοῖς

352 1554 455 1580 τισιν
487 1537 628 1586 ἄλλοις
663 1539 939 1591 ἁμαρτήμασι
973 1541 1305 1593 ,,φουρκίφερας”
1340 1544 1547 1582 καλοῦσιν.

410 1608 639 1664 Receptam
682 1611 869 1665 oportuit
910 1612 1187 1653 certissimam
1231 1610 1552 1668 Wyttenbaohii
1592 1609 1930 1653 emendationem

351 1680 722 1729 κατεγνωσμένους.
766 1680 826 1722 Ea
867 1682 980 1723 enim
1023 1682 1153 1724 fuisse
1195 1683 1342 1737 opinor
1382 1681 1595 1724 Romanos
1625 1680 1849 1737 prudentia
1879 1684 1931 1723 ut

348 1751 620 1792 condemnatos
662 1751 898 1807 ignominia
940 1751 1166 1803 afficerent,
1197 1766 1278 1795 non
1310 1751 1538 1804 absolutos,
1570 1751 1615 1794 id
1647 1755 1711 1794 est
1742 1750 1928 1794 insontes.

407 1894 542 1937 284E
582 1895 663 1947 Qui
696 1895 807 1939 dieat
840 1895 923 1938 diei
956 1900 998 1939 et
1029 1899 1166 1939 noetis
1198 1901 1293 1940 tum
1326 1898 1467 1940 adesse
1498 1898 1672 1940 initium
1704 1910 1805 1940 oum
1834 1911 1929 1940 een-

344 1969 460 2007 trum
504 1965 604 2007 solis
645 1968 789 2023 tangit
831 1968 1104 2018 horizontem,
1150 1968 1263 2011 dicat
1304 1968 1466 2024 aliquid
1508 1968 1620 2024 quod
1652 1967 1808 2011 falsum
1837 1981 1927 2011 esse

344 2038 427 2092 ipsi
469 2036 580 2079 oculi
621 2041 854 2080 testentur:
900 2038 1164 2089 συμβήσεται
1208 2039 1303 2091 γάρ,
1348 2040 1406 2081 ἔτι
1451 2042 1606 2082 πολλοῦ
1648 2039 1787 2091 φωτὸς
1829 2039 1925 2090 ὑπὲρ

348 2112 426 2157 γῆν
468 2106 577 2154 ὄντος
619 2108 686 2149 καὶ
732 2112 800 2150 τοῦ
846 2109 958 2158 ἡλίου
998 2111 1350 2160 καταλάμποντος
1394 2111 1520 2161 ἡμᾶς,
1563 2109 1731 2161 μηδέπω
1773 2109 1925 2163 ἡμέραν

349 2178 563 2228 ὁμολογεῖν
596 2179 693 2220 ἀλλ’
726 2177 783 2220 ἔτι
819 2180 946 2221 νύκτα
981 2177 1096 2222 εἶναι.

408 2248 534 2290 Prius
564 2248 675 2290 illud
707 2247 766 2290 ἔτι
798 2254 872 2292 aut
903 2249 1093 2293 deleatur
1122 2255 1196 2293 aut
1227 2253 1271 2293 in
1305 2250 1374 2299 ἤδη
1409 2253 1614 2293 mutetur.
1634 2251 1738 2294 >Iam
1769 2250 1927 2308 duplex

345 2317 456 2360 illud
489 2318 546 2360 ἔτι
579 2320 798 2375 ingratum
833 2324 875 2363 et
908 2334 958 2363 ex
992 2322 1190 2364 omnibus
1217 2325 1390 2378 apparet
1414 2321 1465 2364 de
1492 2321 1576 2364 diei
1600 2321 1718 2364 initio
1744 2322 1813 2365 hie
1839 2323 1924 2379 agi.

408 2454 542 2497 285ss
584 2455 738 2499 Multis
781 2459 1039 2500 enumeratis
1081 2459 1218 2500 causis
1258 2472 1333 2499 our
1373 2457 1552 2500 Romani
1591 2471 1744 2500 uxores
1783 2471 1927 2500 mense

346 2525 462 2568 Maio
495 2525 645 2569 ducere
677 2527 794 2569 soliti
825 2543 907 2570 non
940 2530 1037 2580 sint‚'
1065 2530 1124 2571 sio
1152 2529 1484 2584 disputationem
1511 2541 1631 2571 suam
1658 2528 1812 2570 claudit
1837 2529 1928 2584 phi-

344 2596 570 2652 losophus:
605 2600 647 2639 οὐ
682 2601 887 2648 γαμοῦσιν
918 2597 981 2641 οὖν
1014 2600 1053 2639 ἐν
1084 2600 1138 2650 τῷ
1172 2598 1308 2651 Μαΐῳ.

411 2667 574 2709 Claudit
612 2669 693 2718 aio,
737 2682 839 2725 ergo
879 2668 1048 2725 legatur
1090 2670 1132 2711 οὐ
1176 2672 1358 2719 γαμοῦσι
1403 2668 1437 2710 δ’
1469 2664 1534 2710 οὖν
1565 2684 1597 2710 ε.
1631 2684 1668 2710 τ.
1701 2674 1788 2712 M.:
1823 2682 1925 2724 quo-

346 2752 510 2794 cunque
551 2738 675 2781 modo
706 2753 754 2781 ea
784 2753 851 2782 res
883 2754 926 2782 se
957 2740 1097 2790 habet,
1131 2753 1275 2782 mense
1305 2739 1422 2782 Maio
1452 2753 1604 2782 uxores
1632 2754 1715 2782 non
1749 2740 1925 2783 ducunt.

408 2878 542 2923 287ss
595 2879 771 2922 Videtur
826 2881 954 2923 huius
1007 2880 1108 2924 libri
1158 2880 1355 2924 librarius
1402 2881 1503 2936 quid
1549 2882 1770 2926 interesset
1815 2884 1926 2926 inter

346 2952 599 3002 γιγνώσκειν,
633 2952 1003 3003 καταγιγνώσκειν,
1038 2951 1360 3001 ἀπογιγνώσκειν
1393 2954 1436 2994 ot
1466 2950 1732 3006 ψηφίζεσθαι,
1763 2953 1925 3007 ἀποψη-
