2002 3372
1944 0 1974 174 l

372 340 549 385 Traiano
581 346 734 398 gestos.
763 341 1021 383 Testimonio
1048 355 1148 398 ergo
1173 341 1281 384 illud
1308 342 1617 398 quodammodo
1644 345 1709 385 est
1733 341 1786 385 ab
1811 345 1948 384 osten·
1991 352 2002 403 11

372 414 529 455 tatione
572 412 754 468 quadam
796 411 957 468 gloriae
1000 426 1099 454 eum
1143 413 1314 455 omnino
1356 427 1438 456 non
1469 413 1601 456 fuisse
1631 412 1841 464 alienum3
1877 411 1950 455 sed
1972 399 2002 461 ἶ]

371 483 472 526 haec
504 485 542 525 61
570 484 753 525 maxima
781 482 909 525 fuisse
938 482 1108 525 videtur
1132 482 1282 539 gloria,
1310 488 1525 539 potentem
1551 483 1696 526 haberi
1723 486 1948 540 patronum
1999 473 2002 525 ἶ

371 556 529 596 artium
570 553 984 609 disciplinarumque.
1027 553 1174 609 Neque
1216 554 1355 601 hercle
1398 560 1448 597 ut
1477 554 1600 598 illam
1633 555 1843 598 obtineret
1871 555 1949 596 im·
2000 565 2002 586 ³

370 626 509 680 pensis
541 626 740 680 pepercit.
774 624 978 680 Legimus
1010 626 1123 666 enim
1156 624 1315 678 (Probl.
1348 623 1480 669 Conv.
1515 625 1548 676 I,
1586 625 1641 668 10
1666 626 1808 677 initio)
1833 623 1952 668 Sera·
1999 615 2002 640 ¹

369 697 550 751 pionem,
583 693 804 736 Plutarchi
837 697 1036 747 amicum,
1070 689 1261 752 opiparas
1293 710 1459 752 parasse
1491 695 1635 752 epulas
1666 699 1834 752 propter
1864 695 1947 738 vic·

368 768 523 808 toriam
565 765 744 807 Athenis
784 770 1040 821 reportatam
1080 768 1124 808 in
1168 781 1301 823 agone
1340 769 1527 819 scenico;
1570 771 1612 822 et
1641 768 1733 810 iure
1762 767 1946 823 paravit,

368 837 549 892 insignis
581 837 694 877 enim
727 835 801 878 illa
832 836 991 879 fuerat:
1024 851 1169 879 omnes
1201 836 1356 893 phylae
1387 838 1552 880 Atticae
1584 837 1659 889 <12
1685 841 1787 880 tunc
1811 838 1948 889 erant)
2001 843 2002 875 1

370 907 420 948 (16
463 920 579 948 more
620 908 732 949 inter
773 921 816 949 se
858 903 1087 958 certabant,
1121 922 1218 958 suos
1250 922 1439 964 quaeque
1472 908 1652 950 habebat
1684 910 1827 964 poetas
1858 919 1950 948 can·
2001 926 2002 958 j

370 981 563 1032 toresque
602 991 754 1033 eosque
797 979 1037 1020 exornabat.
1086 978 1200 1030 Quae
1246 993 1311 1021 res
1357 993 1589 1036 permagna
1634 983 1744 1021 stare
1789 976 1950 1021 solebat

369 1049 558 1103 pecunia.
605 1048 686 1090 Sed
733 1052 834 1090 tunc
881 1039 1173 1104 Philopappus
1222 1053 1357 1091 totam
1405 1063 1496 1092 rem
1537 1052 1775 1105 susceperat
1816 1061 1952 1104 eaque

369 1119 540 1160 functus
581 1122 671 1160 erat
713 1118 930 1174 splendide
975 1120 1294 1176 magnificeque.
1344 1120 1540 1176 „Atque”
1584 1118 1804 1162 Plutarchi
1847 1117 1947 1160 haec

367 1189 496 1231 verba
527 1193 627 1231 sunt
657 1190 811 1244 quibus
843 1194 1061 1245 tamquam
1094 1192 1245 1250 vivum
1279 1195 1374 1232 ante
1407 1189 1548 1233 oculos
1580 1190 1699 1232 nobis
1729 1189 1947 1232 hominem
2001 1183 2002 1247 f

368 1261 487 1316 ponit
529 1261 831 1310 „accumbebat
871 1261 1091 1303 nobiscum
1134 1260 1423 1317 Philopappus
1464 1263 1567 1317 ipse,
1609 1265 1854 1316 nostrasque
1895 1258 1946 1302 de

367 1331 492 1372 rebus
521 1332 669 1386 priscis
701 1331 896 1373 audiebat
926 1333 1187 1374 narrationes
1218 1336 1343 1387 atque
1375 1333 1505 1374 etiam
1531 1333 1622 1387 ipse
1647 1345 1744 1374 suas
1769 1329 1944 1380 addidit,
2001 1321 2002 1366 l

367 1415 450 1443 non
468 1401 779 1455 philanthropia
805 1400 943 1443 solum
971 1401 1123 1444 ductus
1151 1401 1223 1444 sed
1248 1407 1290 1443 et
1315 1401 1500 1444 discendi
1522 1401 1707 1444 amore'ffz
1733 1401 1943 1445 Novimus
2001 1396 2002 1412 ³

367 1473 582 1527 antiquam
628 1471 750 1513 illam
783 1471 1158 1527 philanthropiam,
1192 1485 1298 1527 quae
1329 1474 1374 1514 in
1407 1473 1612 1515 conviviis
1642 1475 1686 1515 et
1715 1473 1763 1514 in
1790 1485 1944 1514 sermo·
2001 1503 2002 1520 ἦ

1132 207 1245 262 34⁴

366 1543 490 1584 nib'us
521 1544 632 1584 inter
662 1541 812 1598 pocula
838 1542 995 1584 habitis
1027 1543 1287 1585 cernebatur.
1320 1542 1655 1598 Philanthropus
1683 1543 1722 1586 is
1749 1546 1842 1585 erat
1870 1541 1945 1597 qui
2001 1559 2002 1590 3

365 1613 518 1656 talium
565 1614 861 1655 conviviorum
903 1613 1063 1655 ferebat
1104 1618 1319 1669 sumptum
1371 1613 1519 1669 quodsi
1559 1615 1772 1670 praetere-a
1812 1612 1943 1655 etiam

365 1685 575 1726 mentium
607 1683 802 1726 afferebat
828 1685 1102 1735 nutrimenta,
1130 1689 1225 1726 tum
1249 1685 1461 1740 insignem
1487 1685 1599 1737 inter
1622 1676 1942 1740 philanthropos

364 1754 580 1796 obtinebat
605 1753 760 1796 locum.
795 1753 911 1796 Num
939 1755 1162 1810 quisquam
1188 1755 1421 1810 excogitari
1447 1757 1585 1809 potest
1610 1754 1749 1809 magis
1763 1747 1941 1802 idoneus

362 1819 499 1866 libelli
529 1827 743 1879 patronus,
775 1826 951 1866 iamiam
982 1826 1026 1866 in
1060 1826 1174 1867 vitae
1200 1824 1340 1867 lucem
1369 1824 1604 1877 emittendi,
1630 1837 1760 1880 quam
1790 1821 1939 1874 „exsul

363 1894 464 1942 rex''
508 1894 605 1947 ille5
653 1909 758 1936 num
799 1894 914 1936 ullus
955 1896 995 1937 ei
1036 1895 1169 1937 honor
1211 1909 1306 1946 esse¹
1342 1896 1481 1950 potuit
1519 1895 1704 1950 optatior
1727 1906 1877 1949 quam·⁴
1893 1894 1938 1936 in

363 1966 501 2020 prima
544 1966 634 2006 eius
673 1966 829 2021 pagina
860 1978 956 2007 suas
987 1964 1130 2021 legere
1161 1963 1334 2007 laudes?
1366 1964 1465 2008 Noli
1495 1969 1638 2008 tamen
1669 1967 1841 2020 propter
1869 1963 1938 2005 ho·

363 2050 509 2078 norem
539 2034 665 2077 illum
696 2035 896 2091 opulento
929 2037 1021 2091 regi
1052 2036 1246 2089 habitum
1279 2036 1322 2084 in
1349 2036 1487 2091 turpis
1512 2033 1765 2089 adulationis
1793 2047 1963 2090 vocare,-

362 2107 522 2148 crimen
564 2104 867 2148 Plutarchum:
911 2107 1105 2161 quamvis
1147 2110 1190 2147 et
1230 2104 1338 2159 libro
1367 2110 1410 2147 et
1441 2107 1531 2147 eius
1563 2106 1951 2161 scriptorigratus-

360 2177 474 2232 regis
501 2176 708 2231 profuerit
734 2178 914 2227 animus,
941 2178 1024 2232 ipsi
1051 2177 1144 2232 regi
1169 2171 1277 2229 liber
1301 2175 1376 2218 ille
1403 2175 1543 2220 multo
1566 2175 1761 2233 prodesse
1776 2178 1950 2231 poteratj

360 2247 513 2302 magis„
543 2246 771 2289 dummodo
796 2245 938 2303 legere
965 2250 1007 2289 et
1033 2251 1267 2303 praecepta,
1295 2260 1401 2302 quae
1426 2247 1487 2298 ibi
1514 2244 1948 2300 dabantur,;fideliter

360 2317 582 2359 observare
619 2316 760 2359 vellet.
805 2317 1041 2359 Admonere
1073 2318 1186 2359 enim
1218 2316 1324 2368 liber
1355 2307 1455 2368 eum
1486 2320 1651 2373 poterat
1681 2315 1940 2372 illiusperi‘-

359 2387 458 2438 culi,
490 2389 560 2430 cui
591 2390 777 2445 maxime
809 2389 978 2445 obnoxii
1010 2391 1108 2442 sunt
1139 2389 1223 2431 viri
1254 2387 1397 2443 quales
1427 2388 1512 2430 fuit
1537 2386 1853 2443 Philopappus:
1884 2399 1950 2440 ne>v

357 2457 591 2514 spolientur
623 2459 673 2500 ab
706 2460 852 2514 amicis
883 2457 1109 2500 simulatis.
1142 2457 1247 2506 Hoc,
1282 2460 1318 2499 si
1348 2459 1452 2500 bene
1483 2457 1763 2506 Plutarchum
1789 2469 1948 2511 meum,

341 2530 472 2589 novi,
516 2530 770 2584 primarium
810 2530 899 2571 eius
941 2529 1025 2571 fuit
1057 2528 1296 2580 consilium,
1331 2542 1413 2584 quo
1443 2528 1603 2572 librum
1634 2522 1760 2573 suum
1792 2525 1949 2581 Philo-.

358 2612 494 2654 pappo
536 2599 746 2642 dedicavit
757 2612 767 2649 ;
812 2595 1157 2655 indignabundus
1202 2598 1392 2654 quotidie
1417 2613 1594 2655 regem.
1615 2597 1758 2651 illum,
1798 2595 1947 2652 laud-is>

358 2673 447 2710 tam
490 2674 774 2726 appetentem,
817 2670 1052 2726 benignum
1095 2669 1222 2711 illum
1266 2672 1472 2712 bonarum
1503 2671 1660 2711 artium
1694 2670 1953 2725 patronum,¹

359 2753 382 2780 a
425 2739 589 2781 callidis
625 2742 863 2797 oppugnari
897 2740 1067 2782 videbat
1098 2739 1402 2792 adulatoribus,
1436 2740 1663 2792 verborum
1693 2736 1952 2791 artificibus,

357 2809 557 2864 sophistis
598 2809 791 2864 denique,
835 2811 907 2865 qui
951 2824 993 2852 se
1035 2811 1205 2865 amicos,
1236 2824 1326 2852 esse
1367 2809 1626 2853 simulabant
1666 2809 1774 2857 eius,
1815 2807 1950 2861 cuius

357 2878 491 2934 regali
523 2879 609 2921 frui
641 2880 866 2935 cupiebant
896 2880 1199 2922 munificentia.
1467 2928 1469 2931 ,
1559 2871 1562 2875 ’
1683 2928 1686 2931 ,
1879 2916 1883 2921 .
1952 2923 1954 2927 ,

417 2948 499 2990 Sed
542 2948 640 2992 licet
684 2949 896 2992 dedicatus
930 2952 1004 2992 uni
1034 2951 1163 2993 fuerit
1195 2952 1284 3003 viro
1315 2950 1650 3010 liber‚kscriptus
1681 2952 1744 2991 est
1763 2961 1831 3003 50,
1854 2960 1935 2989 sor·
1990 2994 1992 3006 ἶ
