<?xml version="1.0" encoding="UTF-8"?>
<!DOCTYPE html PUBLIC "-//W3C//DTD XHTML 1.0 Transitional//EN"
    "http://www.w3.org/TR/xhtml1/DTD/xhtml1-transitional.dtd">
<html xmlns="http://www.w3.org/1999/xhtml" xml:lang="en" lang="en">
 <head>
  <title>
</title>
<meta http-equiv="Content-Type" content="text/html;charset=utf-8" />
  <meta name='ocr-system' content='tesseract 3.04.00' />
  <meta name='ocr-capabilities' content='ocr_page ocr_carea ocr_par ocr_line ocrx_word'/>
</head>
<body>
  <div class='ocr_page' id='page_1' title='image "./deplutarchoscrip00hartuoft_0168.png"; bbox 0 0 2002 3372; ppageno 0'>
   <div class='ocr_carea' id='block_1_1' title="bbox 1068 201 1151 244">
    <p class='ocr_par' dir='ltr' id='par_1_1' title="bbox 1068 201 1151 244">
     <span class='ocr_line' id='line_1_1' title="bbox 1068 201 1151 244; baseline 0 0"><span class='ocrx_word' id='word_1_1' title='bbox 1068 201 1151 244; x_wconf 81' lang='lat'><strong>152</strong></span> 
     </span>
    </p>
   </div>
   <div class='ocr_carea' id='block_1_2' title="bbox 316 323 1908 2710">
    <p class='ocr_par' dir='ltr' id='par_1_2' title="bbox 316 323 1908 2710">
     <span class='ocr_line' id='line_1_2' title="bbox 316 323 1897 381; baseline 0.001 -15"><span class='ocrx_word' id='word_1_2' title='bbox 316 326 523 379; x_wconf 78' lang='lat' dir='ltr'><strong>imposuit</strong></span> <span class='ocrx_word' id='word_1_3' title='bbox 554 338 659 366; x_wconf 90' lang='lat' dir='ltr'><strong>onus</strong></span> <span class='ocrx_word' id='word_1_4' title='bbox 689 327 852 375; x_wconf 86' lang='lat' dir='ltr'><strong>orator;</strong></span> <span class='ocrx_word' id='word_1_5' title='bbox 892 325 1026 366; x_wconf 93' lang='lat' dir='ltr'><strong>immo</strong></span> <span class='ocrx_word' id='word_1_6' title='bbox 1055 325 1146 379; x_wconf 89' lang='lat' dir='ltr'><strong>ipse</strong></span> <span class='ocrx_word' id='word_1_7' title='bbox 1178 323 1428 367; x_wconf 79' lang='lat' dir='ltr'><strong>facultatem</strong></span> <span class='ocrx_word' id='word_1_8' title='bbox 1461 323 1575 366; x_wconf 88' lang='lat' dir='ltr'><strong>dedit</strong></span> <span class='ocrx_word' id='word_1_9' title='bbox 1606 325 1755 381; x_wconf 86' lang='lat' dir='ltr'><strong>peritis</strong></span> <span class='ocrx_word' id='word_1_10' title='bbox 1785 326 1897 368; x_wconf 88' lang='lat' dir='ltr'><strong>inter</strong></span> 
     </span>
     <span class='ocr_line' id='line_1_3' title="bbox 318 394 1897 452; baseline 0.001 -15"><span class='ocrx_word' id='word_1_11' title='bbox 318 395 528 437; x_wconf 81' lang='lat' dir='ltr'><strong>auditores</strong></span> <span class='ocrx_word' id='word_1_12' title='bbox 573 395 622 436; x_wconf 89' lang='lat' dir='ltr'><strong>de</strong></span> <span class='ocrx_word' id='word_1_13' title='bbox 661 399 750 436; x_wconf 89' lang='lat' dir='ltr'><strong>arte</strong></span> <span class='ocrx_word' id='word_1_14' title='bbox 793 397 972 437; x_wconf 91' lang='lat' dir='ltr'><strong>oratoria</strong></span> <span class='ocrx_word' id='word_1_15' title='bbox 1014 394 1226 437; x_wconf 86' lang='lat' dir='ltr'><strong>iudicibus</strong></span> <span class='ocrx_word' id='word_1_16' title='bbox 1259 409 1400 437; x_wconf 90' lang='lat' dir='ltr'><strong>secum</strong></span> <span class='ocrx_word' id='word_1_17' title='bbox 1433 395 1647 438; x_wconf 89' lang='lat' dir='ltr'><strong>statuendi</strong></span> <span class='ocrx_word' id='word_1_18' title='bbox 1676 396 1778 452; x_wconf 89' lang='lat' dir='ltr'><strong>quid</strong></span> <span class='ocrx_word' id='word_1_19' title='bbox 1807 397 1897 439; x_wconf 86' lang='lat' dir='ltr'><strong>iam</strong></span> 
     </span>
     <span class='ocr_line' id='line_1_4' title="bbox 320 465 1899 523; baseline 0.001 -15"><span class='ocrx_word' id='word_1_20' title='bbox 320 466 552 508; x_wconf 90' lang='lat' dir='ltr'><strong>secundum</strong></span> <span class='ocrx_word' id='word_1_21' title='bbox 584 465 702 507; x_wconf 88' lang='lat' dir='ltr'><strong>illius</strong></span> <span class='ocrx_word' id='word_1_22' title='bbox 728 467 831 507; x_wconf 87' lang='lat' dir='ltr'><strong>artis</strong></span> <span class='ocrx_word' id='word_1_23' title='bbox 858 469 1081 520; x_wconf 88' lang='lat' dir='ltr'><strong>praecepta</strong></span> <span class='ocrx_word' id='word_1_24' title='bbox 1109 467 1228 521; x_wconf 92' lang='lat' dir='ltr'><strong>sequi</strong></span> <span class='ocrx_word' id='word_1_25' title='bbox 1255 466 1424 517; x_wconf 87' lang='lat' dir='ltr'><strong>debeat;</strong></span> <span class='ocrx_word' id='word_1_26' title='bbox 1453 479 1558 521; x_wconf 90' lang='lat' dir='ltr'><strong>quos</strong></span> <span class='ocrx_word' id='word_1_27' title='bbox 1583 467 1619 508; x_wconf 90' lang='lat' dir='ltr'><strong>si</strong></span> <span class='ocrx_word' id='word_1_28' title='bbox 1643 468 1899 523; x_wconf 75' lang='lat' dir='ltr'><strong>exspectatio</strong></span> 
     </span>
     <span class='ocr_line' id='line_1_5' title="bbox 320 535 1903 593; baseline 0.002 -16"><span class='ocrx_word' id='word_1_29' title='bbox 320 535 482 587; x_wconf 85' lang='lat' dir='ltr'><strong>fefellit,</strong></span> <span class='ocrx_word' id='word_1_30' title='bbox 517 535 567 577; x_wconf 89' lang='lat' dir='ltr'><strong>de</strong></span> <span class='ocrx_word' id='word_1_31' title='bbox 598 537 774 577; x_wconf 88' lang='lat' dir='ltr'><strong>oratoris</strong></span> <span class='ocrx_word' id='word_1_32' title='bbox 804 535 919 577; x_wconf 88' lang='lat' dir='ltr'><strong>fama</strong></span> <span class='ocrx_word' id='word_1_33' title='bbox 950 540 1095 577; x_wconf 88' lang='lat' dir='ltr'><strong>actum</strong></span> <span class='ocrx_word' id='word_1_34' title='bbox 1128 542 1191 578; x_wconf 87' lang='lat' dir='ltr'><strong>est</strong></span> <span class='ocrx_word' id='word_1_35' title='bbox 1213 535 1258 588; x_wconf 89' lang='lat'><strong>¹).</strong></span> <span class='ocrx_word' id='word_1_36' title='bbox 1291 535 1403 593; x_wconf 84' lang='lat' dir='ltr'><strong>Ergo</strong></span> <span class='ocrx_word' id='word_1_37' title='bbox 1435 541 1485 579; x_wconf 87' lang='lat' dir='ltr'><strong>ut</strong></span> <span class='ocrx_word' id='word_1_38' title='bbox 1514 538 1558 578; x_wconf 90' lang='lat' dir='ltr'><strong>in</strong></span> <span class='ocrx_word' id='word_1_39' title='bbox 1588 535 1698 580; x_wconf 88' lang='lat' dir='ltr'><strong>libro</strong></span> <span class='ocrx_word' id='word_1_40' title='bbox 1729 538 1779 580; x_wconf 79' lang='lat' dir='ltr'><strong>de</strong></span> <span class='ocrx_word' id='word_1_41' title='bbox 1806 537 1903 580; x_wconf 82' lang='lat' dir='ltr'><strong>For-</strong></span> 
     </span>
     <span class='ocr_line' id='line_1_6' title="bbox 322 605 1902 664; baseline 0.002 -17"><span class='ocrx_word' id='word_1_42' title='bbox 322 611 417 647; x_wconf 70' lang='lat' dir='ltr'><strong>tuna</strong></span> <span class='ocrx_word' id='word_1_43' title='bbox 451 611 488 647; x_wconf 76' lang='lat' dir='ltr'><strong>et</strong></span> <span class='ocrx_word' id='word_1_44' title='bbox 529 605 685 647; x_wconf 74' lang='lat' dir='ltr'><strong>Virtute</strong></span> <span class='ocrx_word' id='word_1_45' title='bbox 715 606 990 658; x_wconf 77' lang='lat' dir='ltr'><strong>Romanorum,</strong></span> <span class='ocrx_word' id='word_1_46' title='bbox 1020 608 1078 648; x_wconf 91' lang='lat' dir='ltr'><strong>sic</strong></span> <span class='ocrx_word' id='word_1_47' title='bbox 1104 607 1172 649; x_wconf 92' lang='lat' dir='ltr'><strong>hic</strong></span> <span class='ocrx_word' id='word_1_48' title='bbox 1199 620 1365 662; x_wconf 88' lang='lat' dir='ltr'><strong>quoque</strong></span> <span class='ocrx_word' id='word_1_49' title='bbox 1392 612 1488 650; x_wconf 90' lang='lat' dir='ltr'><strong>ante</strong></span> <span class='ocrx_word' id='word_1_50' title='bbox 1515 609 1658 650; x_wconf 85' lang='lat' dir='ltr'><strong>omnia</strong></span> <span class='ocrx_word' id='word_1_51' title='bbox 1673 608 1902 664; x_wconf 73' lang='lat' dir='ltr'><strong>facundiae</strong></span> 
     </span>
     <span class='ocr_line' id='line_1_7' title="bbox 323 676 1901 735; baseline 0.003 -18"><span class='ocrx_word' id='word_1_52' title='bbox 323 690 427 732; x_wconf 89' lang='lat' dir='ltr'><strong>opus</strong></span> <span class='ocrx_word' id='word_1_53' title='bbox 459 683 523 718; x_wconf 89' lang='lat' dir='ltr'><strong>est</strong></span> <span class='ocrx_word' id='word_1_54' title='bbox 554 676 651 718; x_wconf 91' lang='lat' dir='ltr'><strong>dare</strong></span> <span class='ocrx_word' id='word_1_55' title='bbox 683 676 949 728; x_wconf 88' lang='lat' dir='ltr'><strong>documenta,</strong></span> <span class='ocrx_word' id='word_1_56' title='bbox 983 691 1066 719; x_wconf 88' lang='lat' dir='ltr'><strong>non</strong></span> <span class='ocrx_word' id='word_1_57' title='bbox 1099 682 1188 719; x_wconf 88' lang='lat' dir='ltr'><strong>tam</strong></span> <span class='ocrx_word' id='word_1_58' title='bbox 1219 677 1321 734; x_wconf 91' lang='lat' dir='ltr'><strong>quid</strong></span> <span class='ocrx_word' id='word_1_59' title='bbox 1354 677 1465 720; x_wconf 85' lang='lat' dir='ltr'><strong>dicat</strong></span> <span class='ocrx_word' id='word_1_60' title='bbox 1498 681 1640 721; x_wconf 87' lang='lat' dir='ltr'><strong>orator</strong></span> <span class='ocrx_word' id='word_1_61' title='bbox 1664 691 1792 734; x_wconf 86' lang='lat' dir='ltr'><strong>quam</strong></span> <span class='ocrx_word' id='word_1_62' title='bbox 1817 691 1901 735; x_wconf 87' lang='lat' dir='ltr'><strong>quo</strong></span> 
     </span>
     <span class='ocr_line' id='line_1_8' title="bbox 325 746 1904 806; baseline 0.003 -18"><span class='ocrx_word' id='word_1_63' title='bbox 325 746 448 788; x_wconf 92' lang='lat' dir='ltr'><strong>modo</strong></span> <span class='ocrx_word' id='word_1_64' title='bbox 479 747 590 788; x_wconf 87' lang='lat' dir='ltr'><strong>dicat</strong></span> <span class='ocrx_word' id='word_1_65' title='bbox 622 749 850 802; x_wconf 89' lang='lat' dir='ltr'><strong>quaeritur,</strong></span> <span class='ocrx_word' id='word_1_66' title='bbox 884 750 1023 804; x_wconf 89' lang='lat' dir='ltr'><strong>magis</strong></span> <span class='ocrx_word' id='word_1_67' title='bbox 1054 747 1120 790; x_wconf 89' lang='lat' dir='ltr'><strong>illi</strong></span> <span class='ocrx_word' id='word_1_68' title='bbox 1149 753 1252 790; x_wconf 86' lang='lat' dir='ltr'><strong>sunt</strong></span> <span class='ocrx_word' id='word_1_69' title='bbox 1280 747 1602 804; x_wconf 85' lang='lat' dir='ltr'><strong>permulcendae</strong></span> <span class='ocrx_word' id='word_1_70' title='bbox 1629 763 1751 792; x_wconf 87' lang='lat' dir='ltr'><strong>aures</strong></span> <span class='ocrx_word' id='word_1_71' title='bbox 1774 761 1904 806; x_wconf 87' lang='lat' dir='ltr'><strong>quam</strong></span> 
     </span>
     <span class='ocr_line' id='line_1_9' title="bbox 325 817 1904 875; baseline 0.004 -17"><span class='ocrx_word' id='word_1_72' title='bbox 325 817 531 859; x_wconf 82' lang='lat' dir='ltr'><strong>sanandae</strong></span> <span class='ocrx_word' id='word_1_73' title='bbox 564 822 743 860; x_wconf 82' lang='lat' dir='ltr'><strong>mentes.</strong></span> <span class='ocrx_word' id='word_1_74' title='bbox 775 818 937 861; x_wconf 86' lang='lat' dir='ltr'><strong>Eodem</strong></span> <span class='ocrx_word' id='word_1_75' title='bbox 969 818 1093 862; x_wconf 91' lang='lat' dir='ltr'><strong>modo</strong></span> <span class='ocrx_word' id='word_1_76' title='bbox 1122 833 1165 861; x_wconf 90' lang='lat' dir='ltr'><strong>se</strong></span> <span class='ocrx_word' id='word_1_77' title='bbox 1191 820 1235 860; x_wconf 92' lang='lat' dir='ltr'><strong>in</strong></span> <span class='ocrx_word' id='word_1_78' title='bbox 1262 821 1454 875; x_wconf 84' lang='lat' dir='ltr'><strong>proximo</strong></span> <span class='ocrx_word' id='word_1_79' title='bbox 1480 819 1624 862; x_wconf 90' lang='lat' dir='ltr'><strong>libello</strong></span> <span class='ocrx_word' id='word_1_80' title='bbox 1650 833 1716 863; x_wconf 87' lang='lat' dir='ltr'><strong>res</strong></span> <span class='ocrx_word' id='word_1_81' title='bbox 1741 819 1904 873; x_wconf 78' lang='lat' dir='ltr'><strong>habuit,</strong></span> 
     </span>
     <span class='ocr_line' id='line_1_10' title="bbox 326 888 1903 945; baseline 0.003 -16"><span class='ocrx_word' id='word_1_82' title='bbox 326 888 397 930; x_wconf 87' lang='lat' dir='ltr'><strong>sed</strong></span> <span class='ocrx_word' id='word_1_83' title='bbox 429 889 789 943; x_wconf 87' lang='lat' dir='ltr'><strong>quemadmodum</strong></span> <span class='ocrx_word' id='word_1_84' title='bbox 820 891 907 932; x_wconf 91' lang='lat' dir='ltr'><strong>iam</strong></span> <span class='ocrx_word' id='word_1_85' title='bbox 942 890 1043 937; x_wconf 85' lang='lat' dir='ltr'><strong>dixi,</strong></span> <span class='ocrx_word' id='word_1_86' title='bbox 1079 894 1142 932; x_wconf 90' lang='lat' dir='ltr'><strong>est</strong></span> <span class='ocrx_word' id='word_1_87' title='bbox 1172 890 1378 945; x_wconf 84' lang='lat' dir='ltr'><strong>quaedam</strong></span> <span class='ocrx_word' id='word_1_88' title='bbox 1409 892 1519 933; x_wconf 90' lang='lat' dir='ltr'><strong>inter</strong></span> <span class='ocrx_word' id='word_1_89' title='bbox 1545 890 1668 933; x_wconf 87' lang='lat' dir='ltr'><strong>hosce</strong></span> <span class='ocrx_word' id='word_1_90' title='bbox 1693 895 1738 933; x_wconf 91' lang='lat' dir='ltr'><strong>et</strong></span> <span class='ocrx_word' id='word_1_91' title='bbox 1761 889 1903 942; x_wconf 89' lang='lat' dir='ltr'><strong>illum,</strong></span> 
     </span>
     <span class='ocr_line' id='line_1_11' title="bbox 325 958 1904 1015; baseline 0.002 -14"><span class='ocrx_word' id='word_1_92' title='bbox 325 973 460 1014; x_wconf 90' lang='lat' dir='ltr'><strong>neque</strong></span> <span class='ocrx_word' id='word_1_93' title='bbox 487 973 534 1001; x_wconf 86' lang='lat' dir='ltr'><strong>ea</strong></span> <span class='ocrx_word' id='word_1_94' title='bbox 556 958 676 1011; x_wconf 88' lang='lat' dir='ltr'><strong>levis,</strong></span> <span class='ocrx_word' id='word_1_95' title='bbox 705 960 997 1015; x_wconf 82' lang='lat' dir='ltr'><strong>discrepantia.</strong></span> <span class='ocrx_word' id='word_1_96' title='bbox 1030 959 1174 1003; x_wconf 84' lang='lat' dir='ltr'><strong>Oratio</strong></span> <span class='ocrx_word' id='word_1_97' title='bbox 1191 975 1269 1013; x_wconf 78' lang='lat' dir='ltr'><strong>pro</strong></span> <span class='ocrx_word' id='word_1_98' title='bbox 1295 960 1470 1002; x_wconf 73' lang='lat' dir='ltr'><strong>Fortuna</strong></span> <span class='ocrx_word' id='word_1_99' title='bbox 1495 961 1757 1004; x_wconf 79' lang='lat' dir='ltr'><strong>Romanorum</strong></span> <span class='ocrx_word' id='word_1_100' title='bbox 1776 961 1904 1004; x_wconf 89' lang='lat' dir='ltr'><strong>habet</strong></span> 
     </span>
     <span class='ocr_line' id='line_1_12' title="bbox 328 1029 1905 1085; baseline 0.001 -13"><span class='ocrx_word' id='word_1_101' title='bbox 328 1030 441 1085; x_wconf 91' lang='lat' dir='ltr'><strong>quod</strong></span> <span class='ocrx_word' id='word_1_102' title='bbox 481 1029 807 1072; x_wconf 85' lang='lat' dir='ltr'><strong>admirationem</strong></span> <span class='ocrx_word' id='word_1_103' title='bbox 847 1030 1058 1085; x_wconf 90' lang='lat' dir='ltr'><strong>quandam</strong></span> <span class='ocrx_word' id='word_1_104' title='bbox 1101 1036 1283 1073; x_wconf 90' lang='lat' dir='ltr'><strong>moveat.</strong></span> <span class='ocrx_word' id='word_1_105' title='bbox 1327 1030 1445 1073; x_wconf 86' lang='lat' dir='ltr'><strong>Licet</strong></span> <span class='ocrx_word' id='word_1_106' title='bbox 1485 1033 1596 1073; x_wconf 91' lang='lat' dir='ltr'><strong>enim</strong></span> <span class='ocrx_word' id='word_1_107' title='bbox 1629 1032 1691 1074; x_wconf 89' lang='lat' dir='ltr'><strong>ibi</strong></span> <span class='ocrx_word' id='word_1_108' title='bbox 1720 1030 1905 1074; x_wconf 81' lang='lat' dir='ltr'><strong>Fortuna</strong></span> 
     </span>
     <span class='ocr_line' id='line_1_13' title="bbox 326 1099 1907 1157; baseline 0.001 -14"><span class='ocrx_word' id='word_1_109' title='bbox 326 1115 408 1143; x_wconf 89' lang='lat' dir='ltr'><strong>non</strong></span> <span class='ocrx_word' id='word_1_110' title='bbox 450 1114 570 1142; x_wconf 90' lang='lat' dir='ltr'><strong>caeca</strong></span> <span class='ocrx_word' id='word_1_111' title='bbox 607 1099 684 1142; x_wconf 85' lang='lat' dir='ltr'><strong>illa</strong></span> <span class='ocrx_word' id='word_1_112' title='bbox 721 1101 798 1143; x_wconf 85' lang='lat' dir='ltr'><strong>dea</strong></span> <span class='ocrx_word' id='word_1_113' title='bbox 841 1103 910 1151; x_wconf 90' lang='lat' dir='ltr'><strong>sit,</strong></span> <span class='ocrx_word' id='word_1_114' title='bbox 944 1115 1050 1157; x_wconf 88' lang='lat' dir='ltr'><strong>quae</strong></span> <span class='ocrx_word' id='word_1_115' title='bbox 1092 1115 1158 1143; x_wconf 84' lang='lat' dir='ltr'><strong>res</strong></span> <span class='ocrx_word' id='word_1_116' title='bbox 1201 1101 1407 1144; x_wconf 88' lang='lat' dir='ltr'><strong>humanas</strong></span> <span class='ocrx_word' id='word_1_117' title='bbox 1448 1101 1631 1145; x_wconf 89' lang='lat' dir='ltr'><strong>ludibrio</strong></span> <span class='ocrx_word' id='word_1_118' title='bbox 1662 1102 1802 1155; x_wconf 86' lang='lat' dir='ltr'><strong>habet,</strong></span> <span class='ocrx_word' id='word_1_119' title='bbox 1835 1102 1907 1145; x_wconf 89' lang='lat' dir='ltr'><strong>sed</strong></span> 
     </span>
     <span class='ocr_line' id='line_1_14' title="bbox 328 1170 1905 1228; baseline 0.002 -15"><span class='ocrx_word' id='word_1_120' title='bbox 328 1173 468 1228; x_wconf 87' lang='lat' dir='ltr'><strong>potius</strong></span> <span class='ocrx_word' id='word_1_121' title='bbox 498 1185 656 1212; x_wconf 89' lang='lat' dir='ltr'><strong>numen</strong></span> <span class='ocrx_word' id='word_1_122' title='bbox 688 1170 859 1226; x_wconf 86' lang='lat' dir='ltr'><strong>aliquod</strong></span> <span class='ocrx_word' id='word_1_123' title='bbox 891 1171 1053 1213; x_wconf 76' lang='lat' dir='ltr'><strong>divinae</strong></span> <span class='ocrx_word' id='word_1_124' title='bbox 1070 1172 1350 1225; x_wconf 73' lang='lat' dir='ltr'><strong>providentiae</strong></span> <span class='ocrx_word' id='word_1_125' title='bbox 1375 1172 1489 1215; x_wconf 87' lang='lat' dir='ltr'><strong>haud</strong></span> <span class='ocrx_word' id='word_1_126' title='bbox 1515 1172 1736 1224; x_wconf 87' lang='lat' dir='ltr'><strong>dissimile,</strong></span> <span class='ocrx_word' id='word_1_127' title='bbox 1764 1178 1905 1216; x_wconf 84' lang='lat' dir='ltr'><strong>tamen</strong></span> 
     </span>
     <span class='ocr_line' id='line_1_15' title="bbox 328 1242 1904 1301; baseline 0.001 -16"><span class='ocrx_word' id='word_1_128' title='bbox 328 1257 352 1285; x_wconf 86' lang='lat' dir='ltr'><strong>a</strong></span> <span class='ocrx_word' id='word_1_129' title='bbox 394 1244 498 1292; x_wconf 84' lang='lat' dir='ltr'><strong>viro,</strong></span> <span class='ocrx_word' id='word_1_130' title='bbox 543 1256 671 1297; x_wconf 90' lang='lat' dir='ltr'><strong>quem</strong></span> <span class='ocrx_word' id='word_1_131' title='bbox 713 1244 936 1298; x_wconf 85' lang='lat' dir='ltr'><strong>praecipue</strong></span> <span class='ocrx_word' id='word_1_132' title='bbox 967 1247 1186 1298; x_wconf 90' lang='lat' dir='ltr'><strong>tamquam</strong></span> <span class='ocrx_word' id='word_1_133' title='bbox 1218 1242 1360 1285; x_wconf 91' lang='lat' dir='ltr'><strong>lenem</strong></span> <span class='ocrx_word' id='word_1_134' title='bbox 1393 1243 1464 1286; x_wconf 89' lang='lat' dir='ltr'><strong>sed</strong></span> <span class='ocrx_word' id='word_1_135' title='bbox 1495 1243 1626 1287; x_wconf 86' lang='lat' dir='ltr'><strong>simul</strong></span> <span class='ocrx_word' id='word_1_136' title='bbox 1655 1248 1699 1286; x_wconf 90' lang='lat' dir='ltr'><strong>et</strong></span> <span class='ocrx_word' id='word_1_137' title='bbox 1729 1257 1904 1301; x_wconf 85' lang='lat' dir='ltr'><strong>gravem</strong></span> 
     </span>
     <span class='ocr_line' id='line_1_16' title="bbox 328 1312 1908 1370; baseline 0.001 -15"><span class='ocrx_word' id='word_1_138' title='bbox 328 1314 539 1355; x_wconf 90' lang='lat' dir='ltr'><strong>mentium</strong></span> <span class='ocrx_word' id='word_1_139' title='bbox 570 1312 785 1355; x_wconf 89' lang='lat' dir='ltr'><strong>medicum</strong></span> <span class='ocrx_word' id='word_1_140' title='bbox 817 1314 1075 1368; x_wconf 84' lang='lat' dir='ltr'><strong>suspicimus</strong></span> <span class='ocrx_word' id='word_1_141' title='bbox 1107 1327 1452 1370; x_wconf 87' lang='lat' dir='ltr'><strong>veneramurque,</strong></span> <span class='ocrx_word' id='word_1_142' title='bbox 1487 1314 1593 1357; x_wconf 86' lang='lat' dir='ltr'><strong>hanc</strong></span> <span class='ocrx_word' id='word_1_143' title='bbox 1624 1313 1790 1357; x_wconf 89' lang='lat' dir='ltr'><strong>defendi</strong></span> <span class='ocrx_word' id='word_1_144' title='bbox 1819 1327 1908 1357; x_wconf 89' lang='lat' dir='ltr'><strong>sen-</strong></span> 
     </span>
     <span class='ocr_line' id='line_1_17' title="bbox 329 1382 1908 1441; baseline 0.001 -15"><span class='ocrx_word' id='word_1_145' title='bbox 329 1385 509 1426; x_wconf 87' lang='lat' dir='ltr'><strong>tentiam</strong></span> <span class='ocrx_word' id='word_1_146' title='bbox 539 1382 752 1434; x_wconf 86' lang='lat' dir='ltr'><strong>„Fortuna</strong></span> <span class='ocrx_word' id='word_1_147' title='bbox 783 1398 864 1426; x_wconf 92' lang='lat' dir='ltr'><strong>non</strong></span> <span class='ocrx_word' id='word_1_148' title='bbox 894 1383 1038 1426; x_wconf 87' lang='lat' dir='ltr'><strong>Virtus</strong></span> <span class='ocrx_word' id='word_1_149' title='bbox 1069 1384 1307 1426; x_wconf 89' lang='lat' dir='ltr'><strong>Romanum</strong></span> <span class='ocrx_word' id='word_1_150' title='bbox 1334 1384 1522 1427; x_wconf 86' lang='lat' dir='ltr'><strong>condidit</strong></span> <span class='ocrx_word' id='word_1_151' title='bbox 1545 1385 1804 1441; x_wconf 87' lang='lat' dir='ltr'><strong>imperium”</strong></span> <span class='ocrx_word' id='word_1_152' title='bbox 1834 1386 1908 1428; x_wconf 81' lang='lat' dir='ltr'><strong>vix</strong></span> 
     </span>
     <span class='ocr_line' id='line_1_18' title="bbox 329 1453 1908 1512; baseline 0.002 -16"><span class='ocrx_word' id='word_1_153' title='bbox 329 1468 461 1509; x_wconf 90' lang='lat' dir='ltr'><strong>aequo</strong></span> <span class='ocrx_word' id='word_1_154' title='bbox 503 1454 681 1496; x_wconf 89' lang='lat' dir='ltr'><strong>ferimus</strong></span> <span class='ocrx_word' id='word_1_155' title='bbox 713 1456 868 1504; x_wconf 90' lang='lat' dir='ltr'><strong>animo,</strong></span> <span class='ocrx_word' id='word_1_156' title='bbox 902 1459 1028 1510; x_wconf 87' lang='lat' dir='ltr'><strong>atque</strong></span> <span class='ocrx_word' id='word_1_157' title='bbox 1060 1458 1111 1496; x_wconf 89' lang='lat' dir='ltr'><strong>ut</strong></span> <span class='ocrx_word' id='word_1_158' title='bbox 1141 1459 1283 1496; x_wconf 88' lang='lat' dir='ltr'><strong>tamen</strong></span> <span class='ocrx_word' id='word_1_159' title='bbox 1316 1453 1458 1510; x_wconf 91' lang='lat' dir='ltr'><strong>aliquo</strong></span> <span class='ocrx_word' id='word_1_160' title='bbox 1490 1455 1617 1497; x_wconf 91' lang='lat' dir='ltr'><strong>modo</strong></span> <span class='ocrx_word' id='word_1_161' title='bbox 1648 1454 1908 1512; x_wconf 86' lang='lat' dir='ltr'><strong>explicemus</strong></span> 
     </span>
     <span class='ocr_line' id='line_1_19' title="bbox 327 1524 1907 1583; baseline 0.001 -17"><span class='ocrx_word' id='word_1_162' title='bbox 327 1524 439 1566; x_wconf 87' lang='lat' dir='ltr'><strong>illud</strong></span> <span class='ocrx_word' id='word_1_163' title='bbox 483 1526 759 1580; x_wconf 90' lang='lat' dir='ltr'><strong>potissimum</strong></span> <span class='ocrx_word' id='word_1_164' title='bbox 791 1525 841 1566; x_wconf 88' lang='lat' dir='ltr'><strong>ab</strong></span> <span class='ocrx_word' id='word_1_165' title='bbox 874 1539 921 1567; x_wconf 91' lang='lat' dir='ltr'><strong>eo</strong></span> <span class='ocrx_word' id='word_1_166' title='bbox 953 1524 1137 1566; x_wconf 91' lang='lat' dir='ltr'><strong>electum</strong></span> <span class='ocrx_word' id='word_1_167' title='bbox 1170 1530 1488 1580; x_wconf 87' lang='lat' dir='ltr'><strong>argumentum,</strong></span> <span class='ocrx_word' id='word_1_168' title='bbox 1522 1525 1605 1568; x_wconf 89' lang='lat' dir='ltr'><strong>huc</strong></span> <span class='ocrx_word' id='word_1_169' title='bbox 1636 1525 1907 1583; x_wconf 84' lang='lat' dir='ltr'><strong>confugimus</strong></span> 
     </span>
     <span class='ocr_line' id='line_1_20' title="bbox 328 1595 1906 1648; baseline 0.001 -12"><span class='ocrx_word' id='word_1_170' title='bbox 328 1602 376 1637; x_wconf 89' lang='lat' dir='ltr'><strong>ut</strong></span> <span class='ocrx_word' id='word_1_171' title='bbox 408 1595 597 1637; x_wconf 89' lang='lat' dir='ltr'><strong>dicamus</strong></span> <span class='ocrx_word' id='word_1_172' title='bbox 628 1609 741 1645; x_wconf 90' lang='lat' dir='ltr'><strong>eum,</strong></span> <span class='ocrx_word' id='word_1_173' title='bbox 775 1609 872 1637; x_wconf 90' lang='lat' dir='ltr'><strong>cum</strong></span> <span class='ocrx_word' id='word_1_174' title='bbox 904 1596 1006 1636; x_wconf 73' lang='lat' dir='ltr'><strong>artis</strong></span> <span class='ocrx_word' id='word_1_175' title='bbox 1038 1595 1235 1636; x_wconf 75' lang='lat' dir='ltr'><strong>oratoriae</strong></span> <span class='ocrx_word' id='word_1_176' title='bbox 1266 1595 1363 1637; x_wconf 90' lang='lat' dir='ltr'><strong>dare</strong></span> <span class='ocrx_word' id='word_1_177' title='bbox 1395 1595 1645 1638; x_wconf 87' lang='lat' dir='ltr'><strong>documenta</strong></span> <span class='ocrx_word' id='word_1_178' title='bbox 1676 1595 1820 1648; x_wconf 87' lang='lat' dir='ltr'><strong>vellet,</strong></span> <span class='ocrx_word' id='word_1_179' title='bbox 1844 1597 1906 1638; x_wconf 89' lang='lat' dir='ltr'><strong>in-</strong></span> 
     </span>
     <span class='ocr_line' id='line_1_21' title="bbox 327 1665 1905 1724; baseline 0.002 -17"><span class='ocrx_word' id='word_1_180' title='bbox 327 1665 540 1708; x_wconf 78' lang='lat' dir='ltr'><strong>tellexisse</strong></span> <span class='ocrx_word' id='word_1_181' title='bbox 581 1666 791 1708; x_wconf 92' lang='lat' dir='ltr'><strong>eiusmodi</strong></span> <span class='ocrx_word' id='word_1_182' title='bbox 832 1666 1069 1722; x_wconf 85' lang='lat' dir='ltr'><strong>paradoxon</strong></span> <span class='ocrx_word' id='word_1_183' title='bbox 1111 1666 1371 1708; x_wconf 89' lang='lat' dir='ltr'><strong>uberrimam</strong></span> <span class='ocrx_word' id='word_1_184' title='bbox 1404 1667 1485 1708; x_wconf 91' lang='lat' dir='ltr'><strong>sibi</strong></span> <span class='ocrx_word' id='word_1_185' title='bbox 1518 1666 1714 1722; x_wconf 87' lang='lat' dir='ltr'><strong>praebere</strong></span> <span class='ocrx_word' id='word_1_186' title='bbox 1744 1668 1905 1724; x_wconf 86' lang='lat' dir='ltr'><strong>ingenii</strong></span> 
     </span>
     <span class='ocr_line' id='line_1_22' title="bbox 328 1737 1907 1793; baseline 0.001 -15"><span class='ocrx_word' id='word_1_187' title='bbox 328 1737 565 1779; x_wconf 87' lang='lat' dir='ltr'><strong>ostentandi</strong></span> <span class='ocrx_word' id='word_1_188' title='bbox 605 1739 841 1779; x_wconf 86' lang='lat' dir='ltr'><strong>materiem.</strong></span> <span class='ocrx_word' id='word_1_189' title='bbox 885 1737 941 1779; x_wconf 90' lang='lat' dir='ltr'><strong>At</strong></span> <span class='ocrx_word' id='word_1_190' title='bbox 983 1751 1094 1779; x_wconf 92' lang='lat' dir='ltr'><strong>nunc</strong></span> <span class='ocrx_word' id='word_1_191' title='bbox 1126 1739 1171 1778; x_wconf 91' lang='lat' dir='ltr'><strong>in</strong></span> <span class='ocrx_word' id='word_1_192' title='bbox 1203 1751 1251 1779; x_wconf 92' lang='lat' dir='ltr'><strong>eo</strong></span> <span class='ocrx_word' id='word_1_193' title='bbox 1283 1751 1436 1793; x_wconf 82' lang='lat' dir='ltr'><strong>genere</strong></span> <span class='ocrx_word' id='word_1_194' title='bbox 1467 1739 1555 1779; x_wconf 89' lang='lat' dir='ltr'><strong>iam</strong></span> <span class='ocrx_word' id='word_1_195' title='bbox 1587 1739 1689 1780; x_wconf 86' lang='lat' dir='ltr'><strong>satis</strong></span> <span class='ocrx_word' id='word_1_196' title='bbox 1718 1739 1907 1780; x_wconf 88' lang='lat' dir='ltr'><strong>innotuit</strong></span> 
     </span>
     <span class='ocr_line' id='line_1_23' title="bbox 327 1807 1908 1864; baseline 0.001 -16"><span class='ocrx_word' id='word_1_197' title='bbox 327 1807 621 1863; x_wconf 86' lang='lat' dir='ltr'><strong>inclaruitque,</strong></span> <span class='ocrx_word' id='word_1_198' title='bbox 662 1822 763 1864; x_wconf 89' lang='lat' dir='ltr'><strong>ergo</strong></span> <span class='ocrx_word' id='word_1_199' title='bbox 796 1822 906 1850; x_wconf 91' lang='lat' dir='ltr'><strong>nunc</strong></span> <span class='ocrx_word' id='word_1_200' title='bbox 937 1807 981 1849; x_wconf 91' lang='lat' dir='ltr'><strong>id</strong></span> <span class='ocrx_word' id='word_1_201' title='bbox 1012 1809 1157 1863; x_wconf 88' lang='lat' dir='ltr'><strong>agitur</strong></span> <span class='ocrx_word' id='word_1_202' title='bbox 1189 1814 1237 1849; x_wconf 89' lang='lat' dir='ltr'><strong>ut</strong></span> <span class='ocrx_word' id='word_1_203' title='bbox 1269 1807 1369 1863; x_wconf 92' lang='lat' dir='ltr'><strong>quid</strong></span> <span class='ocrx_word' id='word_1_204' title='bbox 1402 1807 1452 1850; x_wconf 90' lang='lat' dir='ltr'><strong>de</strong></span> <span class='ocrx_word' id='word_1_205' title='bbox 1484 1808 1608 1850; x_wconf 89' lang='lat' dir='ltr'><strong>rebus</strong></span> <span class='ocrx_word' id='word_1_206' title='bbox 1639 1809 1908 1864; x_wconf 86' lang='lat' dir='ltr'><strong>gravissimis</strong></span> 
     </span>
     <span class='ocr_line' id='line_1_24' title="bbox 328 1877 1904 1934; baseline 0.001 -15"><span class='ocrx_word' id='word_1_207' title='bbox 328 1878 509 1920; x_wconf 87' lang='lat' dir='ltr'><strong>disertus</strong></span> <span class='ocrx_word' id='word_1_208' title='bbox 555 1877 628 1920; x_wconf 93' lang='lat' dir='ltr'><strong>ille</strong></span> <span class='ocrx_word' id='word_1_209' title='bbox 670 1881 737 1921; x_wconf 86' lang='lat' dir='ltr'><strong>vir</strong></span> <span class='ocrx_word' id='word_1_210' title='bbox 783 1879 865 1920; x_wconf 90' lang='lat' dir='ltr'><strong>sibi</strong></span> <span class='ocrx_word' id='word_1_211' title='bbox 908 1878 1057 1920; x_wconf 89' lang='lat' dir='ltr'><strong>habeat</strong></span> <span class='ocrx_word' id='word_1_212' title='bbox 1104 1892 1355 1933; x_wconf 88' lang='lat' dir='ltr'><strong>persuasum</strong></span> <span class='ocrx_word' id='word_1_213' title='bbox 1402 1886 1656 1934; x_wconf 86' lang='lat' dir='ltr'><strong>cognoscant</strong></span> <span class='ocrx_word' id='word_1_214' title='bbox 1698 1879 1904 1921; x_wconf 87' lang='lat' dir='ltr'><strong>homines.</strong></span> 
     </span>
     <span class='ocr_line' id='line_1_25' title="bbox 329 1948 1907 1999; baseline 0.001 -9"><span class='ocrx_word' id='word_1_215' title='bbox 329 1948 438 1991; x_wconf 81' lang='lat' dir='ltr'><strong>Sunt</strong></span> <span class='ocrx_word' id='word_1_216' title='bbox 480 1949 686 1999; x_wconf 75' lang='grc' dir='ltr'><em>ἐπιδείξεις</em></span> <span class='ocrx_word' id='word_1_217' title='bbox 729 1948 865 1991; x_wconf 88' lang='lat' dir='ltr'><strong>libelli</strong></span> <span class='ocrx_word' id='word_1_218' title='bbox 904 1949 954 1991; x_wconf 92' lang='lat' dir='ltr'><strong>de</strong></span> <span class='ocrx_word' id='word_1_219' title='bbox 986 1948 1221 1991; x_wconf 78' lang='lat' dir='ltr'><strong>Alexandro</strong></span> <span class='ocrx_word' id='word_1_220' title='bbox 1253 1950 1359 1991; x_wconf 90' lang='lat' dir='ltr'><strong>item</strong></span> <span class='ocrx_word' id='word_1_221' title='bbox 1391 1952 1440 1990; x_wconf 89' lang='lat' dir='ltr'><strong>ut</strong></span> <span class='ocrx_word' id='word_1_222' title='bbox 1473 1950 1605 1991; x_wconf 90' lang='lat' dir='ltr'><strong>oratio</strong></span> <span class='ocrx_word' id='word_1_223' title='bbox 1637 1949 1688 1992; x_wconf 89' lang='lat' dir='ltr'><strong>de</strong></span> <span class='ocrx_word' id='word_1_224' title='bbox 1720 1948 1907 1992; x_wconf 83' lang='lat' dir='ltr'><strong>Fortuna</strong></span> 
     </span>
     <span class='ocr_line' id='line_1_26' title="bbox 329 2019 1906 2076; baseline 0.001 -15"><span class='ocrx_word' id='word_1_225' title='bbox 329 2019 629 2071; x_wconf 86' lang='lat' dir='ltr'><strong>Romanorum,</strong></span> <span class='ocrx_word' id='word_1_226' title='bbox 663 2019 733 2062; x_wconf 91' lang='lat' dir='ltr'><strong>sed</strong></span> <span class='ocrx_word' id='word_1_227' title='bbox 764 2019 902 2062; x_wconf 89' lang='lat' dir='ltr'><strong>multo</strong></span> <span class='ocrx_word' id='word_1_228' title='bbox 931 2021 1073 2061; x_wconf 89' lang='lat' dir='ltr'><strong>minus</strong></span> <span class='ocrx_word' id='word_1_229' title='bbox 1104 2024 1167 2062; x_wconf 91' lang='lat' dir='ltr'><strong>est</strong></span> <span class='ocrx_word' id='word_1_230' title='bbox 1193 2033 1339 2062; x_wconf 91' lang='lat' dir='ltr'><strong>eorum</strong></span> <span class='ocrx_word' id='word_1_231' title='bbox 1366 2019 1506 2061; x_wconf 90' lang='lat' dir='ltr'><strong>fucata</strong></span> <span class='ocrx_word' id='word_1_232' title='bbox 1531 2023 1573 2062; x_wconf 94' lang='lat' dir='ltr'><strong>et</strong></span> <span class='ocrx_word' id='word_1_233' title='bbox 1599 2019 1734 2076; x_wconf 88' lang='lat' dir='ltr'><strong>polita</strong></span> <span class='ocrx_word' id='word_1_234' title='bbox 1759 2021 1906 2072; x_wconf 89' lang='lat' dir='ltr'><strong>oratio,</strong></span> 
     </span>
     <span class='ocr_line' id='line_1_27' title="bbox 330 2089 1908 2143; baseline 0.002 -12"><span class='ocrx_word' id='word_1_235' title='bbox 330 2089 447 2132; x_wconf 88' lang='lat' dir='ltr'><strong>nulla</strong></span> <span class='ocrx_word' id='word_1_236' title='bbox 477 2090 653 2133; x_wconf 89' lang='lat' dir='ltr'><strong>artificia</strong></span> <span class='ocrx_word' id='word_1_237' title='bbox 684 2091 908 2142; x_wconf 90' lang='lat' dir='ltr'><strong>rhetorica,</strong></span> <span class='ocrx_word' id='word_1_238' title='bbox 940 2089 1049 2132; x_wconf 91' lang='lat' dir='ltr'><strong>nulli</strong></span> <span class='ocrx_word' id='word_1_239' title='bbox 1080 2092 1122 2132; x_wconf 92' lang='lat' dir='ltr'><strong>in</strong></span> <span class='ocrx_word' id='word_1_240' title='bbox 1154 2092 1208 2132; x_wconf 90' lang='lat' dir='ltr'><strong>iis</strong></span> <span class='ocrx_word' id='word_1_241' title='bbox 1240 2095 1465 2132; x_wconf 90' lang='lat' dir='ltr'><strong>occurrunt</strong></span> <span class='ocrx_word' id='word_1_242' title='bbox 1491 2089 1656 2133; x_wconf 90' lang='lat' dir='ltr'><strong>flosculi</strong></span> <span class='ocrx_word' id='word_1_243' title='bbox 1666 2104 1678 2143; x_wconf 74' lang='lat'>3</span> <span class='ocrx_word' id='word_1_244' title='bbox 1707 2091 1758 2134; x_wconf 89' lang='lat' dir='ltr'><strong>ab</strong></span> <span class='ocrx_word' id='word_1_245' title='bbox 1784 2092 1908 2134; x_wconf 88' lang='lat' dir='ltr'><strong>initio</strong></span> 
     </span>
     <span class='ocr_line' id='line_1_28' title="bbox 330 2160 1906 2217; baseline 0.001 -14"><span class='ocrx_word' id='word_1_246' title='bbox 330 2161 382 2203; x_wconf 91' lang='lat' dir='ltr'><strong>ad</strong></span> <span class='ocrx_word' id='word_1_247' title='bbox 424 2161 551 2203; x_wconf 88' lang='lat' dir='ltr'><strong>finem</strong></span> <span class='ocrx_word' id='word_1_248' title='bbox 583 2163 648 2203; x_wconf 91' lang='lat' dir='ltr'><strong>vir</strong></span> <span class='ocrx_word' id='word_1_249' title='bbox 681 2166 873 2204; x_wconf 89' lang='lat' dir='ltr'><strong>maturus</strong></span> <span class='ocrx_word' id='word_1_250' title='bbox 905 2161 1171 2217; x_wconf 89' lang='lat' dir='ltr'><strong>prudensque</strong></span> <span class='ocrx_word' id='word_1_251' title='bbox 1203 2161 1308 2203; x_wconf 88' lang='lat' dir='ltr'><strong>hanc</strong></span> <span class='ocrx_word' id='word_1_252' title='bbox 1340 2160 1527 2203; x_wconf 87' lang='lat' dir='ltr'><strong>defendit</strong></span> <span class='ocrx_word' id='word_1_253' title='bbox 1557 2163 1811 2204; x_wconf 87' lang='lat' dir='ltr'><strong>sententiam</strong></span> <span class='ocrx_word' id='word_1_254' title='bbox 1842 2176 1906 2204; x_wconf 87' lang='lat' dir='ltr'><strong>sa-</strong></span> 
     </span>
     <span class='ocr_line' id='line_1_29' title="bbox 330 2231 1906 2290; baseline 0.001 -17"><span class='ocrx_word' id='word_1_255' title='bbox 330 2234 662 2288; x_wconf 86' lang='lat' dir='ltr'><strong>pientissimam:</strong></span> <span class='ocrx_word' id='word_1_256' title='bbox 705 2239 747 2274; x_wconf 90' lang='lat' dir='ltr'><strong>et</strong></span> <span class='ocrx_word' id='word_1_257' title='bbox 786 2234 829 2274; x_wconf 91' lang='lat' dir='ltr'><strong>in</strong></span> <span class='ocrx_word' id='word_1_258' title='bbox 862 2231 1090 2274; x_wconf 86' lang='lat' dir='ltr'><strong>Alexandri</strong></span> <span class='ocrx_word' id='word_1_259' title='bbox 1121 2237 1162 2274; x_wconf 91' lang='lat' dir='ltr'><strong>et</strong></span> <span class='ocrx_word' id='word_1_260' title='bbox 1193 2233 1236 2273; x_wconf 92' lang='lat' dir='ltr'><strong>in</strong></span> <span class='ocrx_word' id='word_1_261' title='bbox 1267 2232 1599 2287; x_wconf 89' lang='lat' dir='ltr'><strong>uniuscuiusque</strong></span> <span class='ocrx_word' id='word_1_262' title='bbox 1632 2246 1728 2275; x_wconf 88' lang='lat' dir='ltr'><strong>vere</strong></span> <span class='ocrx_word' id='word_1_263' title='bbox 1760 2234 1906 2290; x_wconf 83' lang='lat' dir='ltr'><strong>magni</strong></span> 
     </span>
     <span class='ocr_line' id='line_1_30' title="bbox 331 2302 1904 2359; baseline 0 -14"><span class='ocrx_word' id='word_1_264' title='bbox 331 2305 414 2345; x_wconf 89' lang='lat' dir='ltr'><strong>viri</strong></span> <span class='ocrx_word' id='word_1_265' title='bbox 460 2305 549 2345; x_wconf 85' lang='lat' dir='ltr'><strong>vit-a</strong></span> <span class='ocrx_word' id='word_1_266' title='bbox 596 2303 736 2345; x_wconf 89' lang='lat' dir='ltr'><strong>multo</strong></span> <span class='ocrx_word' id='word_1_267' title='bbox 780 2304 958 2345; x_wconf 89' lang='lat' dir='ltr'><strong>maiores</strong></span> <span class='ocrx_word' id='word_1_268' title='bbox 1002 2317 1090 2345; x_wconf 90' lang='lat' dir='ltr'><strong>esse</strong></span> <span class='ocrx_word' id='word_1_269' title='bbox 1137 2303 1308 2345; x_wconf 90' lang='lat' dir='ltr'><strong>virtutis</strong></span> <span class='ocrx_word' id='word_1_270' title='bbox 1350 2316 1478 2358; x_wconf 88' lang='lat' dir='ltr'><strong>quam</strong></span> <span class='ocrx_word' id='word_1_271' title='bbox 1520 2302 1711 2345; x_wconf 86' lang='lat' dir='ltr'><strong>fortunae</strong></span> <span class='ocrx_word' id='word_1_272' title='bbox 1751 2308 1904 2359; x_wconf 88' lang='lat' dir='ltr'><strong>partes.</strong></span> 
     </span>
     <span class='ocr_line' id='line_1_31' title="bbox 329 2373 1903 2429; baseline 0 -13"><span class='ocrx_word' id='word_1_273' title='bbox 329 2373 475 2429; x_wconf 89' lang='lat' dir='ltr'><strong>Neque</strong></span> <span class='ocrx_word' id='word_1_274' title='bbox 521 2375 700 2415; x_wconf 76' lang='lat' dir='ltr'><strong>bellicam</strong></span> <span class='ocrx_word' id='word_1_275' title='bbox 742 2374 810 2416; x_wconf 91' lang='lat' dir='ltr'><strong>hic</strong></span> <span class='ocrx_word' id='word_1_276' title='bbox 852 2375 1100 2429; x_wconf 91' lang='lat' dir='ltr'><strong>praesertim</strong></span> <span class='ocrx_word' id='word_1_277' title='bbox 1142 2375 1321 2429; x_wconf 89' lang='lat' dir='ltr'><strong>spectari</strong></span> <span class='ocrx_word' id='word_1_278' title='bbox 1362 2375 1569 2416; x_wconf 89' lang='lat' dir='ltr'><strong>virtutem</strong></span> <span class='ocrx_word' id='word_1_279' title='bbox 1609 2373 1677 2415; x_wconf 86' lang='lat' dir='ltr'><strong>vel</strong></span> <span class='ocrx_word' id='word_1_280' title='bbox 1717 2375 1903 2416; x_wconf 81' lang='lat' dir='ltr'><strong>maxime</strong></span> 
     </span>
     <span class='ocr_line' id='line_1_32' title="bbox 329 2442 1905 2500; baseline 0.001 -15"><span class='ocrx_word' id='word_1_281' title='bbox 329 2445 427 2486; x_wconf 91' lang='lat' dir='ltr'><strong>hinc</strong></span> <span class='ocrx_word' id='word_1_282' title='bbox 470 2449 642 2500; x_wconf 88' lang='lat' dir='ltr'><strong>apparet</strong></span> <span class='ocrx_word' id='word_1_283' title='bbox 682 2444 788 2500; x_wconf 92' lang='lat' dir='ltr'><strong>quod</strong></span> <span class='ocrx_word' id='word_1_284' title='bbox 834 2446 879 2485; x_wconf 93' lang='lat' dir='ltr'><strong>in</strong></span> <span class='ocrx_word' id='word_1_285' title='bbox 911 2443 1144 2486; x_wconf 89' lang='lat' dir='ltr'><strong>clarissima</strong></span> <span class='ocrx_word' id='word_1_286' title='bbox 1177 2448 1393 2499; x_wconf 90' lang='lat' dir='ltr'><strong>ponuntur</strong></span> <span class='ocrx_word' id='word_1_287' title='bbox 1426 2442 1520 2486; x_wconf 91' lang='lat' dir='ltr'><strong>luce</strong></span> <span class='ocrx_word' id='word_1_288' title='bbox 1552 2457 1624 2486; x_wconf 86' lang='lat' dir='ltr'><strong>eae</strong></span> <span class='ocrx_word' id='word_1_289' title='bbox 1655 2457 1721 2486; x_wconf 90' lang='lat' dir='ltr'><strong>res</strong></span> <span class='ocrx_word' id='word_1_290' title='bbox 1752 2444 1905 2499; x_wconf 90' lang='lat' dir='ltr'><strong>quibus</strong></span> 
     </span>
     <span class='ocr_line' id='line_1_33' title="bbox 329 2513 1908 2570; baseline 0 -14"><span class='ocrx_word' id='word_1_291' title='bbox 329 2514 565 2556; x_wconf 84' lang='lat' dir='ltr'><strong>Alexander</strong></span> <span class='ocrx_word' id='word_1_292' title='bbox 596 2515 783 2570; x_wconf 87' lang='lat' dir='ltr'><strong>pudoris,</strong></span> <span class='ocrx_word' id='word_1_293' title='bbox 816 2514 1058 2570; x_wconf 89' lang='lat' dir='ltr'><strong>pudicitiae,</strong></span> <span class='ocrx_word' id='word_1_294' title='bbox 1091 2515 1367 2570; x_wconf 83' lang='lat' dir='ltr'><strong>integritatis,</strong></span> <span class='ocrx_word' id='word_1_295' title='bbox 1398 2515 1659 2556; x_wconf 81' lang='lat' dir='ltr'><strong>innocentiae</strong></span> <span class='ocrx_word' id='word_1_296' title='bbox 1691 2513 1808 2556; x_wconf 88' lang='lat' dir='ltr'><strong>dedit</strong></span> <span class='ocrx_word' id='word_1_297' title='bbox 1838 2513 1908 2556; x_wconf 94' lang='lat' dir='ltr'><strong>do-</strong></span> 
     </span>
     <span class='ocr_line' id='line_1_34' title="bbox 328 2583 1907 2641; baseline -0.001 -14"><span class='ocrx_word' id='word_1_298' title='bbox 328 2591 539 2635; x_wconf 84' lang='lat' dir='ltr'><strong>cumenta,</strong></span> <span class='ocrx_word' id='word_1_299' title='bbox 568 2587 874 2641; x_wconf 87' lang='lat' dir='ltr'><strong>praecipueque</strong></span> <span class='ocrx_word' id='word_1_300' title='bbox 903 2585 1143 2627; x_wconf 89' lang='lat' dir='ltr'><strong>ostenditur</strong></span> <span class='ocrx_word' id='word_1_301' title='bbox 1167 2584 1233 2626; x_wconf 89' lang='lat' dir='ltr'><strong>illi</strong></span> <span class='ocrx_word' id='word_1_302' title='bbox 1259 2586 1349 2640; x_wconf 90' lang='lat' dir='ltr'><strong>regi</strong></span> <span class='ocrx_word' id='word_1_303' title='bbox 1367 2583 1475 2626; x_wconf 91' lang='lat' dir='ltr'><strong>nihil</strong></span> <span class='ocrx_word' id='word_1_304' title='bbox 1492 2584 1621 2626; x_wconf 87' lang='lat' dir='ltr'><strong>fuisse</strong></span> <span class='ocrx_word' id='word_1_305' title='bbox 1636 2584 1751 2627; x_wconf 90' lang='lat' dir='ltr'><strong>cordi</strong></span> <span class='ocrx_word' id='word_1_306' title='bbox 1767 2586 1907 2641; x_wconf 88' lang='lat' dir='ltr'><strong>magis</strong></span> 
     </span>
     <span class='ocr_line' id='line_1_35' title="bbox 328 2655 1905 2710; baseline 0 -13"><span class='ocrx_word' id='word_1_307' title='bbox 328 2669 454 2710; x_wconf 91' lang='lat' dir='ltr'><strong>quam</strong></span> <span class='ocrx_word' id='word_1_308' title='bbox 499 2670 642 2698; x_wconf 90' lang='lat' dir='ltr'><strong>veram</strong></span> <span class='ocrx_word' id='word_1_309' title='bbox 685 2656 1009 2698; x_wconf 87' lang='lat' dir='ltr'><strong>humanitatem.</strong></span> <span class='ocrx_word' id='word_1_310' title='bbox 1054 2655 1171 2697; x_wconf 89' lang='lat' dir='ltr'><strong>Darii</strong></span> <span class='ocrx_word' id='word_1_311' title='bbox 1213 2656 1349 2707; x_wconf 81' lang='lat' dir='ltr'><strong>uxori,</strong></span> <span class='ocrx_word' id='word_1_312' title='bbox 1394 2655 1585 2710; x_wconf 86' lang='lat' dir='ltr'><strong>captivae</strong></span> <span class='ocrx_word' id='word_1_313' title='bbox 1625 2655 1771 2705; x_wconf 79' lang='lat' dir='ltr'><strong>factae,</strong></span> <span class='ocrx_word' id='word_1_314' title='bbox 1804 2655 1905 2697; x_wconf 88' lang='lat' dir='ltr'><strong>adeo</strong></span> 
     </span>
    </p>
   </div>
   <div class='ocr_carea' id='block_1_3' title="bbox 334 2757 588 2761">
    <p class='ocr_par' dir='ltr' id='par_1_3' title="bbox 334 2757 588 2761">
     <span class='ocr_line' id='line_1_36' title="bbox 334 2757 588 2761; baseline 0 0"><span class='ocrx_word' id='word_1_315' title='bbox 334 2757 588 2761; x_wconf 95' lang='lat' dir='ltr'><strong> </strong></span> 
     </span>
    </p>
   </div>
   <div class='ocr_carea' id='block_1_4' title="bbox 326 2826 1909 2979">
    <p class='ocr_par' dir='ltr' id='par_1_4' title="bbox 326 2826 1909 2979">
     <span class='ocr_line' id='line_1_37' title="bbox 373 2826 1909 2870; baseline 0.001 -11"><span class='ocrx_word' id='word_1_316' title='bbox 373 2828 406 2868; x_wconf 80' lang='lat'><strong>1)</strong></span> <span class='ocrx_word' id='word_1_317' title='bbox 440 2828 497 2859; x_wconf 85' lang='lat' dir='ltr'><strong>Off.</strong></span> <span class='ocrx_word' id='word_1_318' title='bbox 533 2827 724 2870; x_wconf 83' lang='lat' dir='ltr'><strong>lepidissima</strong></span> <span class='ocrx_word' id='word_1_319' title='bbox 755 2828 830 2859; x_wconf 87' lang='lat' dir='ltr'><strong>haec</strong></span> <span class='ocrx_word' id='word_1_320' title='bbox 861 2828 959 2859; x_wconf 86' lang='lat' dir='ltr'><strong>Plinii</strong></span> <span class='ocrx_word' id='word_1_321' title='bbox 984 2828 1017 2859; x_wconf 93' lang='lat' dir='ltr'><strong>in</strong></span> <span class='ocrx_word' id='word_1_322' title='bbox 1041 2827 1174 2870; x_wconf 81' lang='lat' dir='ltr'><strong>epistola</strong></span> <span class='ocrx_word' id='word_1_323' title='bbox 1198 2828 1236 2859; x_wconf 88' lang='lat' dir='ltr'><strong>ad</strong></span> <span class='ocrx_word' id='word_1_324' title='bbox 1259 2827 1402 2859; x_wconf 77' lang='lat' dir='ltr'><strong>Tacitum</strong></span> <span class='ocrx_word' id='word_1_325' title='bbox 1426 2827 1465 2866; x_wconf 89' lang='grc' dir='ltr'><strong>(Ι,</strong></span> <span class='ocrx_word' id='word_1_326' title='bbox 1490 2827 1562 2867; x_wconf 75' lang='lat'>20)=</span> <span class='ocrx_word' id='word_1_327' title='bbox 1591 2837 1682 2859; x_wconf 63' lang='lat' dir='ltr'><strong>‚suae</strong></span> <span class='ocrx_word' id='word_1_328' title='bbox 1705 2826 1837 2869; x_wconf 84' lang='lat' dir='ltr'><strong>quisque</strong></span> <span class='ocrx_word' id='word_1_329' title='bbox 1861 2827 1909 2860; x_wconf 89' lang='lat' dir='ltr'><strong>in-</strong></span> 
     </span>
     <span class='ocr_line' id='line_1_38' title="bbox 328 2881 1907 2937; baseline 0.001 -25"><span class='ocrx_word' id='word_1_330' title='bbox 328 2882 467 2913; x_wconf 77' lang='lat' dir='ltr'><strong>ventioni</strong></span> <span class='ocrx_word' id='word_1_331' title='bbox 497 2883 579 2914; x_wconf 81' lang='lat' dir='ltr'><strong>favet</strong></span> <span class='ocrx_word' id='word_1_332' title='bbox 610 2885 641 2914; x_wconf 90' lang='lat' dir='ltr'><strong>et</strong></span> <span class='ocrx_word' id='word_1_333' title='bbox 671 2883 759 2924; x_wconf 83' lang='lat' dir='ltr'><strong>quasi</strong></span> <span class='ocrx_word' id='word_1_334' title='bbox 793 2883 998 2915; x_wconf 85' lang='lat' dir='ltr'><strong>fortissimum</strong></span> <span class='ocrx_word' id='word_1_335' title='bbox 1029 2882 1244 2925; x_wconf 80' lang='lat' dir='ltr'><strong>amplectitur,</strong></span> <span class='ocrx_word' id='word_1_336' title='bbox 1273 2892 1345 2914; x_wconf 89' lang='lat' dir='ltr'><strong>cum</strong></span> <span class='ocrx_word' id='word_1_337' title='bbox 1375 2881 1413 2914; x_wconf 89' lang='lat' dir='ltr'><strong>ab</strong></span> <span class='ocrx_word' id='word_1_338' title='bbox 1436 2881 1499 2913; x_wconf 89' lang='lat' dir='ltr'><strong>alio</strong></span> <span class='ocrx_word' id='word_1_339' title='bbox 1522 2881 1640 2913; x_wconf 86' lang='lat' dir='ltr'><strong>dictum</strong></span> <span class='ocrx_word' id='word_1_340' title='bbox 1663 2882 1816 2924; x_wconf 83' lang='lat' dir='ltr'><strong>estquod</strong></span> <span class='ocrx_word' id='word_1_341' title='bbox 1839 2881 1907 2937; x_wconf 62' lang='lat' dir='ltr'><strong>ipse</strong></span> 
     </span>
     <span class='ocr_line' id='line_1_39' title="bbox 326 2935 1748 2979; baseline 0.001 -12"><span class='ocrx_word' id='word_1_342' title='bbox 326 2937 492 2979; x_wconf 84' lang='lat' dir='ltr'><strong>praevidit.</strong></span> <span class='ocrx_word' id='word_1_343' title='bbox 517 2937 672 2968; x_wconf 87' lang='lat' dir='ltr'><strong>Omnibus</strong></span> <span class='ocrx_word' id='word_1_344' title='bbox 696 2948 770 2979; x_wconf 83' lang='lat' dir='ltr'><strong>ergo</strong></span> <span class='ocrx_word' id='word_1_345' title='bbox 794 2938 931 2969; x_wconf 86' lang='lat' dir='ltr'><strong>dandum</strong></span> <span class='ocrx_word' id='word_1_346' title='bbox 957 2940 1003 2969; x_wconf 87' lang='lat' dir='ltr'><strong>est</strong></span> <span class='ocrx_word' id='word_1_347' title='bbox 1026 2937 1146 2979; x_wconf 90' lang='lat' dir='ltr'><strong>aliquid</strong></span> <span class='ocrx_word' id='word_1_348' title='bbox 1170 2937 1252 2978; x_wconf 87' lang='lat' dir='ltr'><strong>quod</strong></span> <span class='ocrx_word' id='word_1_349' title='bbox 1276 2939 1413 2975; x_wconf 84' lang='lat' dir='ltr'><strong>teneant,</strong></span> <span class='ocrx_word' id='word_1_350' title='bbox 1439 2937 1521 2978; x_wconf 90' lang='lat' dir='ltr'><strong>quod</strong></span> <span class='ocrx_word' id='word_1_351' title='bbox 1545 2935 1748 2978; x_wconf 83' lang='lat' dir='ltr'><strong>agnoscant”.</strong></span> 
     </span>
    </p>
   </div>
  </div>
 </body>
</html>
