2002 3372
1129 171 1189 216 60·

426 294 579 347 Quidni
622 309 644 337 e
687 294 1032 350 praecedentibus
1064 298 1306 351 repetamus
1343 295 1517 339 verbum
1549 301 1591 338 et
1619 296 1951 340 &mammaea

364 363 585 421 legamus?
627 364 736 407 Nam
778 378 912 419 neque
955 364 1119 407 οὶπιέναι
1161 364 1207 408 fit
1249 366 1300 409 ab
1343 367 1479 409 invito
1520 369 1562 408 et
1602 366 1829 410 ἀπέλθωσιν
1865 366 1941 409 ὑπὸ

367 437 626 486 πραγμάτων
658 435 888 478 absurdum
922 439 998 478 est.

425 505 530 547 Vere
570 519 671 561 ergo
702 506 776 560 qui
806 508 921 547 amat
954 504 1262 562 philosophiam
1298 507 1501 563 quamdiu
1533 505 1856 564 philosophatur
1883 506 1942 550 le—

364 577 430 617 nis
471 580 532 618 est
576 575 861 631 placidusque,
905 573 1002 617 ὅ’ταν
1040 576 1081 618 δὲ
1116 578 1362 631 ἀποσπασθῇ
1396 579 1505 628 (iure
1535 577 1604 620 hie
1635 577 1941 635 quoqueillud

364 647 541 688 verbum
585 645 763 722 legitur)
806 647 874 686 θεῶ
919 646 1177 698 Φλεγόμενον
1211 649 1278 689 καὶ
1314 650 1593 698 ἀδημονοῦντα
1625 648 1694 693 καὶ
1727 648 1940 692 δυσκολαί-

366 732 480 757 νοντα
515 719 617 757 πᾶσι
652 717 874 767 πράγμασι
909 717 976 758 καὶ
1011 718 1246 770 ἀσχολίαις,
1280 719 1447 773 λήθηδὲ
1474 722 1606 771 Φίλων
1631 717 1763 772 ὥσπερ
1788 717 1940 771 ἄλογος

366 786 581 828 ἐλαύνεται
616 786 720 837 πόθῳ
754 788 807 838 τῷ
841 786 934 838 πρὸς
968 788 1234 841 Φιλοσοφίαν.

423 855 635 912 Egregius
673 856 741 898 hie
782 855 912 907 locus,
946 857 1117 912 qualem
1149 873 1248 901 eum
1283 859 1483 902 exhibent
1515 858 1720 902 editiones
1749 858 1940 918 Wytten

361 927 563 968 bachiana
605 931 646 968 et
685 926 933 978 Didotiana3
969 928 1180 983 praeclara
1211 944 1313 973 vero
1345 929 1521 972 ultima:
1557 931 1827 982 „amicorum
1848 931 1950 974 suo·'

360 1011 456 1038 rum
497 997 688 1038 immemor
719 1002 937 1053 tamquam
968 1000 1140 1041 insanus
1173 999 1261 1042 solo
1293 1000 1584 1057 philosophiae
1616 1000 1820 1044 desiden'o
1850 1015 1942 1056 pro—

360 1066 579 1122 pellitur’ss
622 1067 732 1119 Quid
764 1081 865 1124 ergo
897 1069 978 1110 sibi
1011 1068 1115 1111 velit
1148 1069 1282 1112 editor
1312 1085 1388 1126 pro
1420 1072 1519 1123 λήθη
1549 1071 1670 1114 nobis
1701 1073 1841 1124 μνημῃ
1870 1071 1941 1115 ob-

359 1138 532 1180 trudens
564 1139 759 1194 mysterii
790 1139 899 1180 mihi
928 1140 1063 1181 instar
1093 1144 1170 1182 est.

418 1209 474 1251 ib.
523 1208 699 1264 Oportet
730 1209 844 1261 πείνη
876 1225 952 1251 τινι
985 1211 1053 1251 καὶ
1091 1210 1187 1264 δίψη
1220 1211 1345 1258 πάθος
1379 1209 1510 1262 ὅμοιον
1544 1211 1583 1253 ἐν
1615 1216 1696 1258 τοῖς
1721 1214 1940 1255 ἀποσπασ-

359 1284 447 1328 μοῖς
491 1279 735 1330 πάσχοντας
781 1279 949 1333 ἔχεσθαι
992 1284 1061 1322 τοῦ
1105 1281 1392 1332 προκόπτοντος
1438 1283 1592 1331 άληθῶς
1634 1283 1725 1327 sive
1762 1282 1938 1339 nuptiae

359 1351 448 1391 sive
481 1349 655 1392 divitiae
687 1350 770 1392 alio
807 1355 966 1393 vocant.

419 1419 555 1462 Immo
597 1434 696 1463 vero
739 1421 829 1467 τοὺς
874 1421 1174 1473 προκόπτοντας
1218 1424 1389 1474 ἀληθῶς,
1432 1428 1481 1466 ut
1512 1423 1564 1466 ad
1596 1422 1765 1477 ἔχεσθαι
1797 1426 1938 1466 mente

364 1489 611 1546 suppleatur
652 1496 724 1539 τῆς
766 1493 1031 1544 Φιλοσοφίας.
1064 1493 1174 1535 Nam
1207 1495 1251 1536 τὸ
1285 1494 1505 1545 προκόπτον
1537 1495 1692 1541 ἀληθῶς
1723 1492 1832 1537 nihil
1861 1497 1938 1537 est.

424 1560 478 1604 77
498 1560 534 1602 D
581 1562 940 1617 Antiquissimum
970 1564 1181 1619 profectus
1207 1566 1379 1620 signum
1405 1565 1578 1621 praebet
1604 1564 1830 1617 Hesiodus,
1849 1564 1938 1618 (τὸ)

362 1632 507 1679 μηκέτι
553 1628 755 1683 προσάντη
799 1633 866 1675 καὶ
911 1635 1028 1683 ὄρθιον
1061 1633 1176 1684 ἄγαν
1207 1636 1322 1676 ἀλλὰ
1357 1635 1496 1689 ῥᾳδίαν
1529 1635 1598 1677 καὶ
1632 1637 1747 1678 λείαν
1781 1635 1849 1678 καὶ
1884 1634 1933 1691 δι’

362 1703 573 1749 εὐπετείας
619 1701 716 1745 εἶναι
762 1705 832 1752 την
865 1704 962 1756 ὁδόν,
996 1702 1070 1747 οἷον
1105 1707 1424 1756 ἐκλειαινομένην
1457 1713 1507 1756 τῇ
1542 1707 1711 1755 ἀσκήσει
1744 1705 1812 1749 καὶ
1845 1709 1935 1758 ’Φῶς

363 1774 400 1814 ἐν
435 1776 486 1825 τῷ
517 1778 758 1824 φιλοσοφεῖν
786 1775 853 1816 καὶ
883 1776 1160 1827 λαμπρότητα
1189 1779 1379 1819 ποιοῦσαν
1410 1775 1454 1826 ἐξ
1479 1778 1648 1829 ἀπορίας
1679 1775 1748 1820 καὶ
1776 1777 1950 1824 πλάνης

364 1861 430 1886 και
465 1846 762 1893 μεταμελειῶν.

421 1914 602 1957 Rectene
635 1916 720 1962 ὁδὸς
752 1920 842 1967 φως
868 1922 1042 1959 ποιεῖν
1071 1916 1255 1960 dicitur?
1288 1918 1398 1971 Quid
1424 1920 1580 1961 tamen
1589 1917 1677 1962 10111
1701 1886 1938 1961 mutatione

360 2000 435 2042 pro
469 1990 658 2027 ποιοῦσαν
690 1985 778 2042 legi
809 1989 942 2042 possit
973 2002 1054 2030 non
1085 1989 1919 2032 invenio..

425 2053 530 2098 771³*
577 2055 736 2099 Ceteris
769 2058 966 2099 omnibus
997 2058 1326 2101 Atheniensibus
1359 2059 1561 2101 feriarum
1593 2062 1782 2115 tempore
1812 2059 1938 2116 genio

362 2126 696 2183 indulgentibus,
730 2127 941 2184 Diogenes
973 2130 1017 2170 in
1050 2144 1125 2172 suo
1159 2129 1316 2185 angulo
1349 2129 1462 2172 solus
1491 2131 1633 2173 iacens

425 2197 636 2239 ἐνέπιπτεν
680 2199 732 2244 εἰς
776 2199 1003 2250 λογισμοὺς
1038 2200 1337 2251 τρέποντας
1367 2201 1490 2243 αὐτὸν
1522 2201 1591 2243 οὐκ
1625 2200 1836 2251 α’τρέμα
1867 2199 1945 2242 καῖ

364 2268 595 2320 θραύοντας.

421 2339 527 2390 Non,
571 2342 618 2380 ut
654 2341 814 2394 opinor,
847 2339 944 2382 illae
979 2343 1258 2397 cogitationes
1290 2355 1389 2384 eum
1421 2342 1634 2392 vertebant,
1666 2340 1792 2384 nihili
1823 2341 1939 2384 enim

360 2409 488 2459 istud,
535 2409 605 2451 sed
646 2411 838 2452 animum
881 2412 972 2453 eius
1014 2413 1243 2468 torquebant
1284 2411 1660 2468 vulnerabantque.
1693 2411 1807 2469 Lege
1837 2425 1938 2468 ergo

363 2480 611 2531 στρέφοντας
647 2480 826 2533 (Μ110111.
863 2481 991 2533 1910,
1027 2483 1143 2536 126).
1177 2483 1232 2525 Et
1257 2483 1488 2526 videndum
1517 2497 1653 2525 annon
1678 2482 1746 2525 1110
1773 2496 1939 2539 quoque

363 2549 493 2601 ἠρέμα
536 2552 798 2606 requiratur:
844 2553 912 2593 οὐκ
943 2552 1100 2606 Ιἠρέμα,
1133 2553 1216 2596 non
1248 2553 1410 2606 leniter,
1443 2557 1555 2596 reete
1588 2567 1686 2596 eum
1716 2552 1940 2609 torquendi

362 2621 696 2677 vulnerandique
730 2622 846 2664 vobis
879 2624 1088 2679 iungitur.

426 2691 535 2733 '78A
577 2693 618 2733 οὐ
662 2691 776 2740 μόνον
824 2692 868 2742 ἐξ
909 2695 1039 2735 αὐτῶν
1084 2695 1138 2735 τα
1173 2695 1446 2736 κατασείοντα
1480 2694 1548 2735 καὶ
1581 2693 1809 2746 στρέφοντα
1843 2693 1936 2744 πρὸς

363 2762 588 2803 τούναντίον
622 2762 690 2803 ὑπ’
719 2763 929 2810 ἀσθενείας
963 2765 1206 2807 ἐπιτείνεται
1241 2771 1320 2811 τοῖς
1355 2767 1661 2816 Φιλοσοφοῢσιν.

425 2832 505 2873 Pro
547 2832 805 2883 ἐπιτείνεται,
849 2835 918 2875 0111
961 2834 1105 2877 nullus
1137 2837 1206 2878 1110
1236 2835 1354 2878 locus
1387 2860 1443 2867 —
1475 2834 1653 2877 absurde
1683 2834 1797 2876 enim
1827 2832 1939 2875 illud

363 2902 428 2943 ὑπ’
462 2902 671 2948 ἀσθενείας
701 2902 790 2944 fieri
817 2903 972 2946 dieitur
992 2931 1043 2936 -—
1064 2906 1199 2948 editor
1226 2907 1382 2962 recepit
1407 2906 1519 2948 Iunii
1545 2907 1833 2949 coniecturam·
1855 2905 1940 2962 ἐπι·
