2002 3372
891 190 975 234 135

172 314 312 369 -Quod
343 316 409 359 est
441 313 729 365 verissimum,
757 326 883 356 nemo
910 318 1055 356 tamen
1080 314 1176 358 ideo
1202 315 1341 371 ipsam
1369 313 1518 365 Τύχην
1547 312 1735 370 appellet

126 389 277 441 μικρόν
307 384 422 443 quod
453 389 536 433 ταῖς
570 389 723 436 μικροῖς
760 385 817 426 sit
845 384 1039 437 obnoxia,
1074 389 1118 428 et
1148 400 1201 428 ne
1233 387 1294 428 sic
1322 384 1498 441 quidem
1527 383 1733 427 Latinum

124 456 238 504 illud
273 456 506 510 „brevem”
540 454 725 512 explicet
755 454 1015 500 illustretve.
1048 457 1228 500 Nostine
1262 457 1312 500 de
1339 471 1423 513 quo
1449 457 1627 499 numine
1655 456 1735 498 Ro-

125 542 253 575 mano
283 527 448 585 aliquid
479 526 608 571 fando
636 525 853 570 audiverit
877 526 1152 581 Plutarchus,
1182 527 1296 584 quod
1322 527 1392 570 hic
1420 531 1509 570 tam
1535 541 1733 583 perverse

124 596 294 644 tradat?
324 598 389 643 De
420 598 647 650 Occasione,
680 600 731 640 ut
764 599 928 654 opinor,
957 598 1008 641 de
1035 613 1119 655 qua
1146 599 1260 642 hunc
1286 598 1496 642 habemus
1524 598 1732 655 mythum

122 669 466 719 Phaedrianum:

429 739 571 786 Cursu
603 739 804 793 volucris,
838 740 1025 797 pendens
1057 742 1102 783 in
1134 739 1358 792 novacula,

432 811 608 864 Calvus,
642 826 812 856 comosa
843 812 997 864 fronte,
1031 812 1173 855 nudus
1209 826 1393 869 corpore,

429 883 567 936 Quem
600 884 638 926 si
668 884 902 940 occuparis,
936 887 1092 935 teneas,
1127 882 1322 940 elapsum
1355 883 1488 927 semel

426 955 524 999 Non
555 956 647 1012 ipse
678 956 815 1011 possit
847 954 1041 1012 Iuppiter
1073 955 1395 1012 reprehendere,

429 1025 706 1070 Occasionem
738 1040 883 1069 rerum
917 1026 1131 1084 significat
1163 1027 1354 1071 brevem.

181 1095 265 1143 Oui
294 1099 434 1143 invito
465 1102 590 1155 poeta
621 1098 701 1141 hoc
733 1102 798 1141 est
830 1098 1026 1141 additum
1058 1098 1376 1156 epimythium:

425 1169 613 1213 Effectus
641 1169 869 1226 impediret
902 1184 954 1212 ne
986 1171 1130 1226 segnis
1162 1183 1296 1221 mora,

424 1241 607 1285 Finxere
640 1242 807 1297 antiqui
839 1240 973 1284 talem
1005 1240 1192 1298 effigiem
1223 1240 1448 1297 Temporis

118 1327 204 1358 non
228 1314 374 1358 minus
399 1312 636 1357 obsurdum
664 1326 794 1369 quam
822 1313 1025 1368 antiquus
1052 1316 1117 1355 est
1144 1311 1299 1355 titulus
1321 1312 1498 1367 Tempu-5,
1531 1326 1608 1369 pro
1640 1325 1723 1368 quo

36 1399 37 1402 ¹
120 1384 287 1429 dudum
327 1388 612 1442 reposuerunt
653 1384 836 1427 editores
875 1384 1035 1426 Occasio
1076 1383 1249 1438 depicta.
1292 1383 1376 1427 Sed
1418 1385 1462 1426 in
1494 1384 1614 1435 urbe,
1648 1384 1724 1426 ubi

118 1455 309 1501 Fortuna
349 1455 502 1508 virias,
543 1456 759 1507 muliebris,
803 1456 906 1512 quin
950 1456 1081 1497 etiam
1118 1455 1271 1497 viscata
1303 1454 1556 1507 colerentur,
1590 1456 1723 1497 etiam

115 1528 231 1571 inter
269 1526 482 1572 Fortunas
523 1530 740 1584 receptam
783 1540 874 1570 esse
916 1525 1188 1570 Occasionem
1230 1525 1304 1569 sed
1345 1529 1512 1569 mutato
1549 1527 1723 1569 nomine

119 1598 337 1647 Fortunam
369 1599 518 1642 brevem
551 1598 711 1642 dictam
745 1597 849 1654 quid
880 1596 1072 1640 mirum?

159 1671 239 1714 ‘At
278 1684 519 1715 sermonem
560 1670 767 1713 Latinum
803 1683 959 1726 parum
992 1673 1113 1712 curat
1145 1668 1418 1712 Plutarchus.
1461 1669 1574 1723 Quid
1608 1669 1722 1726 quod

116 1756 170 1787 ne
198 1743 344 1800 ipsum
375 1742 550 1799 quidem
583 1744 892 1799 argumentum
923 1743 969 1784 in
1002 1755 1087 1797 quo
1119 1755 1232 1784 nunc
1264 1744 1381 1785 totus
1414 1755 1503 1784 esse
1534 1740 1720 1791 videtur,

114 1814 155 1858 ei
195 1827 323 1859 curae
363 1818 443 1858 est.
491 1812 643 1857 Omnis
684 1814 725 1856 ei
767 1812 907 1857 sordet
949 1812 1143 1856 doctrina
1185 1815 1229 1855 et
1273 1812 1467 1865 ἀκρίβεια
1500 1812 1720 1856 doctorum

114 1899 216 1944 prae
256 1899 303 1931 re
345 1899 477 1943 quam
513 1899 683 1942 semper
713 1888 758 1928 et
789 1885 949 1941 ubique
980 1886 1074 1927 iure
1107 1885 1290 1927 maximi
1319 1884 1445 1927 fecit:
1479 1898 1619 1927 mores
1651 1884 1722 1927 ho·

115 1958 288 2003 minum
319 1956 547 2001 emendare
578 1956 746 2010 studet3
780 1956 1013 1999 dummodo
1044 1956 1223 1998 meliores
1257 1955 1374 2007 fiant,
1408 1955 1618 1999 doctiores
1649 1970 1722 2000 eos

115 2028 209 2073 fieri
238 2028 344 2086 quid
374 2026 533 2073 refert?
565 2027 636 2071 Sic
668 2027 717 2071 fit
750 2031 799 2071 ut
831 2028 940 2071 liber
972 2028 1042 2070 hic
1075 2032 1162 2071 tam
1197 2041 1332 2084 pauca
1364 2028 1579 2084 praebeat,
1613 2042 1722 2084 quae

115 2102 251 2147 vitam
280 2099 574 2145 Romanorum
603 2101 819 2157 privatam
846 2099 1152 2157 publicamque
1178 2098 1410 2151 illustrent,
1436 2101 1560 2143 cuius
1577 2103 1721 2144 tamen

114 2173 179 2216 rei
209 2186 336 2216 causa
366 2173 577 2229 scriptum
610 2186 710 2215 eum
742 2173 887 2228 ‘primo
920 2173 1120 2215 coniicias
1153 2176 1342 2228 aspectu.
1374 2170 1575 2215 Servavit
1600 2172 1722 2215 nobis

115 2247 184 2288 sat
214 2243 353 2288 multa
383 2243 645 2288 Plutarchus
672 2257 780 2300 quae
807 2242 1061 2294 Fenestella,
1090 2242 1293 2300 Nigidius
1319 2241 1517 2300 Figulus,
1547 2242 1720 2300 aliique,

65 2332 69 2337 ⁹
117 2330 304 2374 quorum
335 2316 493 2372 scripta
523 2316 757 2372 perierunt,
791 2316 1023 2372 antiquarii
1054 2315 1105 2358 de
1131 2315 1427 2358 Romanorum
1454 2314 1723 2358 tradiderunt

119 2387 290 2440 ritibus,
331 2388 668 2444 ceremoniisque
708 2387 854 2429 minus
896 2388 1024 2438 notis,
1058 2386 1130 2430 sed
1163 2400 1271 2443 quae
1302 2388 1393 2442 ipse
1426 2385 1478 2428 ad
1509 2399 1559 2429 ea
1590 2386 1724 2443 expli-

119 2458 252 2504 canda
283 2459 456 2516 profert,
491 2472 541 2502 ea
572 2459 639 2501 vir
670 2457 836 2509 doctus,
870 2459 944 2514 qui
977 2458 1351 2514 „Antiquitatibus
1382 2456 1617 2500 Romanis''
1652 2457 1724 2501 dat

120 2543 309 2588 operam,
351 2543 428 2573 suo
467 2531 562 2572 iure
601 2528 765 2572 nullius
807 2543 896 2572 esse
939 2531 1067 2585 pretii
1110 2528 1306 2572 declaret.
1349 2528 1723 2581 Quemadmodum

120 2602 237 2646 enim
279 2599 571 2645 Callimachus
607 2625 663 2632 —
697 2603 747 2642 ut
788 2615 875 2643 uno
916 2599 1112 2656 exemplo
1155 2604 1292 2643 totam
1333 2599 1455 2642 illam
1498 2603 1723 2656 poetarum

121 2672 509 2718 Alexandrinorum
537 2672 773 2716 describam
801 2672 1059 2723 αἰτιολογίαν
1079 2697 1134 2704 -
1154 2685 1254 2715 cum
1282 2671 1364 2714 sibi
1390 2671 1497 2714 hanc
1513 2673 1725 2728 posuisset

121 2745 438 2802 quaestionem:
491 2743 621 2800 „quid
669 2743 751 2786 sibi
798 2742 894 2786 vult
941 2745 986 2785 in
1029 2742 1191 2799 templo
1234 2741 1415 2793 Dianae,
1460 2744 1723 2787 castissimae

121 2815 238 2868 deae,
277 2813 446 2858 malum
486 2814 597 2858 illud
639 2814 752 2871 quod
797 2813 952 2857 Veneri
995 2828 1165 2857 sacrum
1209 2828 1299 2857 esse
1332 2811 1498 2856 solet?''
1531 2828 1614 2857 non
1647 2815 1725 2858 hoc

123 2889 216 2946 egit
256 2890 306 2931 ut
346 2901 369 2930 e
411 2886 638 2930 reconditis
672 2886 888 2930 doctrinae
921 2884 1097 2929 latebris
1129 2887 1222 2929 eius
1255 2887 1317 2928 rei
1348 2886 1560 2942 originem
1593 2886 1725 2930 histo-

122 2960 319 3016 riamque
349 2962 529 3012 erueret,
568 2957 640 3002 sed
671 2958 775 3002 satis
805 2957 957 3001 habuit
987 2956 1354 3001 narratiunculam
1386 2956 1436 3000 de
1469 2957 1650 3001 Acontio
1682 2962 1727 3001 et
