1930 3354
839 282 923 326 661

83 402 329 461 Ῑιόνὸφιίπε
356 404 432 462 qui
463 405 631 462 primus
661 418 816 448 nomen
847 403 1078 461 protulerit
1098 404 1131 459 ¹)
1161 404 1350 448 mentium
1379 405 1535 457 medici,
1563 405 1675 462 quod

84 483 346 534 quamquam
377 479 519 520 totum
549 475 660 519 illud
693 476 917 519 hominum
949 477 1412 532 praestantissimorum
1443 490 1580 535 genus
1607 491 1678 533 op-

83 547 191 593 timu
221 545 435 598 deser-ibit,
467 551 611 591 tamen
642 551 810 590 nostrae
841 549 991 590 aetatis
1019 547 1266 591 hominibus
1297 562 1387 591 rem
1414 548 1606 591 nondum
1630 549 1677 590 in

83 617 187 666 satis
226 615 339 662 clare
379 618 502 674 ponit
533 616 642 661 luce.
679 617 947 674 Quapropter
977 617 1176 662 libellum
1207 618 1416 676 Levequii
1448 619 1677 676 separatim

83 687 212 734 edens
228 686 263 742 ²)
293 687 705 746 disputatiunculam
737 688 950 745 quandam
982 691 1196 746 praemisi,
1231 703 1314 747 qua
1345 691 1558 733 mentium
1589 703 1677 732 me-

85 758 200 811 dicos
225 757 328 805 illos
352 768 454 805 eum
481 758 781 816 „pastoribus”
808 762 1066 817 comparavi,
1093 775 1176 804 non
1204 775 1306 804 vero
1334 775 1434 804 cum
1459 759 1678 804 catholicis

84 829 163 877 sod«
188 842 289 882 cum
317 828 409 874 illis
437 830 549 874 mihi
579 843 604 874 a
636 832 776 887 prima
808 832 992 887 pueritia
1024 833 1257 875 notissimis
1285 830 1675 889 „protestantibus”

44 957 47 962 .
85 914 269 959 qnorum
299 905 349 945 81
370 902 565 958 ipsorum
597 905 767 945 tantum
797 916 879 945 non
914 904 1055 945 omnis
1088 905 1177 947 vita
1209 903 1347 946 tribus
1378 903 1492 946 hisce
1517 905 1678 960 impen-

83 972 204 1019 ditur
232 973 370 1017 curis:
409 972 580 1030 publice
611 973 895 1025 contionandi,
926 988 1080 1030 pueros
1112 974 1287 1018 docendi
1319 989 1594 1032 quaecunque
1626 973 1679 1016 ad

83 1042 337 1102 religionem
377 1046 633 1102 pertinentia
671 1051 839 1089 tenerae
882 1047 1013 1088 aetati
1053 1050 1154 1089 sunt
1193 1050 1308 1103 apta,
1341 1048 1548 1103 privatim
1579 1060 1678 1089 cum

83 1114 334 1163 hominibus
374 1115 459 1160 sibi
499 1117 741 1160 commissis
782 1115 1065 1173 colloquendi.
1108 1116 1242 1161 Cuius
1286 1116 1424 1160 libelli
1455 1131 1678 1160 censuram

44 1217 46 1219 >
83 1199 216 1245 egens
248 1187 315 1230 vir
344 1185 618 1230 doctissimus
649 1187 754 1229 Max
786 1187 972 1240 Pohlenz,
1005 1202 1105 1231 cum
1137 1192 1280 1232 totum
1301 1190 1411 1232 eius
1450 1187 1679 1232 consilium

83 1268 343 1316 magnopere
373 1257 605 1315 probasset,
639 1258 689 1302 de
720 1259 978 1315 praefatione
1006 1258 1084 1302 illa
1115 1261 1176 1303 sic
1207 1259 1430 1303 disseruit:

110 1360 112 1362 -
138 1330 300 1382 ·„einen
341 1329 708 1387 cigentiimlic'hen
750 1330 850 1373 Reiz
881 1330 1076 1388 gewithrt
1113 1345 1157 1374 es
1189 1345 1291 1383 nun,
1323 1346 1375 1374 zu
1406 1331 1677 1384 beobachten,

42 1436 45 1447 ι
84 1401 175 1445 wie·
204 1398 412 1445 Plutarch
453 1401 534 1444 auf
569 1401 683 1445 dlese
714 1401 865 1444 beiden
897 1415 944 1445 so
976 1402 1305 1446 verschiedenen
1336 1402 1523 1446 Volkern
1553 1417 1680 1460 ange-

83 1471 267 1530 herig-en
293 1470 477 1517 Manner
501 1476 588 1523 (me
614 1471 719 1516 dicit
744 1471 1114 1530 Levequiumque)
1142 1473 1285 1517 wirkt.
1314 1473 1451 1517 Wenn
1467 1473 1680 1516 Hartman

84 1556 146 1590 au
171 1542 389 1600 Plutarch
427 1543 585 1596 denkt,
614 1558 660 1587 so
698 1544 884 1587 tauchen
914 1558 991 1588 vor
1021 1546 1138 1588 scine
1169 1546 1323 1603 Augen
1355 1537 1680 1589 unwillkiirlich

84 1613 459 1673 pitriorehelische
485 1613 710 1660 Gestalten
735 1617 873 1659 seiner
897 1615 1152 1674 Jugendzeit
1178 1617 1265 1669 auf,
1299 1617 1367 1660 die
1391 1618 1437 1660 in
1463 1616 1681 1660 einfachen

85 1685 406 1731 Verbaltuissen
448 1685 645 1739 lehrend‚
689 1686 925 1740 mahnend,
966 1688 1232 1732 versfihnend
1273 1690 1366 1732 eine
1409 1688 1680 1746 segenreiche

86 1756 398 1805 wis-kosmkeffit
423 1757 691 1803 sntfulteten.
717 1757 804 1802 Fur
830 1758 1028 1816 Leveque
1053 1761 1112 1802 ist
1134 1759 1338 1803 Plutarch
1362 1759 1437 1803 der
1453 1759 1680 1818 geistvolle

86 1827 472 1882 Sittensehilderer,
521 1829 596 1874 der
641 1830 724 1872 mit
770 1830 958 1874 scharfer
1004 1830 1314 1888 Beobachtung
1360 1831 1434 1875 das
1481 1831 1681 1875 treffende

87 1899 209 1946 Wort
245 1900 479 1954 verbindet,
523 1900 598 1945 der
638 1902 772 1944 Mann
814 1916 892 1945 vor
932 1902 1256 1961 untrfiglichem
1289 1903 1524 1946 ethischem
1555 1903 1680 1955 (Pake,

85 1987 187 2019 von·
206 1971 339 2017 allen
378 1973 481 2017 aber
520 1975 590 2017 ein
633 1972 769 2017 Genio
812 1974 1316 2030 practisch-moralischer
1355 1975 1680 2027 Wirksamkeit‚

89 2044 170 2091 du·
188 2046 240 2091 >in
269 2045 411 2089 einum
442 2044 731 2089 verfallenden
763 2044 966 2089 Zeitalter
998 2060 1042 2089 es
1074 2047 1166 2090 sich
1192 2047 1378 2090 bewusst
1403 2061 1501 2090 zum
1527 2047 1681 2090 Berufe

87 2115 294 2175 gemacht
325 2116 416 2168 hat,
459 2115 528 2161 die
571 2116 790 2160 sittlichen
835 2115 1026 2160 Schsden
1067 2132 1120 2160 zu
1162 2117 1303 2162 heilen
1342 2118 1428 2162 und
1460 2119 1533 2162 der
1563 2117 1682 2161 Seele

89 2187 223 2236 ‹hlmh
268 2186 338 2232 dio
378 2187 606 2247 Weckung
652 2188 724 2232 des
765 2187 1021 2232 Vertrauens
1067 2189 1147 2232 auf
1188 2189 1255 2233 die
1302 2191 1450 2248 eigene
1493 2189 1681 2233 sittliche

88 2258 466 2318 Kraoedon‘·w0g
496 2274 572 2303 zur
602 2259 844 2317 Besserung
875 2274 928 2302 zu
958 2259 1152 2317 zeigen.'’

127 2329 216 2377 :De
239 2330 395 2375 mente
417 2329 497 2375 illa
522 2334 661 2375 aetate
686 2332 963 2387 imperatoria
989 2336 1167 2387 possunt
1196 2330 1336 2375 multa
1361 2333 1405 2375 iu
1427 2333 1683 2375 contrariam

89 2404 254 2460 partem
286 2401 385 2446 dici.
425 2401 508 2446 Sed
542 2404 715 2446 omnino
746 2400 977 2445 Pohlenzio
1009 2404 1112 2445 satis
1142 2401 1263 2445 illam
1297 2417 1438 2446 meam
1471 2417 1683 2460 compara-

35 2485 38 2505 ’»
89 2473 466 2532 tionem-probari
505 2487 557 2518 ex
599 2475 736 2531 ipsius
779 2472 919 2516 elucet
954 2473 1108 2516 verbis.
1151 2473 1299 2530 Neque
1331 2477 1395 2517 est
1423 2478 1543 2517 tanta
1572 2475 1684 2517 inter

90 2557 162 2590 me
184 2543 540 2603 Ikvequiumque
567 2545 850 2602 discrepantia
879 2549 1035 2601 quanta
1055 2544 1237 2588 videtur.
1266 2546 1444 2601 Maynus
1467 2545 1682 2602 Levequio

91 2617 162 2661 vir
186 2615 452 2661 Plutarchus
481 2616 677 2661 videtur:
710 2630 920 2674 magnum
952 2619 1097 2660 autem
1131 2618 1275 2660 virum
1307 2631 1398 2660 esse
1429 2631 1550 2674 posse
1582 2631 1683 2660 eum

92 2687 197 2745 quir
222 2690 273 2732 ut
312 2686 587 2741 Plutarchus,
628 2690 676 2732 in
716 2693 879 2732 remoto
922 2687 1066 2745 aliquo
1097 2691 1308 2732 terrarum
1341 2688 1499 2746 ang-ulo
1529 2689 1683 2733 vivens

137 2842 175 2886 1)
205 2842 385 2877 Μίνωι
413 2841 464 2876 nlo
496 2845 659 2886 tamquam
687 2845 756 2875 uter
758 2842 846 2874 minu
850 2851 880 2873 m
904 2844 936 2874 te
937 2839 1107 2874 cihn1”cnm
1110 2851 1214 2881 ,nem
1237 2841 1288 2873 818
1290 2851 1305 2873 8
1327 2839 1714 2883 temporisioephlomiph]

92 2898 217 2935 delii
249 2900 283 2932 ot
315 2899 433 2933 &nm
459 2898 499 2932 de
528 2900 685 2931 suante
715 2897 746 2929 10
728 2908 808 2939 ouqe
771 2899 880 2930 888188
901 2906 993 2939 saepe
1017 2898 1098 2930 meta
1095 2895 1174 2939 phot
1157 2897 1202 2929 ris
1226 2899 1283 2929 utu
1285 2898 1362 2929 ntur
1346 2906 1402 2929 re
1425 2895 1537 2929 medici
1561 2895 1640 2927 offici
1613 2905 1684 2928 0188
1706 2906 1712 2945 p

93 2952 280 3009 desumptis.

125 3007 176 3053 2)
199 3001 333 3043 Canon
347 2997 508 3050 Ῑιὲνῖᾳυε
537 3007 599 3040 1181)
600 3006 646 3040 118
650 3018 678 3040 ιιι
705 3018 763 3040 ιιι·
764 3017 836 3040 eum
861 3007 898 3038 de
921 3006 982 3039 Plu
984 3010 1017 3039 18
1019 3006 1095 3039 roho
1119 3006 1234 3039 mentis
1258 3017 1307 3039 me
1291 3005 1340 3038 edi
1343 3016 1378 3038 00
1403 3005 1474 3038 (188(
1477 3016 1506 3038 ιο
1527 3005 1683 3039 edendum

93 3063 219 3097 our-vit
240 3063 273 3098 J.
295 3063 328 3097 J.
351 3062 521 3096 Hartman.
544 3064 589 3096 Lu
572 3063 677 3106 ugdu
680 3063 761 3095 iBn
763 3065 835 3095 18νο
858 3073 909 3094 um
934 3073 994 3105 epu
976 3062 1016 3094 ud
1042 3065 1078 3094 A.
1106 3062 1157 3095 W.
1182 3061 1280 3105 Sytho
1282 3062 1307 3094 ff
1328 3061 1427 3094 1908.
