2002 3372
1066 219 1154 262 222

317 346 368 388 311
395 344 534 388 aulam
564 342 779 398 principis,
807 341 1113 395 magistratum
1139 341 1342 392 obtineat,
1371 343 1530 396 ipsum,
1558 341 1594 382 si
1621 339 1712 383 fieri
1741 342 1895 396 potest,

317 416 553 471 principem
581 413 663 454 sibi
685 410 831 453 reddat
855 411 1043 452 amicum
1070 414 1114 452 et
1138 410 1459 468 suffragatorem
1477 424 1699 467 nunquam
1714 411 1901 454 remittit

318 488 519 534 cessatve,
561 484 694 524 immo
733 482 777 522 in
819 479 908 522 dies
947 479 996 522 fit
1036 482 1200 524 cautior
1231 481 1561 538 diligentiorque
1591 495 1644 524 ne
1673 494 1750 524 sua
1779 479 1903 537 quid-

319 569 446 612 quam
489 555 656 596 eveniat
696 550 822 606 culpa
863 550 974 606 quod
1015 554 1090 593 aut
1122 554 1171 593 ut
1203 552 1391 608 „frigore
1422 552 1600 594 feriatur
1631 550 1900 608 potentium”

320 625 485 675 efficiat,
528 626 602 665 aut
644 621 756 678 quod
796 634 820 663 a
860 621 1139 663 severissimis
1180 622 1422 665 censoribus
1464 621 1535 666 vel
1574 621 1728 665 leniter
1766 622 1903 678 possit

318 693 580 751 reprehendi.
613 691 692 735 Sed
725 705 883 733 munus
915 691 1025 747 quod
1056 692 1095 734 ei
1121 695 1185 734 est
1210 693 1460 735 mandatum
1487 706 1569 736 non
1597 691 1898 736 difficillimum

320 765 460 808 solum
490 767 567 814 est,
601 763 674 806 sed
705 776 802 805 suas
833 762 914 804 sibi
946 762 1073 805 habet
1098 762 1329 816 molestiae,
1356 762 1568 819 plerisque
1594 762 1690 806 aliis
1715 762 1900 806 homini·

320 837 400 879 bus
440 837 630 891 ignotas;
675 832 884 875 utendum
923 834 968 874 in
1000 846 1048 875 eo
1080 836 1145 875 est
1175 848 1258 876 non
1289 833 1513 889 prudentia
1545 832 1686 876 solum
1716 845 1902 889 curaque

320 907 393 950 sed
425 908 555 949 etiam
586 903 818 948 calliditate
849 903 1031 960 quadam
1063 908 1190 960 atque
1221 904 1438 947 interdum
1471 903 1589 955 dolo;
1617 905 1842 948 commissa
1863 904 1903 946 ei

321 981 385 1020 est
426 980 501 1020 aut
541 977 744 1018 securitas
776 973 946 1031 publica
977 978 1052 1017 aut
1083 988 1179 1030 pars
1211 977 1414 1030 pecuniae
1445 974 1662 1031 publicae;
1694 975 1904 1031 apparito-

322 1049 440 1091 ribus
467 1061 568 1104 ergo
601 1060 706 1102 opus
738 1049 800 1088 est
832 1045 985 1100 quibus
1017 1049 1141 1087 notae
1173 1046 1258 1087 sint
1290 1059 1461 1088 arcanae
1486 1044 1585 1088 illae
1613 1046 1790 1088 semitae
1815 1045 1906 1101 qui-

323 1120 402 1161 bus
442 1118 759 1173 investigantur
796 1116 1048 1171 impostores
1089 1119 1132 1157 et
1173 1115 1368 1166 malefici,
1412 1115 1679 1159 adiutoribus
1722 1129 1906 1172 quorum

323 1190 514 1245 ipsorum
547 1188 638 1230 vita
670 1201 752 1229 non
785 1187 843 1228 sit
873 1186 925 1228 ab
958 1187 1074 1228 omni
1099 1185 1193 1228 labe
1218 1200 1337 1242 pura.
1370 1185 1428 1237 Si,
1458 1186 1570 1242 quod
1595 1200 1676 1243 ego
1701 1187 1908 1244 suspicor,

324 1273 420 1316 pars
466 1258 672 1315 quaedam
715 1257 871 1300 veteris
917 1256 1146 1299 aedilitatis
1193 1261 1283 1299 erat
1329 1258 1556 1300 commissa
1601 1257 1765 1309 Paccio,
1811 1270 1907 1301 eam

324 1334 489 1387 partem
531 1328 624 1371 dico
665 1341 772 1384 quae
803 1327 853 1370 ad
886 1329 1157 1370 securitatem
1188 1328 1426 1383 pertinebat
1456 1328 1588 1380 urbis,
1619 1327 1734 1371 haud
1765 1329 1909 1384 parvis

325 1409 515 1457 praeerat
546 1400 677 1456 copiis
707 1398 916 1441 eiusmodi
946 1397 1153 1449 militum,
1186 1398 1239 1440 ad
1268 1412 1391 1441 suam
1421 1412 1514 1442 rem
1544 1398 1776 1456 gerendam
1806 1399 1910 1441 satis

327 1475 523 1527 aptorum
555 1469 625 1512 sed
658 1471 732 1525 qui
762 1468 978 1511 interdum
1010 1472 1053 1511 et
1084 1468 1262 1511 ducibus
1294 1471 1382 1511 suis
1408 1469 1654 1512 exhiberent
1679 1468 1909 1512 molestias.

329 1542 440 1586 Nam
473 1554 599 1584 aurea
631 1539 706 1582 illa
738 1539 920 1582 Romani
950 1541 1121 1595 imperii
1152 1543 1304 1591 aetate,
1336 1541 1458 1582 cuius
1488 1539 1599 1582 nihil
1629 1543 1720 1583 tam
1745 1538 1913 1583 laudari

329 1612 436 1655 solet
462 1625 589 1667 quam
615 1612 707 1666 ipsa
733 1608 807 1652 illa
831 1611 1031 1652 securitas
1058 1608 1239 1664 publica,
1267 1611 1369 1666 quin
1396 1610 1532 1666 ipsius
1561 1610 1678 1653 urbis
1706 1609 1911 1667 „politia”

330 1683 502 1738 egregie
543 1681 672 1723 fuerit
714 1682 922 1722 instructa
965 1693 1048 1722 non
1088 1684 1151 1722 est
1193 1679 1304 1735 quod
1342 1679 1601 1723 dubitemus.
1645 1679 1783 1733 „Quid
1814 1694 1914 1738 que-

329 1755 485 1795 runtur
515 1752 709 1794 homines
740 1750 790 1793 de
822 1750 1022 1792 hodierna
1053 1763 1195 1792 rerum
1226 1749 1491 1792 conditione''
1523 1749 1662 1793 multo
1693 1754 1790 1808 post
1815 1749 1917 1793 Plu-

331 1822 529 1866 tarchum
570 1825 693 1878 rogat
734 1820 932 1863 Plotinus
965 1834 1128 1871 „nonne
1160 1819 1322 1862 multae
1353 1819 1506 1863 adsunt
1539 1834 1605 1864 res
1635 1821 1790 1877 quibus
1819 1819 1912 1878 glo-

330 1895 492 1936 riemur
526 1925 535 1935 .
555 1924 565 1934 .
585 1923 623 1934 ..
664 1905 804 1934 nonne
843 1892 1083 1947 puniuntur
1122 1889 1226 1933 mali
1237 1888 1281 1932 ?”
1311 1890 1342 1943 1)
1388 1890 1516 1933 Haud
1554 1891 1713 1934 iniuria
1753 1891 1832 1934 1100
1873 1893 1915 1934 ei

332 1964 620 2007 certissimum
662 1962 835 2004 videtur
872 1974 1023 2004 aureae
1065 1960 1286 2004 cuiusdam
1318 1962 1469 2003 aetatis
1501 1962 1696 2018 signum3
1731 1961 1843 2018 qnod
1876 1963 1913 2004 si

331 2034 448 2076 illius
489 2038 679 2089 tempore
710 2034 903 2075 omnium
935 2030 1076 2074 oculos
1106 2032 1151 2073 in
1182 2045 1225 2074 se
1256 2032 1542 2083 convertebat,
1574 2031 1754 2075 Traiano
1781 2033 1917 2089 impe-

333 2108 452 2148 rante
494 2118 577 2147 non
620 2104 804 2146 defuisse
846 2103 981 2146 credo.
1024 2102 1118 2153 Sed,
1161 2102 1369 2159 quidquid
1409 2105 1487 2154 est,
1520 2103 1695 2147 Paccius
1726 2107 1918 2160 praeerat

333 2175 578 2218 hominibus
611 2174 802 2217 molestis
834 2173 906 2216 sed
939 2173 1095 2229 quibus
1126 2186 1266 2215 carere
1298 2187 1380 2215 non
1411 2176 1598 2230 poterat;
1631 2174 1678 2217 hi
1709 2187 1809 2218 eum
1837 2173 1919 2217 001-

333 2246 503 2288 licitum
545 2244 788 2295 reddebant,
830 2258 929 2286 nam
962 2258 1047 2286 non
1082 2242 1224 2285 solum
1255 2245 1413 2287 morosi
1443 2247 1563 2287 erant
1594 2244 1668 2288 sed
1698 2248 1743 2288 et
1773 2248 1920 2288 contu-

336 2329 476 2358 maces
490 2329 500 2367 ;
529 2328 665 2370 neque
691 2313 830 2357 solum
857 2315 1065 2370 magistro
1092 2327 1168 2356 suo
1195 2313 1308 2356 dicto
1335 2314 1553 2357 audientes
1584 2329 1667 2358 11011
1699 2318 1820 2359 erant
1849 2315 1923 2358 sed

337 2400 459 2442 saepe
490 2398 611 2427 suam
644 2384 924 2427 calliditatem
955 2386 1001 2426 111
1032 2383 1160 2426 11111111
1193 2384 1506 2427 convertebant.
1551 2384 1662 2437 Quid
1692 2387 1854 2428 mirum
1885 2386 1923 2428 si

337 2456 507 2499 tandem
540 2457 709 2498 animus
740 2456 941 2497 Paccium
974 2454 1204 2505 deficiebat,
1238 2456 1272 2496 si
1305 2457 1493 2498 muneris
1524 2469 1624 2498 eum
1651 2455 1859 2508 taedebat,
1887 2457 1924 2498 si

337 2528 548 2570 insomnia
588 2526 821 2578 laborabat,
863 2528 900 2568 si
942 2526 1084 2581 quivis
1125 2539 1225 2567 eum
1264 2526 1447 2568 terrebat
1478 2525 1697 2579 salutator,
1730 2528 1922 2576 nuntius,

339 2597 530 2653 epistola,
564 2597 743 2652 denique
776 2598 812 2638 si
843 2610 1013 2651 corpore
1044 2599 1087 2637 et
1119 2599 1262 2638 mente
1295 2610 1338 2638 se
1368 2600 1588 2652 aegrotare
1619 2595 1858 2640 sentiebat?
1888 2595 1922 2638 O

340 2668 456 2718 bene,
501 2667 614 2722 quod
653 2669 697 2708 in
741 2671 930 2722 tempore
968 2663 1272 2709 Chaeronensis
1304 2668 1343 2708 ei
1375 2666 1526 2709 medici
1556 2668 1601 2709 in
1633 2670 1821 2710 mentem
1852 2681 1925 2711 ve-

341 2738 494 2788 niebat,
539 2739 613 2793 qui
645 2741 852 2793 quantum
885 2750 960 2779 sua
993 2735 1153 2779 valeret
1185 2740 1274 2778 arte
1306 2741 1381 2779 aut
1412 2740 1612 2793 expertus
1643 2741 1733 2780 erat
1762 2741 1838 2780 aut
1869 2738 1922 2780 ab

388 2910 422 2948 1)
455 2909 538 2941 Eun.
568 2908 614 2947 ΙΙ,
638 2908 657 2938 9
688 2908 782 2950 (apud
817 2907 1053 2939 Volkmannum
1085 2906 1146 2938 vol.
1177 2907 1193 2938 I
1225 2918 1255 2949 p.
1282 2907 1345 2939 196
1380 2907 1401 2939 1.
1436 2910 1512 2950 Suq.
1544 2908 1593 2940 Cf.
1622 2909 1654 2940 ct
1677 2919 1709 2951 p.
1733 2907 1863 2947 520,ss
1889 2909 1927 2940 de

342 2964 502 3006 carnificis
527 2963 689 3001 utilitate).
