1930 3354
836 883 878 940 O
891 885 943 939 A
956 884 1000 939 P
1013 883 1123 939 UT
1168 884 1355 940 XXII.

992 1244 1208 1277 EPILOGUS.

369 1374 522 1432 „Apud
554 1375 764 1418 Romanos
795 1374 939 1418 nullus
964 1379 1053 1418 erat
1076 1379 1215 1419 certus
1242 1375 1341 1419 ordo
1367 1375 1645 1426 sacerdotum,
1672 1389 1755 1420 non
1779 1389 1880 1432 ergo

306 1449 499 1501 poterant
526 1446 704 1488 existere
731 1445 828 1488 lites
856 1450 899 1488 et
924 1447 1234 1489 controversiae
1258 1445 1308 1488 de
1334 1444 1557 1503 religione:
1575 1447 1649 1502 qui
1663 1450 1882 1503 praeerant

305 1515 561 1572 reipublicae
587 1515 718 1558 iidem
745 1521 962 1572 praeerant
990 1515 1198 1573 religioni,
1227 1516 1297 1559 sed
1313 1521 1432 1559 erant
1446 1515 1679 1564 sacerdotes
1692 1518 1861 1560 nomine
1869 1530 1881 1570 3

307 1600 421 1629 sacra
453 1586 732 1642 procurabant
762 1586 980 1642 pontifices
1006 1588 1201 1639 minores,
1229 1588 1342 1630 cives
1369 1586 1657 1631 honestissimi
1682 1586 1755 1631 sed
1779 1601 1882 1631 nun·

307 1670 435 1712 quam
484 1670 536 1699 ex
583 1656 728 1699 ordine
770 1656 1057 1713 amplissimo3
1104 1657 1355 1711 praecepta
1396 1655 1596 1701 moralia.
1633 1655 1884 1702 meabant

309 1724 626 1780 philosophi.’'

366 1796 502 1839 Verba
532 1797 633 1840 haec
665 1801 766 1840 sunt
797 1796 958 1850 Cobeti,
991 1812 1014 1840 a
1045 1798 1200 1854 quibus
1226 1798 1354 1841 ordiri
1380 1797 1539 1842 solebat
1562 1799 1881 1856 Antiquitatum

307 1867 594 1910 Romanarum
622 1872 748 1924 caput
775 1869 824 1910 de
852 1883 895 1910 re
919 1884 1045 1911 sacra.
1074 1868 1188 1921 Quae
1215 1869 1334 1912 nobis
1359 1870 1403 1911 in
1430 1873 1616 1912 mentem
1638 1873 1881 1914 revocantes

305 1939 444 1994 ipsam
472 1937 592 1980 illam
620 1937 776 1981 claram
805 1953 1081 1996 sonoramque
1107 1939 1304 1982 audimus
1332 1953 1481 1983 vocem
1507 1939 1771 1984 dilectissimi
1795 1954 1881 1984 ma·

306 2009 448 2064 gistri,
490 2008 768 2065 videmusque
810 2009 983 2052 vultum
1024 2011 1107 2052 viri
1148 2011 1308 2053 summi
1339 2024 1422 2067 quo
1453 2014 1673 2067 tamquam
1703 2009 1882 2068 splendi-

307 2078 481 2121 dissimo
514 2079 658 2122 decore
691 2093 855 2135 semper
885 2079 1143 2136 gloriabitur
1172 2079 1409 2136 respublica
1439 2084 1594 2124 nostra.

366 2147 628 2203 Praecepta
650 2148 849 2193 moralia
871 2148 1120 2194 tradebant
1136 2149 1424 2205 philosophi.
1446 2151 1659 2204 Quantum
1674 2152 1722 2194 in
1736 2153 1881 2208 paucis

305 2220 420 2262 hisce
461 2221 562 2262 insit
604 2221 743 2263 verbis
785 2221 913 2277 probe
956 2221 1172 2278 intelliget
1208 2222 1447 2278 quicunque
1478 2220 1607 2279 paulo
1636 2223 1880 2266 interiorem

306 2292 560 2333 contraxerit
592 2290 928 2333 familiaritatem
959 2306 1058 2334 cum
1090 2292 1366 2348 scriptoribus
1397 2291 1569 2335 Graecis
1600 2291 1880 2349 Romanisque

307 2375 502 2417 quorum,
545 2362 793 2417 praesertim
835 2364 971 2404 aetate
1011 2363 1301 2418 imperatoria,
1344 2365 1433 2405 toto
1473 2363 1652 2418 imperio
1691 2361 1881 2406 Romano

306 2445 475 2474 summa
515 2431 599 2474 fuit
641 2433 880 2474 auctoritas.
925 2431 965 2474 Is
1006 2434 1121 2475 enim
1152 2432 1228 2476 illa
1261 2433 1389 2476 verba
1419 2434 1478 2476 sic
1508 2433 1879 2490 interpretabitur:

309 2506 397 2544 erat
429 2506 529 2545 tunc
559 2517 694 2558 genus
725 2502 948 2545 hominum
981 2504 1054 2559 qui
1084 2502 1327 2559 philosophi
1358 2502 1605 2546 dicebantur
1634 2502 1707 2546 sed
1735 2517 1881 2547 revera

308 2579 425 2615 erant
466 2572 711 2624 sacerdotes,
755 2578 798 2615 at
829 2573 1063 2616 sacerdotes
1095 2575 1247 2630 quibus
1278 2572 1397 2616 nulla
1426 2573 1697 2617 incumbebat
1727 2573 1880 2616 sacrifi-

307 2645 482 2694 ciorum,
525 2644 876 2691 caerimoniarum
919 2658 1106 2700 quaeque
1147 2643 1230 2686 alia
1270 2649 1370 2687 sunt
1410 2658 1460 2687 ex
1492 2658 1542 2688 eo
1571 2657 1726 2701 genere
1757 2657 1880 2697 cura3

309 2713 453 2756 docere
499 2713 712 2764 homines,
756 2728 945 2765 monere,
992 2715 1233 2770 vituperare
1275 2715 1311 2756 si
1352 2729 1457 2771 opus
1499 2718 1600 2766 erat,
1640 2715 1685 2757 in
1725 2728 1769 2757 re
1810 2714 1881 2758 ad-

307 2797 426 2826 versa
473 2783 621 2836 solari,
665 2798 834 2827 sursum
878 2798 1024 2827 eorum
1066 2783 1258 2827 attollere
1299 2789 1480 2835 mentes,
1524 2798 1668 2828 sanare
1713 2785 1880 2828 morbos

307 2852 551 2909 doloresque
599 2855 752 2910 quibus
792 2854 1066 2905 vexabantur,
1115 2858 1176 2906 et,
1225 2856 1316 2898 sive
1363 2855 1501 2898 vocati
1546 2856 1637 2899 sive
1683 2869 1765 2898 non
1809 2869 1880 2898 vo·

308 2925 390 2965 cati
432 2928 587 2974 essent,
628 2924 916 2967 laborantibus
957 2924 1029 2968 vel
1071 2925 1363 2968 commendare
1404 2924 1475 2969 vel
1505 2925 1650 2968 afferre
1681 2924 1878 2976 remedia,

308 2994 386 3035 hoc
428 2995 601 3036 unicum
644 3008 790 3037 eorum
831 2998 920 3037 erat
963 2994 1160 3037 officium.
1204 2994 1340 3048 Quare
1371 3009 1539 3038 summa
1568 2994 1693 3038 laude
1724 2995 1879 3052 dignus
