2002 3372
884 242 972 285 233

130 362 269 407 Senex
309 363 384 408 ille
416 365 521 408 duos
553 365 736 409 habebat
769 364 877 408 filios
910 365 1099 408 nondum
1133 363 1317 414 adultos,
1352 379 1536 421 cumque
1569 364 1651 406 sibi
1681 363 1727 406 fi-

128 449 228 478 nem
275 434 420 480 adesse
466 437 655 489 sentiret,
704 438 764 480 sic
812 451 911 479 cum
956 436 1241 479 familiaribus
1284 450 1406 492 saepe
1447 435 1725 492 loquebatur:

131 519 391 563 „puerorum
431 508 615 551 istorum
656 521 783 551 causa
825 507 944 551 doleo
984 507 1098 564 quod
1142 522 1241 551 mox
1282 521 1354 550 eos
1386 508 1469 550 sim
1501 506 1729 549 relicturus

129 575 241 621 solos
273 609 283 621 .
303 609 342 621 ..
363 610 373 622 .
407 583 610 635 patruum
652 581 768 622 enim
813 594 895 622 non
938 579 1140 623 habent”.
1187 579 1381 622 Timonis
1423 593 1524 622 vero
1558 577 1637 621 filii
1670 604 1727 610 —

129 647 194 692 fac
225 649 339 692 enim
370 649 498 693 illum
530 652 715 708 priorem
748 665 770 694 e
804 652 895 694 vita
921 652 1149 694 excessisse
1175 676 1232 683 ——
1261 651 1488 708 egregium
1514 650 1729 693 habebant

130 723 350 776 patruum.
393 720 552 775 Quodsi
582 721 707 765 Timo
742 722 866 765 fratri
902 723 1158 778 supervixit,
1194 722 1300 765 bene
1334 723 1465 765 huius
1501 721 1602 764 filiis
1634 735 1728 764 eon-

129 789 298 834 sultum
339 792 437 844 fuit,
479 794 516 835 si
557 797 736 850 patruus
778 792 961 836 fideliter
1002 793 1191 837 defuncti
1224 795 1358 850 patris
1391 794 1627 850 praeceptis
1659 794 1728 836 ob-

129 864 404 919 temperavit.
449 864 516 907 An
557 878 747 922 unquam
781 864 1015 921 quidquam
1049 865 1099 908 de
1132 869 1222 908 tota
1253 866 1331 908 hac
1364 880 1408 908 re
1442 867 1728 922 praestantius

130 934 340 990 seriptum
386 938 452 978 est
498 936 695 993 quodque
742 935 900 979 melius
943 936 1204 980 demonstret
1246 950 1376 993 quam
1419 937 1622 994 egregius
1663 938 1730 979 vir

129 1003 260 1048 fuerit
300 1005 337 1048 is
379 1007 454 1063 qui
495 1008 667 1064 scripsit
708 1012 751 1051 et
793 1022 923 1064 quam
961 1009 1067 1051 bene
1100 1011 1266 1051 mentes
1294 1008 1522 1051 hominum
1554 1008 1730 1051 haberet

130 1080 370 1134 perspectas
402 1091 531 1134 quam
564 1078 643 1122 hoc
675 1082 734 1134 (p.
769 1078 854 1122 491
871 1078 1008 1132 E.F):

193 1161 322 1206 „erga
362 1148 507 1193 fratris
548 1149 705 1193 liberos
749 1164 882 1207 aeque
924 1149 1181 1194 benevolum
1214 1154 1343 1207 atque
1376 1164 1478 1208 erga
1509 1164 1608 1194 suos
1641 1165 1730 1194 esse

129 1223 308 1277 oportet,
353 1221 426 1264 sed
467 1223 598 1265 etiam
641 1221 848 1265 leniorem
891 1222 1299 1279 clementioremque
1341 1237 1393 1265 ne
1427 1224 1476 1273 si,
1510 1226 1560 1265 ut
1592 1222 1729 1265 solent

130 1290 428 1345 adolescentes,
461 1295 730 1350 peccaverint
760 1295 894 1349 patris
923 1295 1156 1351 matrisque
1185 1299 1305 1338 metu
1332 1294 1575 1352 aufugiant,
1602 1308 1730 1351 seque

131 1361 186 1406 ad
216 1361 321 1407 alios
352 1368 616 1417 convertant,
652 1367 727 1422 qui
755 1364 934 1408 illorum
967 1365 1153 1410 salutem
1183 1381 1266 1410 non
1293 1370 1444 1409 curant
1471 1370 1599 1423 atque
1625 1365 1730 1409 adeo

133 1433 307 1493 longius
351 1438 483 1480 etiam
525 1451 595 1480 eos
628 1451 652 1480 a
683 1441 797 1480 recta
829 1437 1045 1480 abducunt
1077 1439 1163 1489 via,
1196 1437 1268 1482 sed
1301 1443 1343 1481 et
1376 1438 1623 1495 perfugium
1656 1437 1730 1481 ha-

132 1502 260 1550 beant
301 1507 354 1550 ad
395 1507 583 1565 aliquem
626 1510 700 1565 qui
744 1512 786 1552 et
826 1509 1032 1552 benevole
1066 1514 1237 1553 moneat
1270 1514 1312 1553 et
1344 1514 1393 1552 ut
1425 1524 1450 1552 a
1482 1510 1731 1566 parentibus

132 1579 303 1622 veniam
333 1580 567 1636 impetrent
597 1579 759 1623 efficere
793 1578 985 1636 possit''?

140 1662 142 1664 ·
192 1649 352 1704 Quodsi
378 1653 475 1708 quis
499 1653 646 1709 ipsum
669 1651 792 1695 illius
818 1654 972 1696 aetatis
1000 1654 1213 1696 mentium
1238 1653 1440 1705 medicum,
1469 1652 1574 1696 dum
1592 1656 1729 1696 artem

131 1735 253 1766 suam
297 1727 464 1767 exercet
505 1723 604 1768 vult
647 1723 958 1781 deprehendere
1001 1729 1044 1768 et
1081 1724 1374 1782 contemplari,
1409 1726 1562 1782 eapitis
1594 1725 1732 1782 quarti

130 1792 250 1852 legat
281 1795 568 1838 narrationem
601 1798 660 1852 (p.
691 1793 829 1838 4¹79ss
855 1800 978 1853 sqq.).
1011 1793 1156 1853 Atque
1188 1798 1380 1853 primum
1412 1804 1607 1840 accurate
1639 1811 1732 1840 con·

130 1865 288 1910 sideret
327 1867 421 1923 ipsa
463 1881 488 1910 a
529 1867 684 1924 quibus
724 1868 878 1924 incipit
919 1868 1071 1911 verba:
1119 1869 1327 1919 „memini
1367 1882 1436 1912 me
1469 1867 1631 1911 Romae
1662 1883 1732 1912 cu·

129 1937 283 1981 randos
322 1939 508 1995 recipere
550 1937 656 1981 duos
700 1938 879 1982 fratres”
924 1938 1226 1990 ἀναδεξάμενον
1258 1939 1436 1983 δίαιταν.
1481 1939 1632 1983 Nonne
1671 1942 1731 1983 sic

129 2009 377 2052 etiamnunc
405 2008 645 2067 loquuntur
662 2009 827 2053 'medici
855 2010 905 2053 de
932 2012 1072 2068 aegris
1099 2025 1284 2068 quorum
1310 2025 1485 2068 corpora
1501 2010 1732 2054 curarunt?

131 2080 189 2124 At
231 2081 278 2124 hi
320 2080 604 2124 Plutarchum
648 2081 858 2133 adierant,
902 2082 972 2125 vel
1016 2096 1040 2125 a
1081 2083 1330 2140 parentibus
1372 2084 1495 2126 missi
1537 2082 1587 2125 ad
1630 2097 1730 2126 eum

130 2155 263 2206 erant,
303 2166 388 2196 non
419 2157 591 2210 propter
622 2154 781 2196 vitium
813 2155 999 2211 corporis
1031 2154 1199 2211 aliquod
1233 2156 1482 2198 subitumve
1515 2155 1730 2207 morbum,

133 2223 206 2268 sed
237 2225 339 2281 quia
368 2224 500 2268 frater
525 2225 702 2268 fratrem
733 2239 861 2269 suum
893 2226 1002 2270 ferre
1029 2242 1109 2269 non
1139 2231 1316 2284 poterat.
1351 2227 1591 2270 Audiamus
1619 2242 1731 2271 nunc

133 2295 346 2354 quomodo
387 2310 458 2339 eos
498 2309 728 2354 aggressus
771 2299 827 2340 sit
867 2297 1140 2351 Plutarchus,
1183 2303 1296 2342 certe
1339 2298 1525 2342 alterum
1567 2314 1729 2343 eorum.

133 2365 438 2424 Philosophiae
479 2366 554 2411 ille
595 2368 677 2411 sibi
717 2383 889 2425 operam
933 2369 1031 2412 dare
1073 2370 1313 2422 videbatur,
1347 2385 1514 2423 verum,
1549 2375 1599 2413 ut
1629 2370 1732 2414 Plu-

133 2438 271 2482 tarchi
296 2439 438 2482 verbis
464 2444 575 2491 utar,
603 2440 744 2483 malus
771 2445 860 2484 erat
887 2441 1018 2485 frater
1045 2442 1117 2485 sed
1143 2457 1224 2486 non
1253 2442 1408 2486 melior
1435 2442 1730 2500 philosophus.

133 2509 314 2553 Videtur
353 2510 484 2554 fuisse
526 2511 654 2555 homo
687 2514 761 2569 qui
793 2527 960 2570 semper
991 2514 1189 2557 deorsum
1223 2518 1446 2571 spectaret,
1481 2514 1732 2558 sublimiora

133 2587 300 2626 curaret
331 2581 456 2634 nihil,
495 2596 595 2626 nam
622 2597 646 2626 a
673 2583 904 2628 Plutarcho
931 2585 1176 2629 admonitus
1204 2590 1253 2629 ut
1279 2587 1407 2630 fratre
1435 2601 1511 2630 suo
1538 2591 1732 2630 uteretur

133 2654 195 2696 ita
238 2656 288 2696 ut
318 2652 622 2711 philosophum
655 2656 722 2697 uti
753 2655 873 2699 decet
904 2656 1076 2700 homine
1110 2659 1184 2714 qui
1215 2672 1297 2701 non
1330 2657 1609 2715 philosophus
1642 2660 1732 2715 qui-

133 2724 231 2768 dem
273 2725 346 2768 sed
388 2725 519 2769 frater
561 2727 616 2768 sit
658 2727 950 2783 responderat:
986 2730 1204 2785 „profecto
1236 2744 1320 2773 non
1353 2735 1417 2773 est
1450 2729 1730 2787 philosophus

130 2798 213 2840 iste
255 2802 298 2840 et
341 2797 452 2854 quod
491 2796 645 2841 iisdem
687 2803 812 2842 natus
855 2806 919 2843 est
961 2802 1209 2857 parentibus
1238 2801 1282 2844 id
1315 2816 1416 2846 vero
1448 2803 1629 2844 minime
1660 2816 1731 2845 me

132 2868 324 2920 movet”,
356 2871 484 2926 atque
514 2868 623 2912 illud
655 2869 796 2912 iisdem
827 2876 963 2914 natum
996 2887 1078 2914 esse
1100 2873 1341 2927 parentibus
1372 2874 1660 2930 spurcissimis
1688 2876 1730 2916 et

130 2939 442 2983 obscenissimis
483 2942 780 2985 enuntiaverat
819 2942 973 2985 verbis.
1017 2942 1130 2987 Tum
1173 2958 1273 2987 eum
1319 2943 1580 3004 Plutarchusv
1612 2944 1730 2988 hisce

131 3013 392 3069 corripuerat
423 3013 588 3056 verbis:
