2002 3372
1103 274 1189 320 570

360 401 401 440 et
439 397 670 439 inhumana
713 397 762 440 de
803 399 856 439 iis
887 396 1124 440 Stoicorum
1154 398 1323 452 iudicia,
1357 413 1537 456 quorum
1568 405 1726 458 quanta
1749 403 1927 458 Quo

360 468 415 510 sit
443 468 732 511 inhumanitas
764 482 814 510 ex
846 466 922 511 1110
949 467 1000 511 de
1025 469 1179 512 ratione
1204 471 1422 513 carentibus
1448 471 1707 517 animalibus·
1726 472 1928 536 demate

358 538 429 582 vel
459 539 653 581 maxime·
674 542 861 594 apparet.
1583 556 1586 559 ·
1664 581 1665 584 ,
1698 575 1701 585 ,
1730 573 1745 582 ,,
1791 569 1876 595 uua·

416 609 484 660 Et,
526 623 609 651 una
647 609 722 652 illa
765 609 896 652 Stoici
936 612 1175 655 narratione
1214 615 1401 668 excepta,
1443 626 1574 669 quam
1604 613 1927 671 *lepidaemsant

357 694 590 735 suavesque
630 683 789 722 ceterae
831 695 999 734 omnes;
1042 684 1186 725 statim
1227 685 1358 726 sentis
1398 697 1495 728 cum
1530 684 1632 731 alias
1663 689 1760 730 tum
1789 684 1928 738 illum,

357 765 485 806 quam
516 750 772 793 Phaedimus
803 752 942 803 refert,
973 754 1056 809 ipsi
1086 753 1316 798 Plutarcho
1348 755 1620 800 vehementer
1644 755 1928 813 pheuimde

357 820 541 865 Coerano
582 822 722 873 Pario,
765 824 838 878 qui
879 837 976 866 cum
1018 825 1062 867 in
1104 825 1192 868 foro
1224 827 1448 882 piscatorio
1478 825 1689 883 delphinis
1714 826 1930 877 attulissent

356 891 536 934 salutem
573 892 910 950 libertatemque,
944 898 1088 950 postea
1121 893 1227 939 nave
1258 908 1340 952 qua
1373 897 1604 940 vehebatur
1632 898 1781 947 fracta
1793 910 1819 946 s
1845 896 1930 948 (101-

356 963 487 1019 phino
528 962 671 1006 salvus
711 965 755 1007 in
785 963 888 1007 litus
921 970 985 1008 est
1016 969 1176 1017 vectus,
1210 970 1351 1022 atque,
1383 982 1482 1011 cum
1515 967 1628 1012 diem
1659 968 1839 1017 obiisset
1848 981 1928 1017 su-

354 1047 564 1089 premum,
597 1034 807 1090 delphinis
837 1035 966 1079 funus
997 1038 1348 1093 prosequentibus
1379 1037 1529 1082 elatus.

415 1104 476 1147 De
515 1104 767 1148 Sanctorum
809 1106 1028 1150 lenissimo
1060 1107 1135 1150 1110
1167 1109 1481 1165 mitissimoque
1511 1108 1621 1154 tradi
1650 1077 1790 1158 illud
1783 1070 1927 1166 putes,

354 1178 397 1218 et
428 1179 527 1218 sunt
557 1190 828 1233 quaecunque
859 1178 928 1221 hic
959 1193 1034 1234 pro
1067 1178 1321 1222 animalibus
1351 1179 1550 1223 dicuntur
1572 1179 1928 1237 disputenturque

353 1247 397 1288 in
429 1246 603 1290 eandem
632 1249 898 1291 sententiam.
1679 1283 1694 1292 ,,
1720 1286 1746 1291 ,,
1788 1286 1790 1288 ,

412 1315 493 1359 Sed
532 1317 641 1360 1111111
680 1317 917 1375 legentium
957 1321 1111 1362 animis
1145 1320 1458 1364 commovendis
1487 1322 1649 1378 aptius
1658 1293 1810 1378 quam
1804 1285 1928 1371 illud

354 1385 502 1430 Dionis
531 1387 857 1445 Borysthenitae
888 1389 1049 1433 dictum
1084 1391 1195 1447 quod
1225 1390 1447 1435 Plutarchi
1478 1397 1598 1448 pater
1618 1393 1692 1440 ita.
1711 1393 1864 1442 refert
1876 1397 1927 1438 ut

353 1459 455 1513 quin
486 1462 528 1500 et
557 1460 641 1515 ipsi
673 1463 714 1502 et
745 1459 833 1503 filio
868 1462 1137 1505 vehementer
1169 1462 1296 1508 fuerit
1327 1463 1550 1518 probatum
1578 1463 1770 1512 dubitare
1796 1465 1927 1520 possit

352 1543 490 1572 nemo.
532 1529 593 1572 De
626 1530 875 1588 philosopho
906 1531 980 1575 illo
1013 1534 1344 1576 circumforaneo
1375 1547 1509 1590 pauca
1538 1535 1582 1578 in
1616 1534 1814 1582 modium.
1836 1548 1927 1591 pnes

354 1600 461 1643 ferre
493 1601 606 1643 haud
637 1601 710 1644 abs
742 1616 786 1645 re
818 1602 1000 1646 videtur.
1739 1623 1743 1629 ·

412 1670 552 1727 Vulgo
582 1676 708 1714 notus
739 1672 812 1715 ille
843 1677 907 1715 est
939 1688 1065 1717 versu
1096 1674 1329 1717 Horatiano

679 1742 754 1786 ille
790 1743 958 1787 Bioneis
990 1746 1253 1788 sermonibus
1284 1749 1326 1789 et
1358 1745 1443 1789 sale
1475 1747 1598 1802 nigro
1668 1779 1671 1783 .
1701 1778 1703 1783 ⁴
1729 1774 1732 1780 -
1783 1777 1786 1794 »,
1829 1772 1846 1779 --
1880 1778 1895 1793 ,.

351 1826 373 1856 0
405 1826 489 1868 quo
521 1813 598 1856 hoc
629 1812 722 1856 luce
753 1813 906 1857 clarius
938 1819 1112 1871 apparet
1141 1848 1150 1858 .
1171 1848 1180 1858 .
1203 1848 1211 1859 .
1239 1830 1482 1860 sermonum
1513 1815 1687 1862 illorum
1713 1830 1765 1861 110
1788 1830 1926 1866 unum

351 1883 522 1939 quidem
550 1884 730 1927 verbum
755 1885 806 1928 ab
834 1884 1013 1928 Horatio
1040 1885 1197 1929 lectum
1226 1901 1314 1930 esse
1342 1901 1543 1943 unquam.
1569 1887 1680 1933 Nam
1701 1891 1766 1935 sat
1788 1886 1926 1937 multa

351 1967 402 1996 ex
427 1955 482 1996 iis
507 1959 746 2010 supersunt,
774 1956 846 1998 sed
873 1961 972 1999 sunt
998 1958 1141 2000 omnia
1158 1971 1286 2013 quam
1303 1957 1520 2001 lenissima
1537 1957 1923 2015 placedissimeque.

351 2024 432 2077 Qui
463 2038 564 2081 ergo
595 2025 772 2069 Horatio
805 2028 849 2069 in
882 2031 1069 2070 mentem
1103 2029 1220 2071 venit
1252 2042 1350 2072 cum
1385 2028 1499 2080 „sale
1528 2028 1679 2086 nigro'.’
1711 2043 1781 2079 eus
1810 2040 1924 2074 com·

350 2094 523 2151 parare?
570 2095 728 2152 Opinor
771 2099 870 2154 quia
912 2100 951 2140 ei
991 2100 1236 2142 innotuerat
1277 2099 1487 2155 quomodo
1524 2099 1926 2157 philosophus'ips'e

350 2166 617 2222 Antigonum
649 2181 794 2224 regem
825 2168 875 2211 de
906 2183 981 2211 0110
1011 2183 1166 2227 genere
1197 2169 1454 2214 edocuisset.
1659 2213 1662 2220 A

411 2241 557 2293 „pater
599 2238 746 2281 meus''
790 2241 866 2291 (sic
908 2254 1008 2282 eum
1052 2244 1294 2284 narrantem
1337 2241 1438 2284 facit
1479 2240 1713 2298 Diogenes
1731 2224 1925 2291 Laertius

348 2307 419 2359 IV,
456 2306 494 2360 7,
513 2307 642 2362 46),
643 2309 885 2359 ‚libertinus
927 2315 1016 2353 erat
1049 2315 1091 2354 et
1122 2310 1487 2364 salsamentarius3
1521 2313 1663 2356 cubito
1693 2324 1924 2369 emungere

349 2378 508 2423 solebat
518 2393 528 2432 ;
573 2394 647 2436 pro
690 2380 816 2424 vultu
860 2383 1105 2424 cicatricum
1143 2383 1322 2426 habebat
1351 2382 1925 2440 imaginem‚sduti-‚servitii

349 2449 674 2502 documentum3
724 2455 860 2494 mater
907 2453 1108 2495 meretrix
1156 2452 1326 2508 qualem
1371 2453 1450 2496 tali
1491 2454 1586 2497 viro
1629 2454 1821 2509 nupsisse
1860 2457 1924 2497 est

349 2521 704 2565 consentaneum''
1692 2566 1695 2572 .
1723 2571 1725 2574 .
1752 2570 1754 2573 .

349 2593 438 2644 hoc,
480 2595 559 2644 aio,
601 2595 842 2637 innotuerat
874 2594 1069 2647 Horatio,
1103 2596 1214 2638 sicut
1243 2596 1487 2639 innotuerat
1514 2596 1798 2647 omnibusvin
1832 2597 1923 2652 qui-

352 2664 425 2706 bus
468 2664 628 2720 aliquid
660 2668 750 2708 erat
780 2665 1016 2717 literarum,
1049 2666 1232 2711 indoctis
1266 2666 1604 2723 semidoctisque,
1635 2681 1660 2710 a
1689 2666 1842 2723 quibus
1872 2666 1922 2709 de

347 2734 474 2787 ipsim
504 2735 672 2777 Horatii
707 2740 825 2791 patre
857 2736 1173 2780 salsamentario
1204 2739 1278 2793 qui
1310 2741 1353 2780 et
1381 2738 1471 2794 ipse
1502 2738 1658 2786 cubito>
1675 2741 1923 2794 emungeret

347 2818 540 2860 sparsum
570 2820 798 2859 rumorem,
832 2821 958 2862 quem
990 2809 1177 2851 servavit
1208 2807 1447 2859 Suetonius,
1479 2809 1658 2853 minime
1683 2811 1746 2851 est
1769 2809 1922 2855 miran—

349 2875 463 2918 dum.
505 2876 651 2933 Neque
692 2877 770 2920 hoc
811 2879 969 2920 mirum
1002 2878 1231 2922 Horatium
1263 2878 1338 2922 illa
1368 2878 1456 2922 0010
1487 2880 1656 2935 cognita
1684 2880 1921 2925 narratione

347 2947 391 2987 in
431 2960 530 2988 eum
570 2947 766 2990 incidisse
807 2962 990 2991 errorem
1034 2953 1082 2993 ut
1123 2949 1338 2993 hominem
1378 2950 1704 2995 acerbissimum·
1726 2948 1920 3005 fellisque

346 3015 520 3072 plenum
553 3017 682 3060 fuisse
714 3019 1059 3076 Borysthenitam
1091 3024 1285 3063 nostrum
1316 3023 1497 3076 putaret.
1528 3020 1639 3064 Nam
1669 3021 1796 3072 verba,
1829 3021 1920 3076 qui-
