1930 3354
1037 241 1122 286 676

295 383 375 424 que
416 369 545 410 etiam
579 368 738 409 iocosos
769 363 856 406 illis
886 364 991 420 ipsis
1021 365 1124 406 viris
1156 364 1362 420 gravibus
1393 363 1593 407 debemus
1624 363 1864 415 versiculos,

294 453 422 495 quam
462 437 622 480 multas
654 436 911 478 narrationes
943 433 1375 490 narratiunculasque,
1408 448 1515 490 quae
1545 434 1646 478 licet
1675 436 1864 492 ottipsae

295 512 425 552 bonae
466 509 603 564 frugis
638 508 724 549 sint
754 504 903 562 plenae
935 509 977 547 et
1008 519 1133 547 omne
1164 507 1378 547 virtutum
1407 519 1542 562 genus
1568 505 1866 554 commendent

294 579 546 636 legentibus,
589 583 730 619 tamen
771 590 819 618 eo
859 577 1131 631 potissimum
1172 575 1347 618 consilio
1379 577 1558 632 scriptae
1586 575 1788 620 videntur
1816 581 1867 620 ut

295 650 502 692 delectent
527 662 596 691 eos
619 661 778 703 suaque
794 646 1008 689 detineant
1023 647 1248 690 suavitate.
1276 646 1344 689 Sic
1360 646 1619 690 Plutarchus
1632 660 1866 704 numquam

294 720 377 762 fuit
414 722 640 762 immemor
682 719 785 760 artis
828 718 1031 759 oratoriae
1073 721 1200 772 atque
1233 719 1469 760 venustatis
1501 716 1868 772 literariae.=Quid

294 790 404 846 quod
435 804 518 846 quo
548 791 720 846 gravior
750 787 859 830 liber
890 789 982 830 eius
1015 792 1092 838 est,
1125 800 1290 843 quoque
1323 789 1461 844 magis
1492 788 1706 832 recondita
1731 793 1780 832 :ot
1806 790 1868 832 111-

294 862 444 903 tricata
483 862 530 902 in
568 874 616 903 eo
658 863 893 901 tractantur
933 863 1200 915 argumenta,
1241 872 1290 901 eo
1322 860 1459 916 magis
1489 858 1723 915 gloriolam·
1745 858 1867 903 illam

294 933 456 987 appetit
486 944 615 987 quam
642 931 837 985 scriptori
862 929 980 972 affert
1004 928 1228 972 artificiosa
1253 928 1354 972 libri
1379 929 1598 986 dispositio
1621 935 1666 974 et
1689 930 1868 974 facunda

295 1003 544 1045 enuntiatio.
1699 1019 1702 1024 ·

354 1072 525 1116 Iuvenis
556 1071 812 1114 Plutarchus
844 1085 891 1114 ea
921 1072 1089 1126 scripsit
1120 1084 1225 1126 quae
1255 1071 1378 1113 nobis
1408 1071 1623 1115 interdum
1647 1071 1868 1117 hnoiamm

293 1145 339 1186 in
379 1147 566 1186 mentem
601 1145 824 1185 revocent:
856 1155 991 1184 nonne
1022 1142 1136 1183 enim
1169 1141 1372 1198 satyriola
1403 1141 1579 1185 Luciani
1610 1141 1702 1187 ille
1713 1143 1781 1186 de
1791 1143 1868 1186 eot-

295 1214 414 1256 lertia
443 1213 671 1255 animalium
703 1212 872 1255 videtur
903 1210 1104 1254 libellus?
1135 1212 1280 1268 Neque
1311 1217 1456 1268 postea
1485 1212 1629 1269 plane
1637 1212 1750 1257 illud
1763 1215 1869 1258 scri·

295 1284 418 1327 bendi
449 1298 585 1340 genus
617 1284 775 1326 omisit.
807 1283 954 1326 Nonne
980 1284 1093 1324 enim
1120 1282 1329 1343 Lucianeo
1357 1297 1473 1326 more
1498 1283 1660 1328 Stoicos
1684 1283 1867 1328 ludibrio

1439 1339 1508 1345 »μή
1515 1338 1706 1347 *mm*

294 1356 457 1406 habuit,
491 1353 624 1397 malos
657 1343 1136 1410 historicTTEtumque
1168 1358 1243 1396 τῶν
1276 1354 1573 1406 Ἰσοκρωτιόέων
1602 1344 1779 1411 genus?-
1810 1355 1869 1398 At

294 1426 369 1468 ubi
375 1415 500 1481 opus
527 1426 663 1481 exigit
690 1424 802 1480 quod
827 1425 884 1466 sit
909 1437 1001 1466 aere
1027 1425 1251 1479 perennius
1273 1424 1483 1477 futurum,
1501 1424 1727 1469 sublimius
1743 1425 1869 1482 quod-

295 1495 393 1538 dam
417 1496 498 1538 sibi
513 1498 684 1551 exoptat
702 1495 840 1545 decus,
858 1494 967 1537 illud
982 1497 1125 1536 tamen
1143 1496 1211 1537 et
1200 1509 1344 1550 ipsum
1362 1509 1562 1551 prorsus,
1560 1494 1867 1547 ‚literariumffi

294 1567 528 1618 Platonem,
574 1565 793 1609 Platonem
834 1567 1022 1621 inquam,
1065 1564 1317 1616 aemulatur,
1358 1565 1485 1608 illum
1525 1567 1718 1610 dramatis
1737 1580 1869 1611 ‘oom-

294 1637 474 1694 ponendi
507 1636 683 1679 artificio
714 1638 883 1679 vincere
915 1639 957 1678 et
987 1649 1184 1691 superare
1215 1636 1370 1678 studet.
1405 1636 1570 1689 Quanta
1598 1640 1773 1687 astris*
1792 1639 1868 1679 τοῦ

295 1707 503 1760 δράματος
529 1713 676 1755 σκηνῆς
704 1708 886 1749 varietas
911 1708 954 1748 in
988 1706 1138 1761 Septem
1164 1707 1407 1760 Sapientiam
1437 1707 1634 1760 Convivia,
1663 1707 1868 1753 tle-«onius

295 1784 463 1821 auctore
504 1791 592 1820 esse
623 1791 812 1833 unquam
843 1777 1088 1819 dubitatum
1118 1792 1230 1820 nune
1261 1791 1342 1820 non
1375 1779 1463 1820 sine
1494 1777 1760 1834 aliquo-risu
1777 1779 1869 1827 :mi-

294 1863 440 1892 ramur
470 1851 512 1890 et
542 1848 812 1890 mirabuntur
840 1849 999 1903 posteri
1009 1861 1020 1899 ;
1064 1852 1221 1904 quanta
1251 1852 1340 1891 arte
1369 1850 1414 1891 in
1445 1849 1648 1892 Amatoria
1677 1847 1869 1906 Thespiis

293 1921 339 1961 in
380 1917 630 1962 Heliconem
673 1919 967 1962 transferimur
1009 1922 1052 1961 et
1083 1918 1286 1974 Thespias
1315 1918 1414 1962 inde
1445 1919 1701 1963 reducimur.
1729 1919 1868 1972 Quam

293 1990 433 2045 lepide
458 1991 503 2032 in
531 1995 710 2045 utroque
736 1989 846 2032 libro
871 1989 923 2032 ab
950 1989 1032 2032 alia
1058 1989 1109 2032 ad
1136 1989 1265 2032 aliam
1292 1991 1498 2032 transitur
1521 1990 1867 2047 disputationem.

295 2059 377 2103 Sed
418 2062 567 2102 ceteris
607 2060 803 2102 omnibus
844 2060 921 2102 hac
962 2059 1086 2102 laude
1129 2065 1312 2116 praestat
1340 2059 1448 2103 liber
1478 2074 1561 2117 quo
1591 2074 1691 2118 prae
1718 2061 1868 2104 ceteris

294 2131 531 2188 gloriatum
571 2145 659 2173 esse
700 2130 979 2173 Plutarchum
1022 2131 1212 2187 suspicor
1254 2136 1472 2187 tamquam
1504 2145 1628 2187 opere
1658 2132 1868 2182 „oratorio

295 2201 523 2253 maxime”‚
565 2201 690 2243 illum
732 2202 780 2243 de
812 2202 926 2254 yenio
957 2201 1131 2243 Socratis
1163 2201 1279 2244 dico:
1313 2203 1505 2258 graviter
1533 2202 1608 2254 ibi,
1641 2201 1775 2253 docte,
1806 2214 1869 2244 sa-

294 2273 458 2328 pienter
489 2271 745 2327 disputatur,
788 2271 859 2313 sed
889 2285 1059 2313 summa
1090 2271 1191 2314 haec
1220 2270 1320 2313 libri
1351 2270 1444 2314 laus
1475 2270 1586 2327 quod
1616 2271 1771 2314 eodem¹
1793 2285 1868 2314 1108

295 2342 456 2384 detinet
497 2345 821 2397 commovetque
853 2342 991 2392 modo,
1026 2356 1107 2397 quo
1136 2344 1396 2385 narrationes
1425 2341 1536 2394 illae,
1568 2340 1715 2398 plenae
1744 2342 1869 2384 vicis-

295 2412 547 2464 situdinum,
580 2426 691 2468 quas.
714 2416 763 2454 ut
790 2426 813 2454 e
840 2412 1035 2454 manibus
1062 2412 1320 2468 deponamus
1346 2413 1422 2455 vix
1447 2425 1472 2455 a
1496 2411 1617 2455 nobis
1640 2413 1869 2468 impetrare

295 2484 527 2538 possimus:
557 2487 644 2524 tam
673 2496 821 2525 sumus
847 2482 1125 2538 cognoscendi
1151 2484 1246 2538 quis
1273 2482 1443 2525 tandem
1467 2483 1526 2525 sit
1539 2482 1710 2525 futurus
1723 2487 1868 2525 rerum

296 2554 434 2595 exitus
475 2553 630 2608 cupidi.
674 2553 818 2608 Neque
858 2554 903 2594 in
946 2555 1094 2595 ceteris
1133 2552 1354 2595 Plutarchi
1393 2551 1527 2604 libris,
1559 2554 1606 2595 in
1635 2553 1788 2609 quibus
1819 2553 1869 2594 de

295 2623 592 2665 immortalitate
623 2623 748 2664 animi
778 2622 957 2678 aliisque
985 2637 1035 2665 ex
1066 2637 1114 2665 eo
1146 2637 1298 2679 genere
1329 2623 1467 2672 rebus,
1500 2623 1653 2678 quibus
1683 2624 1868 2666 maxime

295 2693 533 2750 legentium
577 2694 708 2735 animi
750 2695 795 2735 in
837 2694 970 2736 editos
1002 2692 1257 2736 attolluntur
1285 2693 1411 2744 locos,
1443 2692 1686 2749 disputatur
1716 2693 1868 2736 desunt

294 2763 369 2806 illa
412 2764 587 2806 artificia
631 2765 784 2820 quibus
826 2765 1207 2820 praestantissimos
1247 2778 1345 2806 suos
1376 2763 1506 2806 libros
1537 2765 1722 2808 variavit
1750 2777 1868 2806 orna·-

296 2836 442 2889 vitque
472 2834 609 2877 Plato.

356 2904 601 2959 Numquam
642 2910 783 2946 tamen
826 2904 893 2947 vel
935 2905 1019 2946 fuit
1060 2904 1128 2947 vel
1170 2904 1306 2946 factus
1337 2909 1401 2946 est
1434 2903 1696 2954 Plutarchus,
1727 2879 1777 2946 ut
1805 2905 1868 2947 ita

296 2973 432 3016 dicam
468 2988 627 3030 „purus
659 2974 817 3030 putus''
852 2975 1050 3030 sophista.
1085 2974 1205 3027 Quod
1237 2975 1306 3018 vel
1337 2975 1522 3017 maxime
1552 2975 1865 3030 perspiciemus,
