1930 3354
862 289 949 334 65¹7

40 408 45 464 ζ
99 405 209 458 ‘viffl
246 411 486 471 significare
518 412 812 470 oligarchiam,
842 427 979 456 nonne
1010 414 1050 456 ei
1079 427 1241 456 novum
1274 415 1339 456 est
1370 411 1700 470 excogitandum

105 482 368 554 vocabulum
398 481 682 542 (dynastiae)?
713 483 768 527 Et
794 498 931 527 nonne
959 498 1007 527 ea
1034 498 1119 527 vox
1149 483 1387 539 oliqarchia,
1416 485 1452 526 si
1479 484 1700 527 aristocra-

38 592 40 594 ,
103 553 196 599 use
215 584 218 585 ν
235 555 462 611 opponitur,
504 558 653 612 sponte
681 556 725 597 111
757 554 1011 598 deteriorem
1044 557 1252 612 accipitur
1282 553 1477 612 partem?
1507 554 1624 612 Ergo
1654 568 1700 597 re

38 646 43 650 ·
106 625 213 670 bene
243 625 522 678 considerata,
556 627 629 669 vix
655 624 747 668 ulla
773 629 966 682 superest
993 625 1287 684 discrepantia,
1315 639 1465 682 neque,
1492 627 1529 669 si
1555 630 1699 669 tamen

43 719 45 721 ·
105 693 254 755 aliqua·
279 695 473 750 restaret,
505 711 696 754 unquam
730 710 810 754 ego
841 697 1111 741 concederem
1144 697 1354 741 eiusmodi
1380 698 1578 740 minutiis
1604 698 1701 755 cogi

39 770 42 778 ²
105 775 186 813 1168
209 779 332 826 posse
356 768 410 812 ad
437 772 599 813 certam
626 769 676 812 de
701 782 747 812 re
773 770 1030 826 gravissima
1056 768 1412 826 pronuntiandam
1430 770 1698 812 sententiam.

14 885 16 899 τ
44 831 46 835 ’
170 837 299 893 „Was
324 839 521 884 endlich”
550 842 610 884 sic
636 839 763 898 paulo
790 845 885 898 post
911 842 1069 898 pergit,
1101 854 1198 892 „am
1225 839 1424 884 Schlusse
1451 840 1524 883 der
1539 839 1700 883 Schrift

15 916 30 923 ”
96 906 214 956 ‘fiber
251 909 322 956 (110
342 909 661 970 .Verwendung
700 926 786 956 von
826 911 1140 956 Homerversen
1180 925 1231 955 zu
1264 910 1447 955 Orakeln
1478 911 1565 954 und
1595 911 1701 954 iiber

15 970 39 1019 s
102 978 476 1028 ‘Hemeroentonen
516 987 670 1041 gesagt
712 983 832 1035 wird,
863 985 986 1027 weist
1018 983 1125 1027 doch
1159 982 1271 1027 wohl
1302 983 1381 1026 auf
1408 985 1502 1027 eine
1533 986 1699 1040 spatere

36 1070 37 1074 ¹
103 1053 199 1099 zeit
214 1053 292 1103 als
322 1054 393 1099 die
422 1054 747 1098 Plutarchische
777 1055 899 1098 hin”.

152 1125 376 1185 *Legimus
405 1127 523 1170 enim
556 1127 635 1170 sub
666 1126 796 1170 finem
829 1127 1150 1171 commentarii:

96 1204 125 1219 '⁷'
146 1197 355 1252 ,Quidni
394 1197 603 1255 quidquid
642 1201 707 1241 est
747 1200 1029 1255 praestantiae
1070 1197 1257 1241 Homero
1298 1197 1554 1249 tribuamus,
1598 1211 1699 1240 cum

92 1270 237 1315 'utinm
278 1281 328 1313 ea
367 1282 476 1326 quae
513 1270 606 1326 ipse
636 1283 720 1312 non
754 1270 1008 1327 cogitaverit
1039 1283 1064 1312 a
1093 1270 1274 1326 posteris
1304 1270 1349 1312 iu
1380 1270 1474 1312 eius
1505 1269 1699 1312 versibus

34 1366 38 1367 ν
94 1339 501 1398 deprehendantur?
557 1339 646 1383 Alii
698 1343 814 1384 enim
866 1342 958 1384 eius
1006 1341 1199 1384 versibus
1247 1344 1470 1397 tamquam
1517 1339 1699 1383 oraculis

14 1418 18 1469 ξ
92 1414 303 1464 utuntur,
331 1410 420 1464 alii,
446 1410 551 1455 dum
577 1410 661 1455 alia
687 1415 872 1455 tractant
897 1416 1168 1470 argumenta,
1195 1413 1251 1455 iis
1272 1425 1422 1455 versus
1449 1410 1699 1455 Homericos

16 1479 17 1484 ’
94 1481 419 1541 ¹transponendo
449 1485 493 1526 et
523 1482 777 1526 conserendo
809 1487 930 1540 aptos
960 1482 1189 1526 reddunt'’.

99 1548 395 1598 '·=Eiusmodi'
435 1553 776 1598 observationem
823 1556 928 1598 certi
975 1554 1198 1598 cuiusdam
1239 1568 1327 1598 esse
1369 1555 1574 1611 temporis
1614 1569 1698 1598 non

35 1628 37 1630 ’
92 1619 263 1681 hidem·
288 1630 571 1684 :sempersut
611 1627 775 1683 opinor,
819 1625 961 1670 valuit
992 1640 1084 1670 mos
1116 1625 1190 1670 ille
1222 1625 1394 1684 quidvis
1425 1640 1477 1670 ex
1508 1625 1699 1669 Homero

16 1699 37 1762 η’
91 1694 284 1757 petendi>
314 1702 364 1742 et
398 1698 444 1742 in
475 1707 622 1742 omnes
653 1697 895 1741 Homerum
925 1702 1067 1755 partes
1099 1697 1348 1755 torquendi;
1379 1697 1454 1741 diu
1485 1701 1584 1741 ante
1613 1697 1699 1741 Ho-

16 1774 31 1782 ”
98 1773 275 1816 merum
304 1782 406 1814 eum
435 1767 624 1813 valuisse
653 1772 784 1814 testes
816 1773 917 1814 sunt
948 1769 1073 1813 Plato
1106 1769 1505 1827 Aristophanesque.

94 1865 98 1871 -
140 1835 315 1895 'umam
343 1840 468 1887 komt
498 1839 594 1884 dass
625 1840 694 1884 die
719 1855 852 1898 ganzo
879 1839 1159 1898 Darstellung·
1187 1840 1260 1884 der
1286 1840 1448 1884 Schrift
1475 1841 1559 1883 mit
1583 1840 1699 1884 ihrer

101 1912 302 1971 kuappen
338 1911 656 1956 *Nfichternheit
693 1913 739 1955 in
781 1926 861 1970 gar
900 1913 1043 1956 nicht-s
1084 1926 1136 1955 an
1169 1912 1238 1955 die
1270 1911 1525 1969 behagliche
1556 1911 1698 1955 Breite

30 1994 32 1998 ’
100 1983 180 2028 do?
207 1982 564 2029 Plutarchischen
598 1983 975 2028 Ausdruchsweise
1008 1984 1240 2027 erinnert”.

17 2049 22 2124 L
98 2071 127 2085 ·¹
162 2053 266 2100 11oe
285 2055 560 2099 verissimum
592 2058 637 2098 et
665 2086 675 2098 .
696 2086 705 2098 .
726 2087 736 2099 .
764 2057 959 2098 omnium
992 2069 1100 2112 quae
1131 2055 1378 2099 observavit
1404 2054 1698 2098 Volkmannus

102 2127 424 2186 gravissimum.
469 2125 670 2171 Oratione
712 2128 1045 2171 commentarius
1085 2125 1214 2185 longe
1257 2126 1416 2170 recedit
1446 2130 1489 2170 et
1518 2127 1571 2170 ab
1603 2126 1698 2170 aliis

33 2242 36 2247 ,
92 2193 345 2243 >Plani-ehi
354 2198 525 2256 scriptis
557 2202 601 2242 et
632 2212 657 2242 a
687 2198 795 2242 Vitia
827 2200 1092 2256 praesertim.
1125 2198 1208 2242 Sed
1234 2202 1298 2242 est
1324 2202 1367 2241 et
1390 2201 1697 2256 argumentum

92 2263 459 2314 ‘divor-sissinium.
491 2268 640 2313 Unane
673 2283 775 2327 ergo
806 2283 973 2327 semper
1005 2268 1190 2327 singulis
1223 2269 1501 2326 scriptoribus
1533 2268 1630 2312 data
1656 2272 1699 2312 et

30 2391 31 2394 Ἰ
95 2333 297 2385 00116οὁ88
322 2343 390 2384 est
418 2338 583 2384 oratio?
621 2341 726 2394 Quis
759 2340 930 2384 dubitat
961 2341 1066 2398 quin
1097 2340 1296 2395 Dialoqus
1326 2341 1375 2382 de
1410 2339 1698 2383 Oratoribuaea

39 2452 41 2454 .
102 2411 251 2456 Tacito
293 2413 476 2470 scriptus
517 2410 605 2456 sit?
646 2412 794 2469 Atqui,
835 2414 872 2455 si
913 2426 938 2455 a
979 2411 1125 2456 Tacito
1168 2413 1351 2469 scriptus
1393 2415 1469 2462 est,
1502 2414 1698 2454 maturus

19 2506 23 2510 -
95 2476 190 2529 ‘iam
233 2483 300 2527 'vir
338 2496 440 2527 eum
481 2484 651 2541 scripsit
693 2497 792 2527 cum
831 2488 950 2527 totus
981 2488 1091 2527 esset
1122 2485 1167 2526 iu
1200 2483 1420 2527 Historiis.
1452 2482 1510 2526 Et
1541 2486 1699 2539 quanta

101 2548 182 2599 hio'
203 2557 271 2599 eet
297 2553 614 2613 discrepantia?
643 2554 917 2600 Contrarium
947 2556 983 2598 si
1009 2555 1171 2598 factum
1200 2558 1324 2607 esset,
1351 2556 1401 2605 si,
1426 2569 1508 2597 non
1536 2553 1696 2606 Tacito,

34 2659 35 2662 η
92 2626 426 2670 11111188118811110
462 2631 506 2670 et
535 2627 807 2670 acerbissimo
841 2627 1037 2683 scriptori
1067 2625 1400 2682 limpidissimus
1432 2629 1475 2668 et
1506 2624 1698 2681 placidis-

20 2722 22 2725 >
101 2692 242 2741 01111118
275 2694 352 2741 ille
391 2697 654 2742 tribueretur
692 2697 914 2755 Dialogus,
962 2697 1035 2740 sed
1077 2701 1182 2754 puta
1214 2696 1433 2740 Herodoto
1466 2695 1621 2753 aliquis
1650 2695 1700 2739 li·

20 2775 22 2784 ’
95 2767 261 2812 >bellua
280 2771 471 2812 contorte
513 2770 698 2826 scriptus
731 2773 774 2813 et
805 2768 957 2826 plenus
987 2767 1292 2819 mordacitatis,
1324 2769 1417 2811 iure
1449 2771 1593 2811 nostro
1625 2767 1704 2818 (111-Δ

21 2842 29 2898 J
92 2839 349 2883 'bitti-emus.
394 2839 454 2883 At
498 2838 637 2883 nunc!
679 2838 800 2883 Solet
843 2853 934 2883 esse
977 2838 1201 2882 Plutarchi
1241 2840 1375 2882 oratio
1406 2838 1616 2881 eiusmodi
1646 2841 1697 2881 ut

0 2908 35 2975 {⁴3
101 2907 345 2968 legentibus
387 2909 598 2968 plurimas
643 2911 842 2954 exhibeat
883 2909 1115 2954 molestias.
1164 2909 1248 2953 Sed
1286 2913 1328 2952 et
1372 2908 1454 2951 sibi
1495 2909 1593 2965 ipsi,
1637 2910 1696 2952 sic

95 2980 336 3035 scribendo,
377 2981 634 3026 Plutarchus
675 2981 872 3025 exhibuit
915 2979 1150 3025 molestias.
1193 2980 1305 3034 Quid
1346 2981 1509 3023 mirum
1540 2994 1641 3023 eum
1672 2994 1697 3024 a

101 3053 228 3112 gravi
273 3053 354 3096 hoc
394 3051 539 3097 labore
578 3054 841 3110 requiescere
883 3051 1085 3106 voluisse,
1130 3052 1435 3096 commentario
1478 3051 1696 3095 scribendo

1457 3131 1501 3164 42
