2002 3372
687 808 977 865 CAPUT
1020 807 1145 863 XV.

591 1176 647 1207 DE
678 1174 787 1207 SERA
818 1173 996 1206 numme
1028 1171 1240 1204 VINDIG'PA.

164 1301 241 1359 VNe
272 1301 370 1358 quis
399 1312 592 1356 unquam
626 1297 821 1340 dubitare
853 1297 1028 1354 posthac
1058 1296 1194 1353 possit
1224 1295 1329 1350 quin
1363 1292 1510 1348 ipsius
1542 1293 1711 1348 (‚,ipsis-

115 1371 243 1421 simi'’
275 1385 423 1429 vpaene
469 1384 567 1413 cum
611 1371 738 1426 poeta
779 1369 943 1412 comico
984 1367 1194 1418 dixeram)
1235 1362 1491 1408 Plutarchi
1532 1377 1710 1407 aureum

114 1442 228 1489 illud
257 1443 424 1490 dictum
457 1442 515 1484 sit

536 1509 846 1572 φιλοσοφίας
879 1510 1022 1566 τέλος
1061 1509 1302 1572 Θεολογια

114 1602 229 1647 hunc
270 1600 431 1645 librum
468 1599 540 1643 v'el
571 1600 708 1643 obiter
737 1600 961 1655 inspiciat:
996 1599 1145 1641 statim
1177 1596 1342 1640 videbit
1372 1595 1485 1638 hunc
1516 1594 1713 1650 scriptori

115 1682 168 1718 ex
209 1673 410 1717 omnibus
452 1673 540 1715 suis
580 1670 704 1714 libris
742 1671 999 1727 primarium
1040 1670 1186 1712 visum
1228 1682 1331 1710 esse.
1371 1667 1637 1722 Quapropter
1666 1666 1711 1706 in

114 1745 239 1798 libro,
271 1758 355 1802 quo
386 1743 439 1787 ab
469 1742 618 1786 inferis
648 1741 847 1786 reducere
873 1741 926 1785 ad
953 1745 1121 1785 nostros
1145 1739 1516 1782 homines'vivum
1541 1735 1712 1792 loquen-

117 1821 300 1874 tumque
341 1814 625 1858 Plutarchum
657 1817 837 1857 conatus
869 1827 980 1864 sum,
1015 1815 1157 1855 totum
1191 1825 1292 1854 eum
1324 1823 1453 1866 quam
1487 1799 1712 1851 accuratis-

116 1890 224 1933 sime
265 1888 390 1946 potui
420 1910 477 1919 —-
510 1900 624 1938 nam,
666 1886 870 1943 profecto,
912 1884 1029 1928 haud
1066 1883 1176 1927 levis
1207 1883 1292 1925 fuit
1320 1881 1441 1924 labor
1469 1879 1545 1923 ille
1578 1905 1634 1913 -—
1668 1881 1712 1922 in

114 1958 394 2004 vernaculum
435 1957 636 2002 transtuli
677 1972 930 2001 sermonem.
974 1956 1201 2000 Tractatur
1242 1955 1357 1997 enim
1399 1953 1463 1996 ibi
1506 1952 1711 2008 quaestio,

117 2045 202 2089 qua
226 2029 350 2075 nulla
375 2029 429 2073 ad
456 2029 764 2086 perturbandas
784 2028 945 2084 piorum
973 2029 1201 2071 hominum
1227 2028 1392 2068 mentes
1420 2025 1559 2081 aptior
1576 2022 1714 2067 videri

115 2103 263 2161 possit,
305 2100 424 2145 nulla
461 2102 602 2158 magis
644 2101 882 2144 doctrinam
924 2103 966 2143 et
1006 2113 1187 2143 acumen
1226 2097 1404 2154 perfecti
1447 2097 1636 2152 requirat
1671 2098 1714 2137 et

115 2174 403 2219 consummati
438 2172 697 2230 philosophi.
743 2171 858 2225 „Gur
886 2175 978 2215 tam
1010 2186 1103 2215 sero
1134 2169 1388 2227 plerumque
1421 2167 1489 2210 dei
1521 2165 1714 2223 plectunt

115 2243 320 2291 noxios?”
349 2248 393 2288 et
419 2270 476 2277 —
501 2258 601 2288 nam
629 2244 732 2288 haec
759 2259 859 2288 cum
885 2243 964 2287 illa
991 2244 1184 2300 quaestio
1210 2245 1275 2285 est
1290 2240 1639 2284 coniunctissima
1656 2263 1712 2270 —

119 2323 225 2370 „cur
255 2329 380 2374 saepe
410 2315 512 2359 dant
543 2330 698 2373 poenas
728 2315 810 2358 filii
841 2329 991 2359 eorum
1024 2329 1132 2372 quae
1164 2312 1434 2369 deliquerunt
1464 2308 1712 2367 parentes?''

118 2390 179 2433 sic
218 2388 337 2432 anxii
379 2401 530 2445 rogare
572 2386 708 2430 solent
745 2387 939 2430 homines
972 2388 1047 2443 qui
1079 2386 1122 2429 et
1154 2384 1387 2428 Summum
1421 2397 1511 2425 esse
1543 2381 1712 2424 Numen

118 2459 297 2505 eredunt
338 2462 385 2502 et'
421 2472 551 2516 penes
591 2458 704 2502 illud
746 2472 836 2502 esse
879 2471 1097 2501 summam
1128 2458 1344 2500 iustitiam
1377 2455 1715 2512 sapientiamque

118 2533 201 2576 sibi
242 2530 400 2575 habent
441 2531 832 2588 persuasissimum.
866 2530 923 2573 Et
955 2529 1074 2573 adest
1106 2528 1386 2586 philosophus
1419 2527 1493 2583 qui
1524 2526 1631 2568 hanc
1661 2526 1715 2567 iis

119 2603 264 2648 demat
302 2616 451 2646 curam
493 2601 914 2659 sollicitudinemque
952 2615 997 2645 re
1028 2601 1080 2645 ab
1114 2602 1232 2644 omni
1264 2599 1383 2656 parte
1415 2596 1716 2640 consideranda

119 2673 510 2733 perpendendaque,
553 2673 792 2730 mythoque
829 2673 1032 2724 addendo,
1066 2673 1141 2729 qui
1173 2675 1395 2727 tamquam
1426 2667 1573 2711 tabula
1601 2669 1716 2724 pieta

120 2745 365 2790 auditorum
405 2744 700 2801 lectorumque
745 2747 910 2789 mentes
944 2744 1165 2787 devinctas
1196 2745 1352 2785 teneat.
1389 2740 1544 2797 Mytho
1575 2754 1714 2782 carere

120 2822 204 2861 non
234 2829 359 2874 posse
389 2815 726 2872 disputationem
758 2814 896 2859 ullam
929 2816 1175 2872 graviorem
1206 2813 1364 2856 nedum
1397 2825 1492 2855 eam
1523 2825 1631 2868 quae
1663 2810 1716 2853 ad

120 2887 303 2932 Divinae
349 2886 648 2930 Providentiae
694 2888 905 2944 pertineat
954 2887 1163 2944 mysteria
1204 2883 1464 2927 Plutarchus
1504 2885 1631 2939 putat
1673 2885 1717 2924 et

121 2962 234 3003 recte
265 2961 404 3015 putat.
447 2957 592 3002 Solida
624 2958 739 3001 enim
772 2959 1042 3016 argumenta,
1074 2956 1326 3014 praesertim
1357 2969 1456 2997 cum
1486 2953 1531 2996 id
1562 2955 1616 2996 iis
1648 2952 1716 2996 de-

121 3032 388 3085 monstratur
429 3027 543 3086 quod
584 3042 722 3086 neque
754 3028 988 3073 absurdum
1019 3029 1076 3071 sit
1105 3041 1242 3084 neque
1273 3024 1536 3077 incredibile,
1567 3026 1612 3067 in
1643 3023 1716 3067 ali·
