2002 3372
1067 188 1154 231 312

320 315 462 368 φθόνος
490 315 590 369 poni
616 314 779 355 iustum
807 323 1038 366 paucarum
1063 308 1275 352 linearum
1303 310 1538 362 exordium,
1566 310 1772 356 meliusne
1797 313 1900 370 quid

321 386 401 428 sibi
433 384 538 428 velit
571 385 637 426 hic
669 397 741 425 sex
773 382 1028 437 paginarum
1058 379 1230 423 libellus
1260 379 1502 438 apparebit?
1533 381 1667 434 Quem
1693 397 1775 426 non
1801 397 1901 441 pau-

322 458 380 499 cis
422 469 511 498 esse
554 454 808 496 destinatum
850 450 1095 493 hominibus
1127 451 1199 494 sed
1229 465 1278 494 eo
1309 451 1482 495 consilio
1516 454 1722 510 scriptum
1752 458 1802 498 ut
1832 467 1901 497 us-

323 539 570 582 quequaque
601 538 675 580 per
706 522 851 565 orbem
883 525 1093 564 terrarum
1123 520 1337 578 legeretur
1368 536 1390 564 e
1421 523 1556 579 capite
1588 525 1714 567 tertio
1740 525 1902 581 optime

324 609 520 652 apparere
566 595 725 650 opinor,
770 591 893 648 quod,
937 593 1138 648 quoniam
1182 596 1248 635 est
1289 593 1612 645 brevissimum,
1654 597 1795 639 totum-
1832 595 1902 650 hic

326 678 561 722 apponam:
1540 668 1544 672 '
1703 671 1707 674 '
1740 701 1743 703 a
1803 702 1809 709 ,

388 735 564 787 „deinde
595 734 742 777 odium
775 733 905 776 etiam
938 736 1002 775 est
1034 732 1235 776 adversus
1263 734 1388 776 bruta
1415 733 1634 786 animalia;
1667 738 1778 779 certe
1802 738 1905 779 sunt

326 807 519 849 homines
566 806 640 861 qui
685 803 789 846 seles
836 802 1013 854 oderint,
1062 803 1340 855 cantharidas,
1388 804 1558 847 rubetas
1568 818 1579 856 ;
1628 803 1905 850 Germanicus

326 891 461 932 neque
489 880 660 919 cantum
686 874 794 932 galli
814 874 1039 932 gallinacei
1060 874 1180 925 ferre,
1202 889 1339 931 neque
1362 876 1506 931 ipsum
1528 877 1716 932 aspicere·
1727 880 1904 934 poterat.

329 948 452 1004 Magi
491 946 603 1003 apud
635 947 784 989 Persas
815 959 958 988 mures
993 945 1248 997 occidebant,
1282 947 1380 1002 quia
1411 951 1453 989 et
1484 948 1566 1003 ipsi
1597 951 1640 990 et
1670 946 1775 994 deus
1804 962 1906 992 suus

331 1033 402 1062 eos
445 1021 754 1061 aversarentur.
803 1016 911 1060 Nam
959 1019 1001 1058 et
1042 1017 1201 1059 Arabes
1248 1020 1290 1059 et
1331 1017 1562 1073 Aethiopes
1609 1021 1778 1062 tantum
1822 1033 1906 1063 non

331 1103 474 1133 omnes
520 1102 662 1131 mures
709 1087 986 1131 detestantur.
1033 1086 1114 1130 Sed
1160 1087 1322 1131 invidia
1367 1088 1661 1132 tantummodo
1701 1093 1764 1132 est
1797 1090 1908 1133 inter

331 1160 566 1203 homines”.

391 1231 602 1283 Quorsum
643 1231 712 1273 hic
753 1244 850 1272 cum
883 1230 1036 1286 magis,
1069 1229 1290 1280 Arabibus‚
1324 1230 1605 1287 Aethiopibus
1635 1231 1767 1276 simul
1797 1246 1908 1276 com-

332 1305 595 1345 memoratur
627 1300 921 1350 GermanicuS,
954 1299 1040 1342 dux
1072 1299 1146 1343 ille
1177 1300 1405 1353 Romanus,
1438 1315 1566 1357 quem
1597 1301 1701 1346 adeo
1731 1304 1775 1346 111
1806 1302 1909 1346 deli·

333 1375 408 1416 ciis
452 1373 600 1415 habuit
635 1369 835 1414 Tacitus?
874 1370 1066 1414 Fortasse
1097 1374 1267 1427 propter
1293 1385 1419 1415 suum
1452 1371 1648 1416 Tacitum
1677 1373 1782 1416 hm
1810 1387 1910 1430 prae

335 1445 485 1487 ceteris
511 1443 659 1486 attulit
683 1442 939 1485 Plutarchus
965 1442 1221 1494 Romanum,
1249 1442 1320 1485 sed
1346 1443 1456 1499 quod
1482 1445 1653 1487 omnino
1668 1443 1909 1488 Romanum

333 1515 402 1557 hic
426 1515 615 1557 nominat
640 1516 941 1569 imperatorem
967 1513 1122 1556 indicio
1148 1517 1210 1556 est
1237 1527 1335 1556 eum
1353 1514 1435 1556 sibi
1450 1528 1699 1570 persuasum
1714 1515 1910 1559 habuisse

334 1586 447 1627 hunc
494 1599 659 1641 quoque
705 1583 900 1627 libellum
945 1598 1020 1640 per
1061 1598 1207 1627 omnes
1247 1586 1484 1640 provincias
1522 1586 1693 1642 imperii
1731 1585 1911 1630 Romani

335 1660 462 1712 atque
491 1657 535 1698 in
566 1657 658 1711 ipsa
689 1656 860 1698 urbium
891 1656 1038 1711 regina
1069 1654 1229 1697 lectum
1260 1657 1327 1698 iri.
1359 1655 1535 1698 Riderer
1565 1658 1602 1699 si
1629 1656 1679 1700 de
1705 1656 1913 1701 Romano-

333 1741 431 1770 rum
463 1725 803 1782 Graecorumque
834 1725 1027 1781 loquerer
1057 1725 1292 1778 annalibus,
1325 1725 1446 1769 libris
1478 1727 1765 1780 semestribus,
1798 1742 1913 1772 men-

335 1799 477 1850 struis,
509 1797 687 1853 aliisque
718 1797 871 1852 quibus
903 1810 1013 1839 nunc
1045 1797 1128 1839 viri
1160 1796 1271 1839 docti
1302 1800 1485 1839 utuntur
1515 1802 1565 1840 111
1591 1811 1774 1842 8110111111
1793 1798 1913 1842 disci-

334 1868 549 1925 plinarum
590 1870 808 1910 exerceant
850 1868 1165 1910 commercium.
1207 1867 1288 1910 Sed
1331 1868 1539 1911 eiusmodi
1580 1867 1742 1925 aliquid
1783 1871 1912 1913 etiam

335 1940 572 1995 antiquitus
612 1938 756 1989 fuisse,
798 1942 910 1981 certe
952 1937 1113 1994 aliquid
1157 1938 1268 1994 quod
1299 1938 1474 1981 eandem
1505 1940 1596 1982 vim
1626 1939 1812 1991 haberet,
1844 1939 1914 1983 vel

335 2011 522 2052 maxime
563 2022 585 2051 e
625 2008 782 2051 libellis
823 2008 1103 2060 Plutarcheis‚
1137 2008 1274 2065 qualis
1304 2013 1346 2052 et
1376 2010 1444 2052 hic
1474 2013 1540 2052 est
1569 2013 1612 2052 et
1641 2009 1913 2063 Quaestiones

335 2080 576 2123 Platonicae
608 2084 651 2122 et
677 2078 807 2122 multi
832 2078 919 2131 alii,
947 2083 1133 2135 apparet.
1166 2079 1235 2122 Illi
1261 2081 1374 2123 enim
1402 2094 1546 2124 omnes
1572 2074 1700 2138 quam
1727 2082 1914 2125 maxime

335 2150 497 2194 similes
553 2154 652 2193 sunt
704 2150 1061 2206 disputationibus
1108 2164 1210 2207 quas
1257 2165 1368 2194 nunc
1415 2153 1570 2194 nostris
1617 2150 1912 2203 Bibliothecis,

334 2222 511 2272 Museis,
548 2220 851 2277 Conspectibus
883 2221 1124 2264 inserendas
1155 2235 1366 2264 curamus.
1398 2221 1465 2263 An
1496 2222 1556 2264 sic
1586 2223 1728 2279 potius
1754 2221 1911 2266 dicam:

334 2292 543 2336 scribebat
575 2291 643 2335 vel
675 2294 912 2348 scripturus
939 2296 1030 2334 erat
1061 2291 1317 2335 Plutarchus
1349 2306 1558 2349 magnum
1583 2306 1688 2349 opus
1716 2292 1767 2336 de
1792 2293 1914 2336 vitio-

333 2378 431 2407 rum
460 2364 748 2420 congruentiis
775 2362 1117 2419 differentiisque,
1146 2363 1216 2406 sed
1240 2363 1355 2406 horis
1372 2363 1605 2407 subsecivis
1620 2363 1914 2407 tantummodo

334 2449 512 2477 manum
542 2435 643 2476 huic
677 2433 929 2477 admovebat
961 2434 1090 2490 operi,
1117 2437 1160 2477 et
1185 2435 1220 2476 si
1248 2433 1359 2490 quod
1384 2438 1475 2477 erat
1500 2437 1628 2491 caput
1653 2433 1912 2485 absolutum,

333 2505 444 2548 illud
487 2507 531 2547 in
570 2504 707 2547 multa
738 2504 990 2561 discriptum
1023 2504 1280 2560 exemplaria
1312 2505 1687 2556 circummittebat,
1719 2507 1913 2561 emptum

334 2578 389 2618 iri
430 2590 600 2632 sperans
642 2576 938 2632 confidensque
970 2590 1051 2618 non
1084 2575 1221 2618 solum
1254 2575 1304 2618 ab
1336 2577 1390 2618 iis
1420 2577 1496 2631 qui
1526 2576 1587 2618 sic
1617 2576 1699 2618 sibi
1729 2577 1913 2632 spissum

333 2646 443 2689 illud
474 2651 612 2689 essent
643 2646 863 2690 collecturi
894 2646 1110 2697 volumen,
1141 2646 1213 2689 sed
1241 2647 1371 2689 etiam
1398 2659 1422 2688 a
1448 2646 1585 2689 multo
1610 2645 1803 2703 pluribus
1825 2645 1914 2689 illis

336 2720 410 2773 qui
452 2717 658 2774 quidquid
701 2718 752 2760 ab
790 2719 884 2774 ipso
923 2721 1032 2760 esset
1063 2717 1313 2774 profectum,
1345 2718 1542 2773 quamvis
1572 2720 1682 2760 esset
1712 2720 1840 2760 tenue
1871 2720 1914 2759 et

336 2789 555 2844 exiguum,
588 2788 729 2843 legere
763 2792 805 2830 et
835 2789 879 2830 in
908 2788 1072 2830 scriniis
1099 2789 1187 2830 suis
1213 2787 1431 2830 adserVare
1457 2785 1685 2843 cuperent?
1717 2786 1828 2830 Nam
1854 2788 1912 2830 sic

337 2872 501 2914 quoque
544 2863 717 2914 apparet
754 2862 911 2914 quanta
943 2858 1055 2914 apud
1086 2873 1230 2902 omnes
1262 2859 1452 2902 homines
1483 2858 1552 2901 1110
1582 2858 1695 2901 fama.
1724 2857 1914 2901 floruerit

336 2928 613 2984 philosophus
646 2933 687 2971 et
720 2931 875 2971 mentis
908 2929 1109 2972 medicus.
