2002 3372
1132 197 1190 240 80

373 325 542 383 singula
582 323 798 380 aptissime
841 324 882 362 et
923 318 1237 376 elegantissime
1271 320 1383 362 inter
1415 333 1458 362 se
1490 319 1737 375 respondere
1768 319 1944 364 videbis.

372 397 473 439 Fuit
519 409 616 438 cum
663 390 929 435 retinendum
975 386 1299 443 ἄναγκαζόμένα
1342 389 1415 432 sed
1454 391 1498 432 in
1537 389 1679 433 locum
1721 390 1796 433 ubi
1836 404 1947 434 nunc

372 468 583 521 φεύγοντα
630 465 702 506 ἀπ’
747 462 938 510 ἀλλήλων
984 459 1147 517 leg-itur
1189 460 1495 504 traducendum
1537 464 1732 517 putarem
1745 474 1757 514 3
1803 461 1947 504 hiatus

372 544 512 581 metus
544 550 612 579 me
643 535 832 577 retinuit.

434 608 541 651 961⁴]
587 608 667 648 Ars
712 606 874 648 musica
915 603 964 645 δι’
1004 603 1234 656 ἀντιφώνων
1279 602 1368 657 ἔχει
1412 604 1457 646 τὸ
1491 602 1707 654 σύμφωνον
1873 608 1945 651 τῆς

371 681 412 723 δὲ
454 684 620 732 φιλικῆς
664 675 907 727 συμφωνίας
950 674 1107 723 ταύτης
1150 674 1219 716 καὶ
1262 673 1455 726 οὶρμονίοις
1499 673 1609 716 οὐδὲν
1650 673 1833 725 ἀνόμοιον
1865 673 1945 716 οὐδ’

370 751 583 800 οὶνώμοιλον
626 747 712 790 οὐδὲ
755 744 887 787 ἄνισον
930 741 1030 787 εἷνοιι
1076 745 1138 787 δεῖ
1175 744 1305 797 μέρος,
1349 745 1446 787 ἀλλ’
1490 743 1534 794 ἐξ
1576 744 1769 787 ἁπάντων
1801 743 1942 794 ὁμοίως

370 821 543 874 ἐχόντων
577 820 790 869 ὁμολογεῖν
819 817 884 857 καὶ
916 815 1155 865 ὁμοβουλεῖν
1173 814 1252 857 ’καὶ
1283 814 1481 865 ὁμοδοξεῖν
1509 815 1578 857 καὶ
1608 816 1911 865 συνομοπαθεῖν.

427 891 538 934 Satis
570 889 671 931 dure
703 889 772 930 hic
805 891 945 930 mente
976 885 1260 942 supplendum
1292 889 1354 928 est
1386 885 1449 927 δεῖ
1477 886 1604 935 αὑτήν
1637 890 1686 929 ut
1715 886 1944 930 infinitivo-

366 977 463 1004 rum
505 963 668 1004 constet
698 960 819 1001 ratio.
852 958 997 1014 Neque
1028 962 1171 1000 tamen
1202 960 1299 1013 apto
1330 956 1421 999 loco
1454 956 1603 1000 addere
1639 956 1840 1001 vocabula
1868 956 1945 999 illa

365 1046 551 1089 possum,
596 1043 730 1086 neque
772 1027 929 1072 vellem
971 1028 1007 1069 si
1047 1041 1228 1083 possem.
1273 1025 1406 1070 Credo
1447 1028 1562 1070 enim
1604 1041 1679 1083 pro
1719 1026 1944 1087 infinitivis

364 1103 452 1145 illis
482 1101 733 1144 indicativos
765 1100 987 1152 (ὁμολογεῖ,
1031 1098 1263 1149 ὁμοβουλεῒ,
1301 1096 1494 1149 ὄμοδοξεῖ,
1531 1099 1823 1151 συνομοπαθεῒ)
1857 1111 1945 1141 esse

365 1173 579 1230 legendos.
622 1171 726 1214 Vide
769 1171 883 1213 enim
925 1183 1052 1224 quam
1096 1167 1311 1225 eleganter
1350 1168 1396 1210 hi
1427 1162 1650 1213 indicativi
1680 1172 1945 1226 opponantur

365 1243 627 1300 praecedenti
659 1241 762 1294 ἔχει.

427 1314 533 1357 96F
580 1316 648 1355 τοῦ
692 1311 916 1356 πολύποδος
959 1311 1002 1351 a}
1046 1308 1286 1360 μεταβολαὶ
1331 1308 1456 1358 βάθος
1499 1310 1569 1351 οὐκ
1613 1307 1787 1361 ἔχουσιν,
1827 1308 1943 1352 ἀλλὰ

367 1386 454 1437 περὶ
489 1385 617 1431 αὐτην
648 1383 861 1434 γίγνονται
896 1380 966 1428 την
1000 1379 1258 1432 ἐπιφάνειαν,
1286 1379 1512 1432 στυφότητι
1542 1379 1611 1422 καὶ
1639 1379 1838 1430 μανότητι
1864 1380 1940 1426 τὰς

366 1456 565 1508 ἀπορροὰς
597 1455 672 1495 τῶν
706 1451 1009 1505 πλησιαζόντων
1041 1450 1437 1501 ἀναλαμβάνουσαν.
1499 1452 1503 1458 '
1589 1456 1591 1458 ’

426 1526 537 1568 Mire
568 1524 713 1568 eadem
744 1537 809 1566 res
840 1523 909 1564 hic
941 1521 1071 1564 simul
1103 1520 1347 1572 στυφότητοι
1379 1525 1422 1563 et
1453 1520 1670 1570 μανότητα
1701 1519 1852 1563 habero
1883 1519 1942 1563 di-

364 1599 487 1640 citur.
522 1597 586 1638 An
619 1597 677 1638 sic
708 1594 825 1637 locus
859 1592 1126 1649 accipiendus
1157 1595 1206 1634 ut
1236 1607 1332 1633 rara
1363 1591 1528 1634 dicatur
1553 1590 1776 1649 polypodis
1801 1605 1942 1647 super-

363 1668 477 1710 ficies
508 1666 678 1723 (pellis),
711 1664 923 1707 constricta
953 1666 995 1705 et
1026 1664 1126 1706 dura
1157 1676 1283 1718 rupes
1315 1663 1384 1704 cui
1415 1660 1640 1705 adhaeret?
1666 1661 1793 1705 Haud
1819 1675 1942 1718 nega·

363 1739 499 1782 verim
524 1737 567 1779 id
589 1736 729 1787 licere,
758 1734 952 1777 additum
979 1738 1122 1776 tamen
1151 1731 1256 1780 αὖθις
1288 1733 1372 1784 (καὶ
1400 1731 1509 1779 αὖθις
1528 1732 1759 1786 μανότητα)
1775 1731 1937 1775 malim.

424 1808 534 1852 97A
582 1806 769 1859 Πρωτέως
805 1805 907 1850 τινὸς
941 1805 1010 1846 οὐκ
1043 1806 1244 1857 εὐτυχοῦς
1277 1803 1362 1845 οὐδὲ
1395 1803 1501 1845 πάνυ
1529 1806 1708 1856 χρηστοῦ
1735 1803 1780 1845 τὸ
1808 1803 1935 1855 ἔργον,

363 1882 460 1923 ἀλλ’
507 1879 581 1921 ὑπὸ
625 1877 816 1928 γοητείας
860 1876 1001 1917 ἑαυτὸν
1045 1876 1101 1922 εἷς
1143 1873 1270 1927 ἔτερον
1314 1871 1414 1920 εἶδος
1453 1874 1499 1925 ἐξ
1530 1873 1662 1926 ἑτέρου
1693 1873 1939 1923 μεταλλάτ-

361 1966 498 1997 τοντος
532 1949 570 1990 ἐν
601 1949 738 1999 ταύτῷ
773 1947 990 1991 πολλάκις.

420 2021 478 2063 Ut
525 2033 636 2062 nunc
676 2032 741 2061 res
783 2032 825 2059 se
866 2017 1006 2066 habet,
1047 2015 1209 2057 frustra
1251 2016 1417 2071 quaeris
1459 2014 1670 2071 quodnam
1713 2013 1826 2067 ἔργον
1867 2013 1937 2056 hic

360 2091 635 2148 significetur.
664 2089 746 2131 Sed
774 2087 864 2130 dele
891 2086 1006 2128 ἀλλά
1034 2100 1132 2129 cum
1160 2085 1430 2141 praecedente
1457 2085 1642 2142 virgula,
1670 2086 1936 2142 aptissimam

360 2162 466 2204 hanc
508 2161 679 2203 habebis
722 2160 998 2201 sententiam:
1043 2158 1116 2213 qui
1159 2157 1380 2212 (quoniam
1411 2155 1572 2199 multos
1603 2156 1728 2199 habet
1760 2157 1935 2206 amicos)

360 2247 471 2274 nunc
511 2233 618 2273 hanc
661 2244 771 2272 nunc
811 2229 931 2271 illam
974 2229 1108 2270 sumit
1149 2228 1346 2284 speciem,
1379 2228 1523 2270 Protei
1555 2228 1751 2287 fungitur
1779 2226 1934 2278 labore,

362 2303 433 2345 sed
464 2302 685 2357 improbus
718 2299 872 2355 aliquis
904 2299 952 2340 fit
983 2299 1160 2341 Proteus
1191 2297 1404 2354 simulque
1436 2300 1577 2341 miser.

1008 2494 1266 2501 ——-——.—-——..

999 2666 1052 2696 DE
1084 2665 1292 2696 FORTUNA.

416 2799 561 2854 Neque
588 2796 851 2841 oratiuncula
877 2796 977 2838 haec
1006 2800 1081 2844 est,
1109 2808 1237 2850 quam
1264 2794 1438 2837 dimissa
1451 2795 1539 2837 iam
1554 2795 1746 2837 contione
1761 2794 1928 2838 chartae

354 2870 620 2912 mandaverit
659 2867 951 2923 philosophus,
995 2879 1128 2921 neque
1169 2864 1346 2920 epistola
1387 2864 1440 2907 ad
1484 2866 1668 2907 amicum
1709 2863 1922 2907 literatum

353 2944 663 2995 potentemque,
708 2939 781 2993 qui
822 2951 932 2987 eam,
974 2935 1111 2978 laetus
1143 2949 1271 2977 suum
1302 2936 1363 2978 ibi
1396 2949 1547 2978 nomen
1579 2936 1623 2977 iu
1655 2935 1791 2978 fronte
1816 2934 1925 2991 legi,
