2002 3372
1096 209 1183 251 244

349 340 446 393 post
467 339 650 377 mortem
675 335 766 375 eius
783 331 929 375 sedulo
947 331 1313 387 conquirebautur,
1331 332 1589 386 conquisitae
1607 330 1934 387 disponebantur

351 405 811 462 coniungebanturque.
839 402 930 454 Quo
954 415 1130 444 munere
1153 404 1226 457 qui
1250 402 1538 458 fungebantur
1553 402 1827 458 grammatici
1842 401 1934 457 phi-

349 477 599 532 losophique
621 474 838 516 interdum
867 486 956 515 rem
979 486 1056 515 acu
1080 473 1326 528 tangebant,
1354 471 1476 515 velut
1499 486 1597 514 cum
1620 471 1780 514 librum
1801 472 1851 512 de
1871 485 1934 512 m-

343 547 583 601 perstitione
608 546 754 587 statim
782 547 874 599 post
897 547 1042 596 septem
1058 542 1298 597 sapientium
1315 543 1532 584 convivium
1549 546 1768 598 ponerent;
1790 542 1854 597 ips
1892 555 1934 583 m
1986 588 1988 591 v

352 619 428 659 hoc
446 618 505 658 sic
526 615 705 658 voluisse
723 613 1002 656 Plutarchum
1018 612 1216 655 credibile
1233 618 1315 656 est:
1333 614 1493 655 cumin
1511 611 1688 653 convivio
1703 611 1934 654 admodum

352 693 549 730 strenuus
572 686 804 735 exstitisset
825 683 1127 726 miraculorum
1150 687 1367 739 patronus,
1394 697 1446 725 ne
1469 683 1548 725 hoc
1562 681 1672 725 libro
1687 681 1739 724 ad
1755 682 1935 724 nimiam

353 756 647 800 credulitatem
675 756 969 810 abriperentur
995 754 1201 805 homines,
1226 755 1370 796 statim
1388 753 1570 796 alterum
1589 753 1797 804 adiunxit,
1814 753 1936 795 cuius

352 829 432 870 hoc
474 830 584 870 esset
620 827 874 882 primarium
908 826 1173 881 propositum
1206 828 1254 866 ut
1286 824 1646 867 demonstraretur
1675 825 1818 866 minus
1848 836 1937 866 esse

352 900 536 954 impium
578 911 678 939 eum
721 898 795 952 qui
837 897 1010 938 omnino
1043 895 1140 937 deos
1172 909 1262 938 esse
1294 899 1423 952 neget
1454 909 1583 951 quam
1616 896 1690 951 qui
1723 893 1938 936 dirissima

354 982 543 1025 quaeque
571 971 614 1009 et
640 968 899 1022 turpissima¹
916 966 966 1008 de
994 967 1048 1007 iis
1075 965 1229 1008 credat.
1262 965 1344 1008 Sed
1373 980 1495 1022 saepe
1520 969 1736 1008 externam
1753 965 1935 1022 speciem

354 1040 488 1081 secuti
535 1042 577 1080 et
624 1036 850 1079 titulorum
893 1035 1178 1079 similitudine
1220 1037 1265 1077 in
1310 1050 1493 1078 errorem
1535 1036 1700 1078 inducti
1741 1037 1855 1078 inter
1895 1049 1938 1078 se

353 1112 585 1151 iunxerunt
610 1122 716 1164 quae
743 1111 880 1149 essent
907 1107 1210 1149 diversissima.
1239 1106 1307 1148 Sic
1333 1106 1503 1148 libellus
1529 1108 1577 1148 de
1590 1107 1784 1162 fraterno
1809 1120 1939 1147 amore

355 1182 468 1226 vitae
500 1179 650 1235 plenus
681 1182 767 1220 est:
799 1180 939 1233 ipsam
973 1179 1086 1219 enim
1119 1179 1255 1219 vitam
1287 1181 1448 1232 spectat
1479 1181 1522 1219 et
1551 1177 1604 1219 ad
1635 1190 1773 1219 mores
1802 1176 1938 1219 homi-

355 1266 459 1292 num
500 1249 783 1292 emendandos
825 1254 889 1291 est
929 1247 1199 1299 utilissimus,
1243 1248 1294 1289 ob
1336 1247 1595 1303 eandemque
1626 1261 1796 1290 causam
1825 1246 1939 1289 lectu

356 1327 419 1364 est
459 1321 793 1363 iucundissimus
825 1323 867 1361 et
900 1320 1031 1362 variis
1063 1318 1270 1374 exemplis
1299 1319 1692 1374 narrationibusque
1722 1317 1939 1374 legentem

357 1393 529 1434 detinet.
563 1391 617 1433 Et
650 1391 929 1446 subiungitur
959 1390 1029 1431 hic
1063 1390 1136 1444 qui
1167 1402 1301 1444 neque
1326 1390 1551 1431 suavitatis
1578 1402 1712 1444 neque
1739 1387 1940 1430 utilitatis

357 1463 483 1504 habet
526 1461 780 1517 quidquam:
825 1460 945 1502 docta
985 1459 1097 1501 docti
1129 1463 1193 1501 est
1225 1458 1468 1515 philosophi
1499 1459 1691 1509 diatriba,
1725 1459 1799 1514 qui
1829 1470 1940 1499 nunc

358 1531 529 1588 quidem
557 1531 607 1573 de
634 1530 831 1573 curandis
859 1529 1139 1585 sanandisque
1167 1529 1393 1571 hominum
1421 1523 1635 1572 mentibus
1661 1542 1745 1570 non
1766 1529 1939 1584 cogitat,

356 1602 693 1659 philosophicam
727 1603 1017 1657 quaestionem
1049 1614 1177 1655 quam
1211 1602 1525 1642 accuratissime
1555 1599 1769 1642 illustrare
1799 1597 1941 1640 studet

357 1677 400 1715 et
441 1675 485 1714 in
529 1686 577 1715 ea
619 1687 662 1714 re
694 1686 828 1728 neque
859 1671 991 1714 labori
1026 1685 1161 1727 neque
1193 1671 1361 1712 chartae
1394 1672 1595 1726 pepercit,
1629 1683 1726 1712 nam
1760 1669 1939 1711 dubium

357 1758 440 1786 non
469 1747 546 1786 est
587 1744 690 1799 quin
730 1741 868 1784 multo
909 1743 1047 1784 maior
1083 1755 1179 1797 pars
1212 1743 1399 1796 perierit.
1433 1740 1580 1783 Sermo
1614 1745 1678 1783 est
1709 1739 1940 1783 admodum

357 1817 580 1857 intricatus
621 1828 757 1869 neque
798 1813 950 1855 desunt
990 1811 1072 1854 loci
1119 1812 1194 1853 ubi
1239 1813 1401 1868 ingenii
1447 1811 1658 1867 quoddam
1705 1809 1943 1853 ostentandi

359 1885 697 1942 deprehendatur
728 1883 933 1926 studium.
982 1881 1190 1938 Aequales
1222 1887 1363 1924 tamen
1396 1881 1633 1931 Plutarchi,
1665 1884 1715 1923 ut
1746 1879 1942 1937 equidem

359 1958 520 2012 opinor,
563 1956 736 1998 doctum
769 1954 848 1996 hoc
878 1958 921 1996 et
952 1952 1208 1995 laboriosum
1241 1966 1347 2008 opus
1378 1954 1569 2008 impense
1600 1951 1798 1994 admirati
1828 1953 1941 1993 sunt.

360 2026 441 2070 Oui
485 2028 521 2068 si
562 2027 657 2082 quis
701 2039 829 2067 suum
860 2024 942 2066 sibi
973 2025 1084 2065 inter
1116 2022 1338 2065 Plutarchi
1371 2024 1527 2078 scripta
1558 2023 1770 2078 assignare
1799 2019 1942 2063 locum

361 2096 479 2147 velit,
523 2096 637 2138 haud
677 2097 819 2151 inepte
861 2108 960 2136 cum
1002 2093 1123 2136 libris
1162 2094 1212 2135 ab
1255 2107 1304 2135 eo
1338 2097 1483 2135 contra
1513 2092 1744 2148 Epicureos
1775 2091 1943 2146 scriptis

360 2168 604 2222 coniungat.
648 2165 864 2218 Quaedam
895 2165 1008 2207 enim
1043 2163 1111 2205 hic
1143 2163 1350 2220 leguntur
1381 2176 1487 2218 quae
1518 2161 1619 2205 libri
1650 2163 1838 2204 adversus
1874 2161 1942 2202 Co-

362 2240 477 2279 lotam
509 2251 584 2279 nos
615 2236 880 2278 admoneant.

422 2308 537 2360 Quae
580 2307 630 2349 de
670 2304 854 2362 singulis
896 2304 996 2347 libri
1037 2303 1150 2346 lectu
1193 2308 1283 2345 tam
1322 2302 1502 2345 difficilis
1542 2301 1646 2345 locis
1685 2300 1943 2345 observanda

361 2378 585 2421 videantur
617 2377 720 2419 haec
751 2376 838 2418 fere
871 2378 993 2418 sunt:
1689 2365 1691 2367 ¹

422 2447 556 2491 4930
590 2447 704 2490 Adeo
731 2461 754 2489 a
782 2460 858 2489 sua
884 2449 1036 2488 natura
1063 2445 1311 2487 aberrarunt
1338 2444 1529 2486 homines
1552 2444 1702 2485 utiam
1719 2441 1943 2484 debeamus

423 2518 555 2571 ζητεῖν
599 2519 636 2559 ἐν
678 2515 817 2563 ἵπποις
864 2517 930 2558 καὶ
965 2517 1054 2558 κυσὶ
1087 2515 1153 2556 καὶ
1187 2514 1320 2567 ὄρνισι,
1354 2518 1436 2560 πῶς
1469 2516 1692 2564 γαμοῦμεν
1723 2511 1838 2554 αὐτοὶ
1872 2511 1941 2552 καὶ

362 2594 563 2640 γεννῶμεν
596 2588 664 2630 καὶ
699 2589 1060 2638 τεκνοτροφοῦμεν.

423 2661 512 2701 Aut
558 2673 683 2701 sensu
731 2671 845 2700 cassa
887 2658 989 2699 haec
1031 2661 1130 2698 sunt
1169 2661 1243 2698 aut
1286 2654 1514 2697 falsissima
1546 2651 1942 2707 absurdissimaque.

363 2730 445 2772 Sed
473 2743 571 2772 vera
602 2733 645 2771 et
675 2732 773 2784 apta
805 2728 978 2784 praebet
1008 2729 1233 2782 interpres:
1271 2725 1409 2780 „apud
1442 2737 1585 2779 equos,
1616 2735 1738 2766 canes
1768 2725 1814 2764 et
1845 2734 1944 2765 aves

363 2801 606 2855 quaerimus
648 2798 857 2854 quomodo
898 2798 1020 2840 nobis
1061 2797 1333 2838 matrimonia
1366 2794 1653 2844 contrahenda,
1685 2791 1823 2848 proles
1847 2806 1944 2845 pro-

363 2870 534 2911 creanda
566 2874 608 2911 et
640 2870 844 2910 educanda
876 2868 974 2910 siff.

423 2940 482 2981 Ut
514 2953 613 2981 sana
644 2939 745 2982 haec
773 2939 981 2981 sententia
1007 2939 1050 2979 in
1077 2936 1249 2980 Graecis
1273 2937 1376 2978 insit
1404 2935 1541 2978 verbis
1566 2932 1785 2976 lenissima
1809 2945 1944 2974 emen-
