2002 3372
1048 271 1135 315 334

307 408 445 438 carcer
486 396 549 436 est
591 396 633 435 et
675 394 835 435 interea
874 393 914 434 ei
954 393 1126 448 praebet
1167 388 1448 447 εὖωχίαςκαῖ
1481 395 1776 448 πραγματείας
1810 395 1879 440 καὶ

307 464 433 510 δόσεις
466 464 534 505 καὶ
565 463 760 515 χάριτας.

367 534 559 576 Absurde
601 534 669 575 hic
710 532 828 575 istud
860 532 983 581 δόσεις
1016 535 1202 590 ponitur.
1234 534 1481 591 Requiritur
1511 535 1615 578 fere:
1650 549 1744 588 „res
1774 549 1880 592 quae

305 604 519 647 abducunt
550 618 573 646 a
606 604 799 646 tristibus
832 602 1188 660 cogitationibus’'
1221 608 1433 658 (nostrum
1467 605 1813 663 „afleidingon”).

366 739 496 781 554F
538 739 760 795 Improbus
791 739 1006 783 malefacti
1033 740 1298 784 dulcedinem
1326 743 1472 784 statim
1499 745 1719 798 tamquam
1743 755 1880 786 escam

305 810 533 862 devoravit,
576 814 671 852 tum
712 814 761 852 ut
804 811 932 866 piscis
976 811 1101 854 hamo
1133 811 1331 855 adhaeret
1363 812 1409 854 τὸ
1443 811 1615 860 συνειδὸς
1648 811 1880 864 ἐγκείμενον

304 878 409 934 ἔχων
441 880 509 922 καὶ
544 881 747 922 ἀποτῖνον.

363 950 557 993 Absurda
598 965 680 993 vox
723 950 898 994 ultima:
942 951 1055 994 mala
1093 954 1346 996 conscientia
1386 967 1467 996 non
1509 954 1579 996 dat
1618 967 1774 1011 poenas
1809 953 1880 997 sed

303 1022 437 1064 sumit
469 1025 511 1064 et
542 1021 706 1064 cruciat.
739 1021 853 1078 Lege
885 1035 987 1078 ergo
1021 1037 1120 1065 cum
1153 1022 1219 1066 W.
1254 1024 1461 1067 ἐπιτεῖνον.

364 1155 494 1200 5550
536 1156 771 1200 Ptolemaei
802 1156 984 1201 Cerauni
1015 1158 1143 1200 amici
1170 1157 1367 1208 viderunt
1392 1172 1492 1202 eum
1516 1160 1560 1202 in
1585 1159 1655 1202 ius
1681 1161 1878 1202 vocatum

303 1241 327 1269 a
367 1227 541 1271 Seleuco
583 1233 724 1278 γυπῶν
756 1228 823 1270 καὶ
857 1228 987 1270 λύκων
1021 1227 1260 1280 δικαζόντων
1293 1229 1360 1271 καὶ
1394 1229 1489 1282 κρέα
1523 1229 1663 1273 πολλοὶ
1694 1234 1776 1278 τοῖς
1808 1236 1879 1272 πο-

302 1299 454 1348 λεμίοις
490 1297 835 1348 διανέμοντα.

361 1369 424 1412 Ne
456 1370 500 1411 in
532 1368 689 1411 iudicio
720 1369 892 1425 quidem
922 1369 1036 1425 quod
1067 1369 1323 1413 dormientes
1350 1370 1499 1414 vident
1527 1369 1627 1414 talia
1652 1385 1742 1413 rem
1765 1371 1856 1429 agit
1865 1383 1877 1422 ;

302 1454 438 1481 earnes
478 1453 577 1483 vero
619 1439 870 1482 distribuere
912 1439 1137 1483 vulturum
1179 1445 1244 1484 est
1285 1441 1581 1498 luporumque,
1625 1443 1700 1499 qui
1728 1455 1797 1484 eas
1827 1441 1878 1484 de

302 1523 465 1566 campo,
506 1510 580 1552 ubi
621 1515 862 1567 pugnatum
895 1511 990 1562 fuit,
1024 1509 1303 1554 sustulerunt.
1336 1511 1449 1569 Lege
1480 1526 1580 1570 ergo
1613 1512 1877 1564 διανεμόντων

301 1593 400 1622 cum
432 1579 482 1622 R.
1050 1582 1055 1588 '

362 1705 497 1748 5551)
541 1706 608 1748 καὶ
651 1706 735 1759 γαρ
778 1707 812 1749 εἷ
854 1707 978 1757 μηδὲν
1018 1705 1123 1750 ἀλλο
1165 1709 1271 1760 <batn
1316 1723 1378 1755 τις
1420 1707 1469 1750 ἂν
1510 1708 1566 1762 τῷ
1608 1707 1686 1762 βίῳ
1718 1708 1786 1751 καὶ
1820 1709 1875 1763 τῷ

300 1776 427 1829 χρόνῳ
459 1780 535 1818 τῶν
569 1769 740 1829 πονηρῶν
774 1778 973 1829 ὑπάρχειν
1007 1778 1128 1820 κακόν
1162 1809 1172 1820 .
1193 1809 1202 1820 .
1222 1810 1231 1820 .
1252 1810 1276 1820 ..

359 1848 514 1890 Dirum
547 1847 846 1891 soloecismum
879 1850 1065 1891 removit
1095 1849 1287 1892 Naberus
1318 1849 1358 1890 ἐν
1391 1863 1465 1905 pro
1497 1848 1547 1891 ἀν
1577 1848 1770 1906 legendo.

360 1918 585 1974 Sequitur:
632 1920 732 1961 ἀλλ’
776 1918 1102 1973 ἐξελεγχομένης
1150 1935 1228 1962 που
1274 1925 1347 1968 τῆς
1395 1920 1576 1971 ἀδικίας,
1623 1919 1875 1972 πράγματος

301 1990 486 2042 ἀκάρπου
536 1989 603 2030 καὶ
652 1990 898 2042 ἀχαρίστου,
947 1990 1014 2032 καὶ
1058 1991 1235 2044 χρηστὸν
1277 1991 1385 2033 οὐδὲν
1426 1990 1506 2034 οὐδ’
1548 1990 1660 2041 ἄξιον
1701 1989 1875 2039 σπουδῆς

300 2060 567 2113 ἀναφέροντος
611 2061 656 2102 ἐκ
697 2065 856 2103 πολλῶν
898 2061 967 2103 καὶ
1011 2061 1211 2112 μεγάλων
1255 2061 1421 2112 ἀγώνων
1461 2063 1483 2111 ἦ
1529 2060 1709 2110 αἴσθησις
1743 2061 1875 2104 αὐτῶν

300 2130 517 2183 ἀνατρέπει
550 2132 621 2180 τὴν
652 2133 810 2185 ψυχήν.

358 2201 464 2244 Tam
489 2200 720 2245 molestum
746 2202 855 2245 mihi
880 2202 997 2245 istud
1023 2203 1155 2245 αὐτῶν
1181 2207 1257 2254 est,
1286 2203 1396 2260 quod
1422 2217 1504 2260 quo
1529 2203 1586 2246 sit
1610 2201 1875 2247 referendum

298 2286 468 2329 prorsus
514 2274 668 2324 nescio,
715 2276 764 2315 ut
810 2273 980 2315 hiatum
1026 2287 1109 2316 non
1149 2273 1430 2316 reformidans
1473 2274 1578 2323 αὐτή
1619 2285 1872 2330 proponam:

297 2344 447 2385 iniusti
478 2356 597 2385 mens
629 2358 672 2385 eo
706 2343 791 2397 ipso
831 2345 1086 2399 pervertitur
1117 2344 1396 2401 deiiciturque
1423 2344 1535 2400 quod
1559 2346 1689 2387 sentit
1713 2345 1874 2388 convic-

298 2417 388 2457 tam
415 2428 502 2457 esse
527 2415 784 2458 iniustitiam
811 2414 1004 2471 nihilque
1029 2416 1128 2459 boni
1153 2429 1247 2458 eam
1275 2415 1418 2460 afferre
1433 2415 1503 2459 vel
1527 2414 1753 2459 allaturam
1769 2429 1872 2458 esse·

360 2549 490 2593 555F
538 2548 881 2594 Gommemorato
926 2551 1154 2595 Simonidis
1201 2552 1312 2594 dicto
1355 2550 1405 2594 de
1447 2552 1552 2594 cista
1592 2564 1669 2594 sua
1708 2564 1873 2607 semper

296 2620 420 2676 plena
451 2623 628 2676 argenti,
662 2623 824 2678 gratiae
856 2623 1069 2676 (χαρίτων)
1091 2622 1122 2676 ¹)
1152 2637 1299 2674 vacua,
1332 2623 1392 2665 sic
1422 2623 1586 2679 pergit:

358 2690 480 2738 οὕτως
524 2692 557 2733 οἱ
601 2694 754 2744 πονηροὶ
801 2695 873 2742 τὴν
914 2694 1062 2736 κακίαν
1105 2696 1146 2737 ἐν
1190 2693 1345 2740 ἑαυτοῖς
1388 2693 1587 2745 διορῶντες
1627 2691 1763 2741 ἡδονῆς
1796 2693 1870 2743 μὲν

300 2761 410 2809 εὐθὺς
454 2762 567 2810 κενὴν
597 2763 720 2816 χάριν
752 2762 923 2815 ἔχουσης
958 2764 1025 2806 καὶ
1059 2763 1219 2812 ἐλπίδος
1249 2768 1431 2817 χρηστῆς
1466 2762 1605 2816 ἔρημον
1636 2762 1869 2814 εὑρίσκουσι.

343 2914 377 2955 1)
410 2913 515 2953 Quem
545 2924 669 2945 sensum
699 2914 733 2945 in
764 2914 932 2949 Simonidis
964 2915 1047 2946 dicto
1078 2926 1137 2947 vox
1167 2915 1223 2946 illa
1247 2914 1359 2947 habeat
1382 2925 1431 2946 me
1453 2914 1553 2957 fugit;
1575 2924 1614 2946 an
1637 2913 1697 2945 hoc
1719 2913 1778 2946 sibi
1800 2914 1869 2946 vult

296 2970 405 3009 poeta:
438 2968 620 3010 „pecuniam
653 2968 731 3000 mihi
760 2969 887 3001 solvunt
917 2970 1021 3007 multi,
1055 2970 1107 3002 scd
1141 2970 1233 3012 pauci
1263 2970 1342 3002 mihi
1371 2970 1488 3011 gratias
1517 2968 1643 3008 habent,
1670 2969 1760 3011 pauci
1784 2969 1867 3001 enim

296 3021 435 3054 carmina
457 3032 526 3054 mea
548 3024 656 3054 tenent
678 3022 872 3055 memoria”?
