2002 3372
648 1239 940 1296 CAPUT
988 1241 1151 1296 VIII.

602 1619 658 1651 DE
686 1619 855 1652 FORTUN
855 1619 885 1650 A
915 1618 1200 1651 ROMANORUM.

158 1775 225 1820 En
263 1775 440 1829 librum,
483 1789 613 1833 quem
655 1790 680 1819 a
722 1775 864 1818 iuvene
906 1774 1141 1818 Plutarcho
1184 1775 1391 1831 scriptum
1427 1789 1517 1819 esse
1547 1776 1646 1819 inde
1678 1790 1703 1819 a

95 1847 427 1908 Wyttenbachio
453 1861 600 1892 omnes
629 1850 829 1891 statuunt
855 1847 941 1890 viri
969 1846 1082 1889 docti
1110 1849 1154 1889 et
1179 1851 1292 1889 recte
1311 1850 1523 1889 statuunt.
1553 1847 1703 1904 Neque

93 1933 180 1977 quo
209 1921 270 1964 sit
301 1919 468 1962 concilio
500 1921 686 1976 scriptus
718 1918 810 1961 ulla
841 1932 932 1962 esse
963 1920 1104 1974 potest
1131 1919 1432 1960 controversia.
1467 1917 1561 1961 Hac
1587 1920 1703 1961 enim

93 1991 275 2034 oratione
316 2005 362 2034 se
401 1989 684 2048 philosophus
726 1993 870 2033 noster
911 1988 1232 2032 commendavit
1264 1989 1477 2040 omnibus,
1511 1991 1586 2045 qui
1618 1991 1702 2033 sibi

91 2062 323 2120 liberisque
366 2063 457 2106 suis
497 2066 817 2120 praeceptorem
860 2061 1131 2118 quaerebant,
1174 2075 1199 2103 a
1231 2075 1315 2118 quo
1347 2062 1464 2105 vitae
1495 2065 1608 2104 recte
1640 2063 1703 2105 in-

93 2133 336 2178 stituendae
379 2133 591 2177 discerent
625 2135 851 2186 rationem,
885 2133 956 2176 sed
988 2136 1089 2176 ante
1120 2135 1280 2176 ceteros
1312 2147 1460 2176 omnes
1495 2133 1700 2176 Romanis.

92 2204 177 2250 Vix
202 2207 320 2250 enim
347 2206 530 2263 cogitari
557 2205 793 2263 quidquam
822 2207 965 2262 potest
991 2205 1135 2262 aptius
1162 2204 1214 2247 ad
1241 2204 1584 2261 persuadendum
1612 2204 1703 2248 illis

12 2314 13 2317 ,
94 2277 361 2322 auditoribus
400 2291 494 2320 rem
534 2277 618 2320 sibi
659 2291 749 2321 esse
793 2290 893 2320 cum
939 2277 1029 2319 viro
1073 2274 1207 2318 simul
1237 2279 1280 2318 et
1312 2276 1627 2332 sapientissimo
1660 2280 1704 2319 et

95 2348 379 2392 disertissimo
412 2379 423 2391 .
443 2379 453 2391 .
473 2380 483 2391 .
515 2352 644 2405 atque
675 2349 722 2391 in
753 2362 831 2391 sua
864 2347 1046 2390 historia
1081 2347 1387 2390 versatissimo.

160 2418 474 2478 Fragmentum
517 2433 622 2471 esse,
665 2420 736 2462 cui
769 2418 923 2462 ultima
955 2432 1052 2475 pars
1084 2418 1206 2469 desit,
1239 2419 1387 2460 statim
1421 2418 1553 2461 vides.
1587 2417 1704 2471 Quae

97 2494 259 2548 quanta
298 2490 432 2534 fuerit
472 2489 524 2533 de
555 2503 604 2533 ea
636 2504 682 2533 re
715 2503 741 2533 a
770 2491 994 2533 communi
1026 2491 1221 2532 virorum
1256 2488 1480 2532 doctorum
1513 2488 1704 2545 discrepo

97 2563 324 2606 sententia.
362 2555 535 2604 Par-vasi,
566 2562 682 2604 enim
713 2575 809 2604 eam
840 2561 971 2604 fuisse
1005 2561 1168 2617 opinor.
1202 2559 1416 2603 Fortunae
1449 2561 1584 2602 oratio
1615 2561 1705 2602 iam

94 2633 186 2677 fere
227 2632 281 2676 ad
323 2631 454 2676 finem
485 2633 696 2689 pervenit,
730 2630 927 2688 quodque
960 2630 1096 2688 vulgo
1128 2630 1329 2681 creditur,
1363 2634 1459 2686 post
1490 2643 1584 2672 eam
1617 2643 1708 2672 sur-

97 2705 258 2748 rexisse
299 2702 534 2756 Virtutem,
578 2716 686 2759 quae
728 2702 877 2745 eadem
921 2701 1150 2745 verborum
1189 2701 1385 2744 ubertate
1416 2701 1705 2745 adversariam

95 2789 222 2819 suam
251 2773 466 2818 refelleret
495 2774 541 2818 id
572 2774 684 2817 mihi
716 2787 868 2830 parum
901 2773 1120 2830 probatur.
1154 2771 1203 2815 Si
1234 2772 1340 2815 bene
1366 2775 1535 2815 tornata
1562 2771 1705 2829 aliqua

100 2844 424 2904 „peroratione”
453 2845 668 2889 Fortunae
695 2846 934 2888 orationem
961 2843 1179 2896 clauserit,
1207 2857 1367 2887 nomen
1382 2857 1512 2886 suum
1529 2843 1706 2887 solvisse

99 2916 363 2961 Plutarchus
406 2916 544 2960 videri
586 2918 734 2974 possit.
779 2916 863 2970 Qui
905 2917 1020 2959 enim
1061 2916 1107 2958 in
1152 2915 1277 2958 initio
1308 2914 1409 2957 libri
1440 2914 1707 2958 inducuntur

101 2987 328 3032 bellatores
358 2989 523 3032 strenui
554 2987 693 3032 lacera
723 3001 801 3032 sua
833 2987 1028 3031 membra
1053 2989 1339 3029 monstrantes
1362 2985 1705 3042 clamantesque:
