2002 3372
871 199 955 242 241

124 368 132 373 ⁵
169 319 309 373 Verba
347 320 448 373 ὁμοῦ
474 337 532 364 ’τι
573 336 658 364 non
691 322 822 364 vertit
853 323 1075 379 interpres.
1108 322 1221 366 Sunt
1253 327 1395 368 tamen
1428 325 1608 367 minime
1641 325 1714 367 ob-

108 405 246 443 scura,
278 394 323 434 et
353 391 486 436 fuisse
518 391 720 436 videntur
751 391 984 435 Plutarcho
1016 394 1061 435 in
1094 393 1279 437 deliciis:
1312 399 1467 437 tantum
1497 410 1589 439 non.

141 537 312 586 ΛῚ44891)
358 537 708 585 Commemorato
751 539 968 596 praeclaro
1013 540 1140 592 dicto,
1184 555 1270 598 quo
1311 540 1512 585 Euclides
1551 543 1713 594 iratum

59 624 61 626 ·
107 609 572 662 memnonfutavit,
603 611 666 653 sic
697 611 864 668 pergit:

150 681 222 726 [τό
257 681 291 727 δ’,
326 681 535 732 Εὐμένους
576 685 646 725 τοῦ
687 681 897 733 βασιλέως
931 681 1061 735 ἔργον,
1095 685 1139 726 οὐ
1173 683 1312 736 λόγος,
1346 684 1579 738 ὑπερβολὴν
1607 685 1712 728 οὐδε·

106 753 210 804 μίαν
241 753 468 806 πραότητος
502 753 795 796 ἀπολέλοιπεν.

52 843 54 845 ·
86 825 250 871 ‚xl-Ab
277 826 376 883 ipso
403 823 648 869 'Plutarcho
690 825 808 868 istud
849 827 894 869 οὐ
935 824 1061 877 λόγος
1104 829 1194 869 tam
1237 828 1483 884 importune
1515 826 1712 870 additum

105 897 193 949 vix:
213 895 482 942 crediderim.
515 895 563 941 Si
594 896 726 948 abest,
761 895 900 940 multo
933 895 1092 940 melius
1124 897 1265 940 elucet
1295 900 1523 956 oppositio.

49 1026 57 1082 {J
118 1072 142 1080 .,
168 1029 304 1084 489Ἑ
345 1031 588 1077 Eumenem
619 1034 810 1076 occisum
842 1047 934 1077 esse
965 1035 1179 1086 nuntiato,
1213 1034 1386 1079 Attalus
1416 1036 1547 1080 frater
1578 1038 1670 1079 eius

165 1105 239 1152 τὺν
269 1109 454 1155 γυναῖκα
486 1107 558 1147 τοῦ
591 1104 778 1157 ἀδελφοῦ
814 1105 1089 1156 Στρατονίκην
1122 1105 1256 1157 ἔγημε
1290 1107 1359 1148 καὶ
1396 1139 1404 1150 .
1427 1139 1436 1150 .
1457 1139 1466 1150 .
1486 1140 1495 1151 .

165 1173 356 1218 Ioculare
387 1179 453 1218 est
484 1175 597 1232 quod
629 1176 803 1219 additur
834 1178 878 1218 in
910 1176 1128 1219 codicibus
1159 1179 1345 1227 συνῆλθε.
1378 1177 1595 1221 Lubenter
1625 1193 1712 1222 cre-

105 1245 274 1289 dimus:
316 1246 430 1296 θέμις
471 1245 531 1298 ἥδ’
565 1247 703 1298 ἀνδρὸς
747 1247 816 1288 καὶ
861 1248 1072 1299 γυναικός.
1120 1247 1204 1291 Sed
1242 1263 1325 1292 non
1357 1252 1712 1294 commemoravit

47 1327 50 1334 “
103 1316 221 1360 istud
266 1319 446 1374 scriptor
487 1318 890 1362 verecundissimus.
938 1318 1130 1376 Egregie
1173 1320 1489 1364 Bernardakiue
1527 1324 1712 1364 correxit
1759 1342 1762 1345 “

103 1393 291 1442 συνῆρχε.
327 1388 517 1447 Reginae
548 1403 643 1433 eam
680 1389 772 1433 loco
804 1390 957 1433 habuit
988 1405 1205 1434 successor
1235 1391 1310 1435 ille
1342 1394 1642 1448 aequissimus.

166 1537 307 1583 4900
358 1538 563 1582 Refutare
610 1544 653 1582 et
700 1540 873 1597 abigere
919 1542 1085 1596 oportet
1132 1537 1420 1591 malevolum,
1477 1539 1710 1583 discordiae

105 1609 304 1654 serendae
333 1624 462 1654 causa

472 1681 752 1734 ὑπορύττοντα
787 1686 863 1723 τῶν
897 1682 1128 1735 ἀπορρήτων
1165 1679 1266 1724 ἔνιοι,

164 1751 306 1796 Immo
351 1753 638 1806 ἀνορύττοντα,
687 1768 785 1796 nam
830 1754 1041 1810 protrahit
1083 1755 1126 1796 in
1167 1753 1308 1796 lucem
1349 1767 1458 1809 quae
1500 1755 1709 1810 irreperta

105 1823 261 1867 melius
292 1825 376 1868 sita
407 1828 521 1877 sunt,
553 1840 635 1867 non
667 1825 898 1877 ὑπορύττει,
932 1825 1044 1882 quod
1076 1824 1237 1867 delendi
1269 1828 1312 1867 et
1343 1825 1581 1878 infirmandi
1617 1826 1710 1868 vim

105 1895 250 1940 habet.

154 2031 304 2082 ,491ss
349 2031 522 2084 „Pluris
564 2033 742 2076 fratrem
776 2047 906 2089 quam
940 2033 1125 2075 amicum
1162 2032 1298 2075 facere
1329 2036 1495 2089 oportet
1505 2047 1515 2085 ς
1551 2037 1711 2076 contra-

47 2108 49 2110 ’
103 2105 220 2148 rium
252 2118 337 2148 non
370 2109 460 2148 tam
493 2109 559 2147 est
590 2104 732 2147 decori
764 2106 902 2147 amico
935 2118 1066 2160 quam
1098 2103 1292 2147 dedecori
1324 2103 1476 2146 fratri’'

164 2175 284 2219 ἀλλὰ
328 2175 419 2229 περὶ
461 2177 619 2224 ταύτης
664 2176 738 2227 μὲν
783 2175 938 2228 ἑτέρωθι
970 2181 1043 2224 τῆς
1078 2177 1246 2227 γνώμης
1280 2175 1528 2227 γέγραπται
1564 2176 1619 2218 τὰ
1652 2175 1710 2218 δο-

51 2238 54 2240 *
106 2249 258 2291 novun-a
290 2247 356 2290 διὰ
391 2246 599 2290 πλειόνων.

165 2318 404 2372 Quemnam
444 2318 606 2362 librum
649 2332 779 2361 suum
822 2318 892 2361 hic
934 2319 1133 2374 respiciat
1175 2316 1434 2360 Plutarchus
1475 2331 1545 2360 me
1578 2317 1709 2375 fugit.

42 2396 43 2399 ’
105 2389 239 2434 Porro
280 2390 537 2434 documento
578 2389 647 2432 hic
680 2389 799 2432 locus
830 2393 895 2432 est
926 2404 1012 2432 non
1045 2388 1348 2432 tantummodo
1382 2389 1518 2430 hiatus
1550 2388 1710 2431 vitandi

36 2491 43 2507 .
105 2475 233 2506 causa
263 2463 372 2506 mire
404 2461 620 2505 interdum
656 2460 862 2505 vocabula
895 2460 1117 2518 disponere
1149 2463 1358 2503 nostrum.

167 2607 302 2653 4910
343 2608 473 2652 Recte
504 2609 633 2652 habet
664 2622 814 2652 versus
848 2607 1095 2651 Menandri:

472 2679 598 2727 οὐδεὶς
633 2681 814 2732 α’γοιπῶν
848 2681 972 2727 αὐτὸς
1007 2680 1195 2729 ἀμελεῖθ’
1228 2677 1364 2727 ἡδέως.

167 2751 228 2794 Ut
257 2751 412 2796 evadat
442 2766 592 2803 versus,
624 2753 763 2794 insere
793 2751 879 2804 γάρ
910 2755 1007 2807 post
1038 2749 1181 2796 οὐδείς.

167 2897 306 2941 492Α
347 2897 619 2956 singularem
657 2896 853 2941 vocabuli
885 2909 1014 2939 usum
1047 2897 1177 2940 habes
1209 2897 1251 2939 in
1283 2896 1422 2940 hisce:

167 2969 414 3021 πεμπόντων
455 2970 497 3011 δὲ
542 2973 617 3011 τῶν
661 2972 888 3011 Θεσσαλῶν
933 2969 1205 3021 φρυκτοὺς
1239 2968 1328 3020 περὶ
1361 2968 1572 3019 βασιλέως
1607 2969 1702 3021 πρὸς

1485 3050 1528 3081 10
