2002 3372
1100 207 1187 252 160

414 330 546 374 3490
589 331 744 381 Ἀρήιος
787 330 804 372 ὁ
837 335 969 380 κῶμος
1002 329 1116 378 οὗτος
1150 332 1214 386 [ἐκ
1244 335 1345 387 γῆς]
1379 330 1473 383 ἅμα
1506 330 1703 385 Φάλαγξι
1737 332 1807 375 καὶ
1840 333 1930 376 στό-

351 412 436 449 λοις
485 402 548 457 [ἐκ
592 399 824 455 θαλάττης]
868 401 936 443 καὶ
979 402 1250 453 μεμιγμένοις
1293 404 1457 450 σκύλοις
1500 404 1569 445 καὶ
1610 405 1817 455 τροπαίοις
1858 403 1932 455 βε-

350 473 507 523 βριθώς.

411 542 643 585 Deleantur
672 541 848 584 inclusa.

410 686 541 730 349F
597 685 749 729 Nullas
797 682 1077 730 instituerunt
1123 689 1247 731 ferias
1295 689 1575 732 Athenienses
1623 687 1689 732 ὅτε
1737 689 1930 742 Καρκίνος

349 758 521 810 Ἀερόπῃ
553 762 684 804 συνῆν.
1794 772 1795 775 ’

409 831 544 871 Acute
575 834 712 882 περιῆν
745 829 982 884 Emperius.
1015 828 1138 873 Certe
1169 831 1522 873 absurdissimum
1555 835 1619 874 est
1647 831 1763 875 istud
1793 838 1924 882 συνῆν.

409 975 544 1018 35οΒ
590 976 659 1017 ἐπί
703 992 748 1016 τε
801 981 1010 1024 Σαλαμῖνι
1059 977 1125 1017 καὶ
1174 977 1358 1030 Μυκάλῃ
1403 977 1471 1018 καὶ
1514 982 1754 1025 Πλαταιαῖς
1795 975 1926 1031 ὥσπερ

348 1046 614 1096 άδαμάντινοι
659 1046 923 1098 στηρίξαντες
965 1049 1037 1096 τὴν
1079 1048 1304 1099 ἐλευθερίαν
1348 1053 1422 1096 τῆς
1468 1048 1670 1095 Ἑλλάδος
1701 1047 1928 1101 παρέδοσαν

348 1124 432 1164 τοῖς
465 1116 609 1164 ἄλλοις
642 1118 871 1168 ἀνθρώποις.

407 1188 520 1244 Lege
554 1189 846 1238 ἀδαμαντίνην.

406 1335 463 1376 ib.
512 1335 570 1376 At
602 1333 765 1377 ludicra
797 1348 862 1376 res
896 1336 1031 1390 poesis
1063 1336 1099 1376 si
1132 1349 1230 1377 cum
1263 1350 1307 1378 re
1339 1335 1529 1378 militari·
1549 1339 1842 1392 comparatur:

408 1406 441 1447 οἱ
489 1406 529 1447 δὲ
575 1408 733 1458 ῥήτορες
780 1404 923 1458 ἔχουσι’
966 1422 1004 1447 τι
1052 1407 1419 1458 παραβαλλόμενοι
1467 1407 1562 1458 πρὸς
1608 1406 1701 1454 τοὺς
1746 1422 1920 1458 στρατη-

347 1478 447 1526 γούς
480 1477 565 1519 κτὲ.

406 1547 453 1589 L.
488 1548 854 1599 παραβάλλεσθαι.

410 1692 542 1737 3500
589 1693 743 1741 ὀμόσας
786 1693 881 1741 τοὺς
914 1695 952 1735 ἐν
985 1695 1201 1746 Μαραθῶνι
1236 1693 1645 1744 προκινδυνεύσαντας
1676 1698 1752 1736 τῶν
1783 1695 1925 1746 προγό-

347 1780 431 1814 νων,
466 1766 508 1806 οὐ
542 1766 636 1811 τοὺς
670 1766 708 1806 ἐν
741 1771 835 1812 ταῖς
867 1774 1045 1818 σχολαις
1079 1767 1132 1807 τα
1165 1766 1358 1817 μειράκια
1390 1764 1744 1817 προδιδάσκοντας.

408 1834 546 1876 Immo
576 1834 914 1886 προδιδάξαντας.

410 1981 543 2023 351Β
592 1981 827 2024 Prudenter
858 1982 928 2024 hic
962 1982 1097 2024 editor
1128 1980 1314 2024 Graecus
1346 1980 1516 2037 supplet
1546 1980 1847 2038 emendatque3

409 2052 430 2099 ἢ
475 2050 534 2094 ὅτι
578 2050 643 2093 ὅτε
688 2052 782 2100 τοὺς
829 2051 1107 2104 ἐπιτροπικοὺς
1141 2051 1326 2105 ἔγραψε,·
1349 2053 1420 2100 τὴν
1453 2051 1612 2100 ἡλικίαν
1643 2053 1799 2101 ταύτην
1831 2055 1926 2094 ’Λλ-

347 2123 537 2172 κιβιάδης
578 2123 682 2175 ἔχων
722 2129 945 2171 Μαντινεῖς
989 2124 1055 2165 καὶ
1095 2123 1281 2170 Ἠλείους
1314 2122 1379 2164 ἐπὶ
1413 2123 1485 2171 τὴν
1517 2123 1810 2174 Λακεδαίμονα
1838 2128 1925 2164 συν-

347 2209 506 2242 εστησε.

406 2333 597 2390 Denique
628 2334 732 2386 loeo,
766 2349 892 2390 quem
925 2334 1052 2390 paulo
1084 2339 1180 2377 ante
1211 2335 1339 2377 citavi
1370 2333 1477 2386 (349
1490 2335 1557 2388 A),
1591 2348 1666 2390 pro
1697 2332 1791 2382 τοὺς
1823 2333 1923 2386 βαρ·
1996 2332 2000 2337 ’

345 2405 499 2455 βάρους
542 2420 639 2447 cum
683 2405 744 2447 M.
788 2405 1018 2462 legendum
1061 2411 1124 2448 est
1166 2411 1250 2452 τοῖς
1292 2405 1534 2458 βαρβάροις,
1567 2409 1616 2447 ut
1645 2403 1719 2447 ille
1750 2404 1920 2448 dativus

342 2476 521 2531 pendeat
551 2490 575 2518 a
606 2477 733 2518 verbo
765 2481 964 2526 πολεμῶν.
