2002 3372
857 186 914 230 ‘75

23 373 25 375 ι
90 309 142 354 de
183 310 360 354 ἐναντίον
403 309 496 361 πρός
528 309 693 353 dubito.
735 307 817 352 Sed
848 309 926 352 hoc
959 310 1100 351 mitto.
1136 308 1237 350 Post
1267 305 1401 358 ὥσπερ
1434 305 1685 362 Madvigius

91 381 274 425 inseruit
298 378 405 433 ἔρως,
434 394 519 437 quo
544 379 655 424 facto
682 381 722 423 ei
748 379 982 429 δυναμένοις
1011 381 1058 422 in
1074 379 1292 427 δυνάμενος
1310 377 1393 420 fuit
1409 375 1682 419 mutandum.

23 483 25 485 ·
91 450 236 496 Habet
268 451 373 496 haec
403 453 660 503 coniectura,
693 455 743 494 ut
775 450 883 494 aliae
915 450 1092 502 multae,
1116 449 1441 504 probabilitatem
1471 447 1684 504 quandam

82 522 475 580 ραίαοοφταρλίοανη,
519 523 592 566 sed
634 527 851 580 praeterea
893 523 992 566 boni
1023 521 1146 565 nihil.
1179 520 1422 564 Sententiae
1454 519 1570 562 enim
1602 519 1684 575 pri-

91 608 214 638 mum
255 590 322 638 est
361 593 690 644 consulendum,
741 593 892 637 deinde
935 593 1287 650 palaeographiae
1329 590 1520 634 habenda
1560 590 1683 633 ratio.

91 664 221 709 Velut
259 664 474 722 Madvigii
515 666 757 708 coniectura
798 665 919 708 nobis
960 665 1186 707 exhibetur
1227 662 1321 714 ἔρως
1363 664 1420 712 μὴ
1463 661 1681 710 δυνάμενος

21 735 23 739 ”
90 740 267 789 κρατεῖν,
298 735 412 793 quod
442 735 569 785 nihili
602 740 678 779 est.
710 735 871 793 Utique
905 735 1142 786 δυναμένοις
1176 733 1449 784 servandum,
1477 747 1576 776 nam
1603 732 1685 787 ipsi

9 838 12 843 ·
87 807 263 853 homines
301 808 460 851 amicos
500 809 690 851 retinent
723 812 798 851 aut
831 822 915 850 non
947 808 1144 850 retinent.
1179 805 1391 862 Equidem
1422 804 1566 847 locum
1599 818 1686 846 cor-

22 876 29 916 έ
87 883 265 936 ruptum
307 892 454 922 censeo
495 879 548 922 ab
589 881 793 936 imperito
836 879 1009 922 homine
1051 880 1127 935 qui
1170 879 1352 920 nesciret
1396 890 1519 933 saepe
1551 874 1683 927 ὥσπερ

60 959 63 961 ’
89 963 236 994 secum
259 949 415 994 habere
438 949 724 993 nomismtivum
749 952 880 994 etiam
907 965 1007 994 cum
1036 951 1323 1006 coniungatur
1348 962 1446 990 cum
1473 948 1683 1005 genitivo,

26 1062 27 1066 ,
89 1021 248 1075 dativo,
290 1023 546 1065 accusativo.
593 1021 767 1080 Insigne
800 1023 929 1065 huius
962 1024 1202 1064 structurae
1233 1019 1481 1076 exemplum
1513 1019 1686 1076 praebet

95 1094 206 1137 Gom.
248 1093 306 1136 ad
343 1092 415 1137 Um.
460 1092 624 1136 610B:
669 1093 775 1136 πολὺ
815 1094 899 1146 γὰρ
944 1093 1214 1144 ἀμβλύνεται
1257 1091 1326 1134 καὶ
1371 1093 1568 1143 χαλᾶται
1613 1093 1684 1132 τοῦ

87 1167 326 1216 λυποῦντος,
358 1163 491 1218 ὥσπερ
524 1165 562 1207 ἐν
595 1164 709 1220 εὐδίᾳ
745 1168 892 1215 κῦμα
928 1172 979 1218 τῇ
1012 1166 1176 1216 γαλήνῃ
1207 1165 1279 1205 τοῦ
1305 1164 1498 1212 σώματος
1526 1163 1686 1215 διαχεο-

24 1270 25 1274 ,
90 1236 226 1287 μένου.
257 1235 441 1292 Scripsit
471 1250 574 1294 ergo
606 1251 676 1280 me
706 1236 848 1280 iudice
878 1237 948 1280 hic
980 1234 1264 1278 Plutarchus:
1299 1234 1474 1276 ἐναντίον
1505 1233 1546 1275 δὲ
1574 1234 1688 1282 μετὰ

24 1311 25 1315 ’
93 1311 254 1350 πολλῶν
286 1305 428 1350 ἄλλων
454 1308 534 1360 οὐχ
561 1306 710 1357 ἥκιστα
739 1308 834 1359 πρὸς
847 1305 900 1362 (Y)
926 1308 1075 1360 Φιλίας
1106 1310 1248 1353 κτῆσιν
1276 1306 1298 1353 ἡ
1325 1310 1398 1353 τῆς
1427 1305 1687 1356 πολυφιλίας

89 1377 230 1432 ὄρεξις,
273 1375 405 1430 ὥσπερ
448 1378 673 1421 ἀκόλαστοι
715 1384 910 1430 γυναῖκες
955 1379 1011 1431 τῷ
1045 1377 1251 1424 πολλάκις
1284 1376 1352 1418 καὶ
1386 1381 1556 1423 πολλοῖς
1587 1391 1691 1426 συμ-

93 1449 316 1493 πλέκεσθαι
363 1453 441 1493 τῶν
489 1450 652 1501 πρώτων
695 1455 858 1503 κρατεῖν
900 1451 958 1499 μὴ
1003 1448 1234 1499 δυναμένοις
1279 1446 1571 1497 ἀμελουμένων
1616 1446 1685 1488 καὶ

90 1519 374 1574 ἀπορρεόντων.
419 1519 531 1565 Cum
574 1520 727 1564 multis
758 1520 856 1564 aliis
886 1521 1014 1564 rebus
1045 1519 1123 1563 hoc
1155 1517 1392 1574 (nonnullis
1423 1518 1688 1570 hominibus)

90 1593 322 1650 quominus
351 1605 500 1637 voram
531 1593 748 1636 obtineant
775 1593 1014 1636 amicitiam
1041 1592 1181 1635 obstat
1205 1590 1318 1647 quod
1344 1589 1507 1632 multos
1533 1590 1689 1632 habere

95 1665 256 1708 amicos
301 1662 499 1717 student3
546 1678 645 1707 nam
692 1665 907 1721 quoniam,
952 1668 1002 1706 ut
1042 1662 1286 1719 impudicae
1329 1661 1545 1713 mulieres,
1589 1676 1689 1704 cum

21 1744 23 1746 “
89 1733 244 1778 multis
273 1748 365 1778 rem
397 1735 569 1788 habent,
603 1736 786 1778 retinere
813 1749 895 1778 non
922 1738 1101 1791 possunt
1124 1748 1229 1791 quos
1259 1734 1421 1790 primos
1446 1734 1561 1776 nacti
1587 1738 1689 1776 sunt

87 1807 269 1849 amicos:
300 1805 587 1864 negliguntur
617 1808 731 1850 enim
762 1806 808 1848 hi
840 1806 1019 1863 ideoque
1052 1805 1328 1848 dilabuntur.v

149 1875 263 1921 93D
309 1876 466 1920 Allatis
511 1879 782 1922 suavissimis
828 1877 1050 1921 versiculis
1100 1877 1150 1920 de
1199 1876 1467 1934 Hypsipyles
1511 1875 1685 1919 alumno

87 1948 215 1992 modo
238 1948 354 1992 hunc
386 1948 511 1992 modo
541 1948 670 1992 illum
701 1953 900 2006 carpente
935 1949 1082 1992 florem
1116 1950 1176 1991 sic
1208 1949 1375 2005 pergit:

149 2017 272 2067 οὕτως
315 2018 487 2064 ἕκαστον
521 2022 630 2071 ἡμῶν
667 2020 734 2063 διὰ
768 2020 814 2062 τὸ
840 2021 1086 2071 Φιλόκαινον
1121 2020 1189 2062 καὶ
1225 2019 1417 2072 ἁψίκορον
1449 2020 1466 2062 ὃ
1501 2019 1688 2072 πρόσφα-

87 2107 154 2139 τος
200 2092 266 2135 ἀεὶ
313 2091 383 2136 καὶ
432 2093 557 2135 ἀνθῶν
601 2092 812 2143 ε’ποὶγεται
858 2092 925 2135 καὶ
971 2091 1218 2142 μετατίθησι
1267 2091 1428 2138 πολλὰς
1474 2091 1573 2141 ὁμοῦ
1615 2091 1683 2132 καὶ

89 2164 252 2211 ἀτελεῖς
286 2164 428 2217 ἀρχὰς
457 2163 718 2214 πράττοντας
755 2163 920 2215 Φιλίας.

151 2236 242 2279 Aut
281 2233 408 2278 nihili
448 2239 525 2279 aut
556 2240 668 2278 certe
698 2235 1080 2292 languidissimum
1111 2238 1176 2278 est
1205 2234 1322 2278 istud
1355 2235 1492 2288 ἀρχὰς
1529 2234 1688 2285 πρατ-

91 2322 202 2350 τειν
245 2309 409 2358 Φιλίας.
456 2306 660 2364 Suspicor
700 2306 806 2350 olim
850 2307 964 2349 hunc
1005 2305 1150 2349 locum
1192 2306 1401 2349 disertum
1444 2306 1687 2363 praebuisse

91 2377 338 2436 exemplum
380 2379 472 2422 eius
515 2380 577 2421 rei
617 2392 700 2435 qua
741 2380 784 2421 in
818 2394 893 2420 usu
925 2379 1242 2433 metaphorarum
1275 2378 1428 2422 Graeci
1461 2377 1686 2434 Latinique

87 2451 313 2507 scriptores
350 2454 583 2506 poetaeque
616 2464 761 2493 omnes
792 2464 816 2493 a
849 2451 1156 2493 recentioribus
1189 2450 1452 2507 discrepant:
1485 2452 1687 2507 imaginis
1754 2443 1756 2445 ¹

88 2525 253 2580 partem
301 2521 515 2579 quandam
562 2523 749 2564 retinent
797 2523 929 2564 etiam
976 2535 1076 2564 cum
1123 2521 1174 2564 de
1219 2523 1312 2578 ipsa
1359 2535 1404 2564 re
1450 2520 1687 2577 loquuntur

89 2596 263 2650 propter
308 2606 438 2649 quam
485 2594 632 2650 imago
679 2592 919 2636 adhibetur.
967 2591 1038 2636 Sic
1079 2593 1149 2636 hic
1197 2593 1425 2639 πλέκοντας
1470 2594 1686 2648 scripsisse

89 2663 374 2708 Plutarchum
405 2667 577 2707 tantum
607 2678 692 2706 non
725 2669 892 2707 certum
926 2667 1004 2707 est.
1038 2662 1162 2707 Certe
1193 2666 1252 2707 sic
1283 2664 1490 2706 habemus
1522 2663 1686 2720 aliquid

25 2743 29 2746 ’
89 2735 203 2793 quod
237 2736 593 2778 venustissimum
626 2737 681 2778 sit
713 2739 755 2778 et
786 2737 974 2791 optimae
1008 2733 1275 2779 Graecitatis.

153 2805 210 2850 93
231 2805 278 2861 ΕΙ
325 2806 371 2848 τὸ
411 2804 540 2850 ἄλλον
582 2806 706 2849 αὑτὸν
751 2808 940 2857 ἡγεῖσθαι
982 2808 1050 2849 τὸν
1093 2807 1214 2860 Φίλον
1259 2805 1328 2848 καὶ
1375 2806 1686 2856 προσαγορεύειν

91 2879 305 2931 ἑταῖρον
338 2875 518 2930 ἕτερον
553 2877 661 2920 οὐδέν
695 2880 804 2920 ἐστιν
838 2878 860 2927 ἢ
893 2879 1027 2931 μέτρῳ
1055 2878 1202 2930 Φιλίας
1231 2884 1281 2930 τῇ
1311 2876 1426 2919 δυάδι
1453 2877 1684 2931 χρωμένων.

152 2948 374 2993 Praeclara
404 2954 468 2994 est
504 2949 818 3008 Wyttenbachii
850 2950 1090 2994 emendatio
1123 2952 1235 2993 inter
1266 2950 1349 2992 duo
1376 2949 1453 2992 illa
1482 2950 1686 2993 vocabula
