2002 3372
1122 230 1177 272 18

360 358 505 414 Neque
548 357 661 399 enim
703 355 868 397 clausae
909 354 1059 395 urbem
1102 354 1203 395 satis
1243 354 1445 396 muniunt
1487 357 1648 397 ceterae
1688 356 1855 425 portae,
1879 353 1934 398 'si

360 442 444 471 una
476 427 730 482 recipiantur
762 425 901 466 hostes

419 498 509 540 οὔτε
545 497 623 539 νέον
655 497 699 538 αἱ
733 511 820 547 περι
853 494 932 541 τοὶς
964 491 1103 541 ἄλλας
1136 492 1278 542 ἡδονὰς
1309 493 1544 546 ἐγκράτειαι
1578 492 1780 548 σῴζουσιν,
1805 493 1855 537 ἄν
1881 510 1932 547 ys

358 570 406 611 δι
440 570 563 617 άκοῆς
595 568 698 617 λάθῃ
730 564 943 615 προέμενος
976 564 1111 607 αὐτόν.

421 638 477 680 Ut
520 642 562 680 et
602 638 832 679 sententiae
875 638 916 678 et
945 636 1149 692 imaginis
1181 637 1287 678 ratio
1319 638 1494 687 constet,
1531 641 1580 690 τῇ
1612 639 1676 679 est
1705 635 1934 694 legendum

388 723 432 751 ro
499 725 529 750 ε.

357 724 384 766 p
420 724 519 820 15JF
567 776 723 833 Lepide
769 775 952 832 prudens
1001 779 1141 819 noster
1182 778 1393 819 mentium
1435 774 1625 820 medicus
1668 776 1935 834 reprehendit

357 851 607 907 Lycurgum
634 850 707 904 qui
733 849 842 890 vites
868 848 1180 903 exstirpaverit,
1208 861 1306 889 cum
1334 849 1478 903 potius
1494 861 1604 904 aqua
1619 847 1766 891 eodem
1781 846 1933 891 fuisset

357 920 599 964 adducenda
641 931 723 975 qua
755 919 906 961 vinum
939 919 1194 961 miscereter
1230 917 1328 968 „Sic
1358 918 1462 961 nos’'
1495 920 1556 961 ait
1588 931 1668 970 „ns
1699 922 1836 992 totam
1869 930 1955 992 ex->

356 993 586 1048 stirpemus
617 989 791 1046 poesin’'
825 989 898 1031 sed

417 1077 514 1104 οπου
556 1061 630 1110 μὲν
664 1061 734 1110 ὑφ
769 1059 905 1107 ἡδονῆς
939 1059 1117 1110 άκράτου
1151 1058 1246 1111 πρὸς
1278 1057 1398 1111 δόξαν
1431 1060 1614 1108 αὐθάδως
1645 1059 1932 1112 θρασυνόμενον
1963 1077 1965 1079 ·

359 1131 557 1184 ἐξυβρίζει
591 1130 659 1172 καὶ
695 1130 895 1179 ὑλομανεῖ
924 1130 969 1172 τὸ
1001 1129 1179 1178 μυθῶδες
1210 1131 1338 1178 αὐτῆς

356 1203 466 1246 illud
497 1215 827 1258 compescamus.
860 1199 996 1243 Nihili
1028 1204 1092 1243 est
1121 1200 1237 1242 istud
1270 1200 1364 1252 πρὸς
1399 1199 1531 1252 δόξαν,
1566 1199 1676 1258 quod
1702 1204 1745 1244 et
1770 1202 1934 1245 omittit

355 1276 561 1329 interpres
604 1271 871 1314 Didotianus.
915 1270 1164 1327 Legendum
1207 1272 1398 1327 suspicor
1438 1272 1552 1324 παρὰ
1593 1270 1736 1321 uffan:
1769 1277 1934 1328 praeter

355 1346 594 1401 opinionem
627 1347 670 1385 et
701 1356 822 1398 saepe
852 1338 992 1384 invito
1025 1345 1149 1398 poeta
1180 1343 1309 1384 nimis
1340 1341 1533 1384 luxuriat
1563 1347 1744 1386 carmen.

394 1416 472 1457 'ib.
516 1412 885 1467 Quemadmodum
923 1412 1224 1468 mandragoras
1257 1425 1386 1468 prope
1418 1414 1528 1455 vites
1560 1414 1749 1456 consitus
1779 1415 1930 1458 vinum

353 1486 492 1529 lenius
523 1484 661 1527 reddit
1738 1480 1742 1483 ’

417 1555 515 1599 οὕτω
549 1555 641 1602 τοὺς
674 1554 822 1605 λόγους
857 1555 878 1602 ἦ
913 1553 1071 1602 ποίησις
1099 1554 1142 1594 ἐκ
1168 1554 1421 1606 Φιλοσοφίας
1449 1554 1928 1606 ἀναλαμβάνουσα

355 1627 727 1679 μιγνυμένους
760 1625 856 1675 πρὸς
888 1624 933 1665 τὸ
964 1624 1138 1673 μυθῶδες

354 1699 407 1742 ad
449 1697 694 1740 discendum
737 1696 953 1738 suaviores
994 1695 1107 1737 facit.
1144 1696 1387 1746 „Desumene
1418 1695 1651 1739 doctrinam
1685 1708 1844 1753 eamque
1874 1697 1931 1739 fa-

354 1769 466 1812 bulis
497 1766 763 1823 permiscens”
807 1765 1062 1808 Didotianus
1103 1767 1176 1816 ait,
1220 1769 1262 1808 et
1303 1770 1414 1808 certe
1456 1766 1535 1809 hoc
1577 1768 1822 1823 requiritur,
1855 1767 1927 1809 sed

356 1840 514 1884 Graece
555 1839 614 1881 sic
656 1836 878 1880 dicendum
923 1841 1031 1878 erat:
1075 1835 1434 1886 ἀναλαμβάνουσα
1469 1836 1538 1879 καὶ
1569 1839 1768 1889 μιγνῦσα,
1802 1841 1928 1894 atque

353 1913 414 1954 ita
446 1909 722 1952 Plutarchum
755 1907 968 1962 scripsisse
1000 1907 1159 1961 opinor.
1508 1947 1510 1952 ,

419 1980 518 2024 1613*
554 1979 714 2021 Claudii
744 1978 1117 2020 enumerationem
1136 1991 1277 2020 rerum
1309 1978 1483 2020 consulto
1510 1992 1534 2020 a
1558 1980 1694 2035 poetis
1718 1978 1931 2031 fictarum,

355 2053 591 2106 transitque
623 2049 675 2092 ad
706 2063 752 2091 ea
786 2062 893 2104 quae
924 2047 1045 2089 inviti
1077 2049 1365 2091 mentiuntur:

417 2124 588 2164 τοιαῦτα
634 2119 717 2170 γὰρ
760 2119 867 2160 ἔστιν
910 2115 939 2160 ἃ
982 2117 1234 2160 πλάττουσιν
1278 2117 1434 2165 ἑκόντες
1474 2119 1507 2161 οἱ
1541 2119 1728 2169 ποιηταί·
1762 2120 1928 2162 πλείονα

357 2191 392 2235 3’
423 2191 451 2235 ἃ
485 2192 543 2242 μὴ
577 2191 834 2236 πλάττοντες
866 2190 951 2231 κτὲ.

415 2263 467 2306 Ιιι
499 2263 576 2304 hac
608 2259 792 2304 formula
824 2259 1044 2302 claudendi
1075 2263 1117 2302 et
1149 2259 1392 2302 transeundi
1424 2274 1499 2316 pro
1530 2260 1701 2303 τοιαῦτα
1733 2260 1818 2347 γάρ
1844 2261 1930 2304 ἔστι

354 2332 585 2391 legendum
619 2336 704 2380 est:
737 2332 892 2372 τοιαῦτ’
925 2329 987 2380 ἄρ
1020 2331 1119 2372 ἔστι.
1691 2347 1696 2351 -

419 2404 521 2448 17Β
553 2402 679 2444 πάλιν
713 2402 756 2443 αἱ
790 2401 876 2451 περὶ
912 2401 991 2447 τὰς
1023 2401 1181 2446 νεκυίας
1214 2402 1499 2453 τερατουργίαι
1530 2433 1538 2444 .
1561 2433 1569 2444 .
1591 2434 1600 2445 .
1629 2400 1671 2445 οὔ
1698 2401 1808 2444 πάνυ
1833 2402 1931 2444 πολ·

356 2475 451 2519 λοὺς
483 2473 813 2516 διαλανθάνουσιν
845 2468 904 2512 ὅτι
938 2471 982 2512 τὸ
1014 2472 1192 2519 μυθῶδες
1219 2473 1406 2518 αὐτοῖς
1434 2473 1538 2514 πολὺ
1567 2504 1577 2515 .
1597 2505 1606 2516 .
1626 2505 1635 2515 .
1665 2473 1926 2524 ἐγκέκραται.

415 2546 591 2598 Quibus,
635 2541 832 2586 obsecro?
874 2542 981 2597 Ipsis
1012 2542 1099 2584 illis
1131 2543 1440 2585 narrationibus
1471 2543 1673 2586 fabulosis
1705 2547 1929 2596 (τερατουρι

353 2617 499 2668 γίαια).
532 2615 648 2671 Lege
680 2627 780 2669 ergo
814 2613 976 2657 αὐταῖς.
1918 2627 1926 2630 ··

419 2684 517 2728 17F
551 2684 608 2726 ἔτι
643 2684 682 2725 δὲ
717 2686 879 2732 μᾶλλον
912 2682 1282 2730 ἐπιστήσομεν
1314 2683 1436 2725 αὐτὸν
1467 2687 1540 2736 (sc.
1573 2684 1773 2757 iuvenem
1804 2681 1932 2765 lecto—

354 2760 462 2809 rem)
493 2757 628 2811 ipsius
658 2754 795 2810 poesis
827 2756 975 2794 natura
1008 2752 1290 2795 describenda.

416 2826 550 2875 Locis,
594 2825 748 2880 quibus
790 2823 1144 2879 wyttenbachius
1188 2823 1316 2865 huius
1357 2824 1476 2867 verbi
1516 2825 1607 2867 vim
1639 2835 1850 2880 usumque
1880 2823 1932 2866 il—

353 2895 520 2945 lustrat,
571 2895 896 2936 dissertissimus
944 2894 1010 2934 hic
1053 2907 1101 2934 ex
1147 2894 1239 2948 ipso
1281 2894 1358 2936 hoc
1401 2893 1546 2936 libello
1586 2899 1676 2936 erat
1717 2893 1932 2936 addendus

355 2967 430 3018 (32
445 2966 516 3018 B):
554 2965 785 3018 ἐφιστάντα
818 2969 899 3008 τοῖς
935 2962 1034 3004 οὕτω
1069 2964 1316 3013 λεγομένοις.
1677 2978 1680 2980 ’
