2002 3372
1999 0 2002 32 ι

1080 212 1164 254 144
1954 0 1995 237 d

333 335 625 386 „Fortunaene
667 348 716 376 an
760 333 943 376 Virtutis
986 334 1065 376 hoc
1101 348 1206 391 opus
1238 334 1358 378 est?''
1394 348 1702 391 supervacuam
1730 334 1914 379 reddunt

331 406 514 448 Virtutis
553 407 784 448 orationem
829 403 1017 460 amplam
1056 404 1411 462 elaboratamque.
1457 409 1522 448 An
1554 406 1664 449 forte
1692 406 1738 449 id
1769 407 1915 463 agitur

330 481 381 518 ut
413 476 694 530 philosophica
725 475 868 531 aliqua
899 477 1090 531 quaestio
1123 476 1175 518 ab
1206 479 1324 519 omni
1354 480 1473 533 parte
1504 479 1696 520 accurate
1726 475 1912 520 conside-

329 550 448 589 retur
478 546 732 602 tandemque
766 546 886 588 docta
917 546 1108 589 solvatur
1140 546 1408 590 definitione?
1441 547 1580 590 Immo
1612 561 1714 591 vero
1744 549 1913 591 conten-

331 621 401 659 tus
442 618 523 659 erit
556 621 696 659 orator
728 618 762 658 si
795 616 1058 659 auditoribus
1091 619 1346 673 persuaserit
1377 622 1474 675 apte
1508 632 1551 661 se
1583 621 1762 661 tractare
1791 631 1912 674 posse

330 690 634 744 argumentum
677 685 859 729 difficile.
902 686 957 729 Et
997 687 1166 730 difficile
1209 702 1298 731 esse
1339 692 1668 745 argumentum:
1714 689 1913 745 „imperii

329 758 513 800 Romani
555 757 740 799 effectrix
782 756 971 800 Fortuna
1009 757 1121 800 fuit”
1156 760 1303 800 statim
1334 758 1587 815 intelligunt
1619 773 1779 811 omnes,
1811 773 1910 802 cum

329 827 400 872 vel
446 829 581 870 obiter
623 827 829 870 admoniti
871 831 970 870 sunt
1011 828 1149 870 Mucii
1189 828 1427 881 Scaevolae,
1469 831 1732 885 qui-invicta
1763 828 1911 871 virtute

329 899 564 940 dirissimos
606 897 783 954 pertulit
825 899 1049 949 cruciatus,
1085 898 1254 941 Horatii
1287 898 1460 943 Coclitis
1493 901 1567 955 qui
1597 914 1750 957 corpus
1779 914 1908 944 suum

329 970 526 1026 opposuit
568 969 868 1024 ingruentibus
891 969 1100 1012 hostium
1131 971 1276 1025 copiis,
1310 970 1438 1012 Marii
1469 971 1717 1026 praesertim
1748 971 1912 1014 robusti

327 1039 447 1082 illius
484 1039 638 1082 militis
669 1041 738 1082 cui
769 1039 877 1082 nihil
909 1044 997 1082 tam
1029 1041 1234 1082 adverswm
1266 1040 1396 1083 fuisse
1429 1040 1584 1083 dixeris
1615 1054 1742 1098 quam
1773 1042 1911 1098 ipsam

329 1110 577 1153 Fortunam.

389 1180 452 1223 De
486 1184 640 1222 oratore
671 1181 739 1223 hic
770 1179 921 1236 loquor
953 1181 1289 1237 auditoribusque.
1322 1180 1496 1224 Etenim
1528 1183 1635 1225 mire
1666 1195 1803 1226 errem
1828 1183 1912 1226 nisi

331 1252 465 1294 oratio
507 1251 608 1293 haec
645 1252 715 1300 sit,
760 1265 890 1308 eaque
932 1251 1092 1294 Romae
1122 1251 1267 1294 habita
1299 1265 1322 1294 a
1353 1250 1526 1303 Graeco,
1560 1253 1634 1308 qui
1665 1267 1714 1296 eo
1743 1255 1911 1297 venerit

332 1321 383 1364 ad
427 1335 523 1364 suas
564 1336 724 1364 merces
766 1322 1047 1374 ostentandas,
1091 1322 1135 1364 id
1168 1326 1232 1364 est
1262 1322 1314 1365 ad
1346 1322 1722 1366 demonstrandum
1753 1328 1912 1380 quanta

331 1406 406 1434 sua
433 1393 489 1434 sit
517 1392 717 1443 doctrina,
746 1392 857 1448 quod
884 1394 929 1434 in
954 1392 1094 1448 lepido
1121 1393 1400 1449 excogitando
1427 1393 1692 1449 „paradoxo”
1719 1407 1909 1448 acumen,

331 1476 437 1518 quae
468 1464 587 1518 copia
617 1464 661 1504 in
694 1463 951 1505 defendenda
982 1465 1190 1506 sententia
1221 1462 1364 1519 aliqua
1393 1463 1598 1507 inaudita.

393 1532 655 1587 „Imperium
686 1532 796 1574 illud
821 1532 1110 1576 Romanorum
1141 1535 1291 1590 ingens
1322 1548 1402 1576 non
1437 1535 1642 1590 sapientia
1673 1538 1715 1577 et
1747 1536 1908 1579 virtute

330 1603 563 1654 conditum,
605 1606 716 1645 certe
757 1617 839 1646 non
879 1602 966 1646 illis
1009 1603 1122 1655 solis,
1164 1604 1235 1646 sed
1277 1608 1373 1647 ante
1414 1604 1512 1647 illas
1543 1605 1742 1648 fortuna'’
1775 1620 1912 1650 nonne

330 1674 408 1716 hoc
435 1675 508 1729 qui
535 1674 723 1729 primum
751 1674 896 1717 audiat
920 1674 972 1716 ad
998 1674 1165 1717 coelum
1193 1688 1345 1717 manus
1371 1673 1523 1717 tollat?
1551 1674 1634 1718 Sed
1659 1675 1912 1720 documenta

330 1743 402 1786 dat
445 1743 592 1786 idonea
639 1748 779 1787 orator
820 1745 924 1787 bene
966 1759 1010 1787 se
1050 1749 1247 1801 paratum
1281 1745 1342 1788 ‘ad
1383 1759 1553 1788 causam
1595 1746 1823 1790 accedere:⁴
1861 1749 1907 1790 in

329 1818 531 1869 promptu
562 1814 689 1857 habet
721 1818 855 1857 totam
886 1815 1110 1858 historiam
1140 1815 1377 1858 Romanam
1410 1829 1587 1872 eamque
1617 1820 1714 1872 apte
1740 1817 1913 1875 disposi-

329 1887 433 1925 tam.
477 1884 680 1940 Quodque
719 1884 953 1927 identidem
993 1885 1091 1927 inde
1133 1886 1342 1941 protrahit
1382 1885 1543 1941 aliquid
1574 1886 1686 1942 quod
1717 1900 1910 1931 severam

329 1954 577 1997 reformidet
608 1956 815 1998 trutinam
847 1955 986 2008 (velut
1015 1955 1124 1998 illud
1156 1961 1218 1999 est
1252 1956 1364 2012 quod
1396 1955 1608 1999 Aemilius
1633 1956 1817 2000 Scaurus
1842 1959 1913 2002 ob-

329 2026 573 2067 scurissimo
614 2025 770 2067 dicitur
807 2024 899 2068 loco
942 2029 1080 2077 natus,
1124 2025 1235 2082 quod
1274 2028 1497 2070 victoriam
1538 2028 1806 2071 incruentam
1849 2043 1912 2072 re—

329 2099 518 2150 portasse
555 2095 766 2138 Aemilius
797 2095 972 2147 Paulus,
1005 2096 1116 2152 quod
1148 2110 1232 2139 una
1264 2095 1684 2153 Carthaginiensium
1716 2097 1832 2142 clade
1858 2098 1910 2142 de

330 2165 473 2208 Africa
519 2169 680 2218 actum)
726 2166 830 2209 talia
876 2167 958 2209 sibi
1001 2166 1227 2223 indulgere
1269 2170 1408 2224 potest
1454 2170 1607 2220 orator,
1655 2169 1731 2224 qui
1777 2168 1910 2212 semel

329 2234 553 2278 benevolos
600 2237 679 2278 sibi
726 2235 937 2279 auditores
983 2237 1224 2289 reddiderit,
1267 2251 1365 2279 eum
1408 2238 1657 2293 praesertim
1700 2238 1911 2285 eiusmodi

329 2305 679 2349 mendaciuncula
721 2320 998 2364 permagnam
1040 2308 1220 2350 habeant
1251 2307 1536 2364 persuadendi
1561 2309 1665 2350 vim.
1699 2307 1758 2351 Et
1787 2313 1910 2352 artem

328 2390 372 2418 se
405 2378 632 2419 oratoriam
658 2376 782 2433 plane
808 2377 961 2421 callere
988 2380 1138 2434 quavis
1163 2377 1348 2421 ostendit
1373 2379 1550 2435 pagina:
1577 2379 1909 2435 quotiescunque

330 2445 559 2502 divagatur
585 2447 636 2490 ad
663 2447 850 2504 aliquam
876 2462 967 2490 rem
994 2462 1100 2503 quae
1124 2449 1208 2505 ipsi
1236 2462 1492 2505 magnopere
1519 2447 1683 2503 placeat
1697 2462 1908 2505 quamque

328 2515 583 2571 placituram
625 2518 894 2560 audientibus
939 2522 1145 2574 expectet,
1189 2520 1226 2561 si
1267 2533 1362 2562 eam
1403 2518 1455 2560 ad
1486 2519 1753 2575 propositum
1782 2533 1909 2576 argu-

329 2591 525 2630 mentum
566 2603 718 2644 parum
760 2590 970 2645 pertinere
1011 2591 1141 2632 sentit
1179 2591 1283 2631 iam'
1309 2590 1455 2632 statim
1487 2588 1740 2632 sententiola
1771 2589 1910 2646 qualis

328 2657 430 2699 haec
462 2662 550 2701 est:
584 2659 789 2710 „fortasse
820 2659 934 2702 haud
965 2658 1151 2702 alienum
1182 2659 1311 2702 fuerit
1341 2659 1392 2702 de
1423 2659 1501 2701 hac
1532 2673 1577 2701 re
1608 2659 1746 2702 fusius
1770 2659 1912 2716 dispu-

327 2727 448 2770 tare''
486 2730 614 2772 nimis
647 2744 866 2773 morosum
898 2730 1058 2772 refutat
1088 2730 1290 2773 iudicem.
1321 2729 1514 2786 Longam
1546 2728 1708 2772 dederit
1739 2743 1911 2773 enume-

327 2799 554 2850 rationem,
602 2814 730 2856 quam
782 2802 827 2842 in
875 2801 1112 2856 praesentia
1157 2802 1343 2856 requirat
1389 2813 1512 2842 nemo
1559 2798 1699 2851 (velut
1746 2801 1912 2855 quoties

328 2869 577 2925 quandoque
618 2870 709 2913 Iani
754 2870 964 2926 templum
1008 2870 1201 2913 clausum
1233 2871 1396 2922 fuerit),
1426 2869 1572 2924 paucis
1604 2882 1696 2911 eam
1725 2869 1909 2913 absolvit

327 2939 467 2980 verbis
499 2953 521 2981 e
553 2940 709 2994 quibus
737 2943 940 2996 appareat
972 2942 1248 2983 necessariam
1280 2953 1374 2982 eam
1407 2939 1549 2980 fuisse.
1588 2937 1730 2981 Nimis
1760 2938 1834 2981 diu
1866 2953 1909 2982 se
