2002 3372
858 265 944 308 345

166 390 395 448 Speotabat
435 404 537 448 ergo
577 403 726 433 eorum
769 390 856 444 qui,
899 390 1101 444 quoniam
1134 387 1260 444 culpa
1293 401 1442 430 eorum
1475 386 1699 429 manifesta

107 463 260 515 fuerat,
290 463 380 506 iam
409 463 456 505 in
485 462 612 505 terrie
643 460 844 503 dederant
877 474 1032 516 poenas

169 536 242 584 τῆν
274 534 394 578 σκιὰν
426 533 558 577 οὐκέτ’
589 530 692 575 εἶναι
724 533 927 584 χαλεπῶς
962 531 1042 574 οὐδ’
1076 531 1217 582 ὁμοίως
1253 529 1508 583 τριβομένην,
1540 526 1617 571 ἅτε
1652 528 1698 576 δὴ

108 604 198 659 περὶ
229 604 276 648 τὸ
307 603 462 657 ἄλογον
494 603 564 647 καὶ
597 603 819 652 παθητικὸν
849 599 989 645 οὖσαν.

168 676 285 720 Haeo
327 675 501 734 quidem
541 689 666 719 sensu
707 687 824 718 caesa
866 688 954 717 esse
997 688 1123 717 nemo
1157 674 1345 731 negabit.
1379 671 1701 717 Commemorat

109 748 248 793 editor
277 747 496 806 Madvigii
526 748 814 791 coniecturam
845 745 979 789 οὐκέτι
1012 746 1108 788 λίαν
1139 749 1340 798 χαλεπῶς
1368 744 1449 788 οὐδ’
1475 745 1591 795 ὠμῶς
1619 758 1701 800 qua

109 822 184 866 vix
214 820 448 878 quidquam
481 819 742 877 proficimuS,
775 817 1033 875 praeclaram
1065 817 1231 860 Reiskii
1261 816 1602 861 emendationem

170 891 302 936 οὐκέτι
339 895 542 946 χαλεπῶς
577 890 656 934 οὐδ’
691 891 833 942 ὁμοίως
868 890 1111 943 τριβομένην
1144 891 1314 937 ἀτελῆ
1348 888 1436 941 περὶ
1471 887 1517 930 τὸ
1549 885 1702 938 ἄλογον

110 964 181 1008 καὶ
213 963 437 1013 παθητικὸν
469 964 590 1017 εἰκῆ
622 966 905 1005 πονοῦσαν.

109 1049 201 1094 qua*
227 1039 344 1085 totus
373 1035 493 1080 loeus
523 1038 787 1092 persanatur,
819 1048 903 1077 non
934 1037 1254 1077 commemorat.
1287 1032 1370 1085 Qui
1402 1035 1528 1074 natus
1554 1035 1619 1074 eet
1644 1032 1706 1073 in-

110 1106 216 1151 felix
250 1104 375 1151 ....1
417 1106 659 1164 Egregium
701 1106 817 1149 enim
858 1106 960 1148 hoe:
1003 1105 1157 1148 umbra
1199 1106 1292 1147 eius
1334 1105 1408 1159 qui
1447 1106 1536 1146 iam
1576 1104 1705 1147 vivus

109 1176 266 1236 poenas
295 1177 414 1223 dedit
441 1191 529 1222 non
560 1191 821 1235 magnopere
852 1178 1067 1220 cruciatur
1095 1190 1231 1232 neque
1263 1179 1314 1218 ut
1342 1178 1505 1218 ceterae
1538 1188 1704 1218 omnes:

111 1251 238 1294 unioa
281 1250 374 1294 eius
413 1263 551 1307 poena
592 1253 657 1293 est
698 1248 811 1306 quod
854 1249 1013 1291 frustra
1055 1261 1228 1306 operam
1273 1247 1345 1290 dat
1376 1247 1502 1290 rebus
1534 1245 1705 1289 nullum

108 1322 280 1366 exitum
312 1320 525 1364 habituris
555 1334 663 1378 quae
694 1320 746 1364 ad
777 1324 941 1377 partem
974 1321 1066 1363 eius
1098 1317 1445 1371 „irrationalem”
1476 1319 1706 1375 pertinent.

171 1467 312 1514 567ss
332 1469 508 1513 'Umbra
532 1470 580 1512 in
608 1483 737 1526 quam
762 1470 977 1525 impetum
1004 1466 1183 1511 faeiebat
1207 1466 1357 1510 ardens
1382 1468 1446 1509 ira
1475 1475 1708 1524 prognatus

111 1541 282 1598 aliquis,
317 1543 392 1599 qui
421 1540 543 1584 illiue
572 1540 699 1598 eulpa
730 1539 902 1584 dederat
933 1553 1102 1597 poenas,
1137 1539 1287 1596 fugere
1319 1537 1492 1583 volebat
1522 1537 1594 1581 sed
1626 1552 1708 1581 non

112 1616 305 1672 poterat:

164 1684 294 1739 ταχὺ
335 1685 420 1737 γὰρ
460 1684 651 1737 μετέθεον
693 1685 726 1727 οἱ
769 1683 974 1726 κολασταὶ
1019 1682 1145 1735 πρὸς
1179 1684 1273 1730 τῆν
1306 1682 1496 1734 Δίκην,
1532 1681 1620 1724 καὶ
1655 1681 1710 1732 ἐξ

114 1760 291 1810 ἀρκῆς
323 1756 554 1809 ἤπειγον
586 1756 888 1809 ὀλοφυρομένας
922 1757 976 1807 τῷ
1010 1755 1330 1807 προγιγνώσκειν
1362 1755 1434 1804 τῆν
1466 1753 1678 1805 τιμωρίαν.

156 1820 287 1873 ‘Gum
319 1826 384 1872 W.
402 1829 511 1885 ⁴(qui
542 1827 626 1871 alia
656 1829 701 1871 in
733 1827 934 1879 editione,
966 1827 1049 1870 alia
1079 1828 1124 1869 in
1157 1827 1462 1870 commentario
1494 1826 1710 1883 proponit)

114 1898 366 1957 legendum:

177 1972 246 2013 καὶ
280 1970 326 2023 ἐξ
355 1971 490 2024 ὦρκῆς
521 1973 684 2022 ἀπῆγον
718 1971 814 2022 πρὸς
848 1971 920 2019 τῆν
954 1970 1096 2019 Δίκην.

115 2041 271 2086 Malim
317 2046 464 2086 tamen
511 2035 698 2100 simplex
746 2040 857 2094 ἦγον,
906 2056 1166 2099 quamquam
1216 2045 1259 2085 et
1301 2041 1486 2093 ἀπᾶγειν
1532 2042 1711 2085 verbum

115 2126 246 2158 suum
263 2115 359 2158 -sibi
383 2114 528 2159 locum
556 2116 600 2157 in
626 2116 721 2158 iure
749 2113 1020 2167 „criminali”
1048 2114 1189 2157 habet.
1224 2112 1348 2158 Certe
1374 2128 1453 2156 non
1478 2113 1711 2171 legendum

117 2186 286 2238 ἐπῆγον.

178 2322 317 2368 56·OE
358 2323 482 2370 ἐνίαις
507 2324 550 2367 δὲ
577 2324 646 2367 καὶ
674 2324 838 2371 πολλὰς
867 2323 961 2374 ἅμα
991 2328 1069 2366 τῶν
1098 2323 1269 2375 ἐκγόνων
1297 2322 1419 2374 ἔλεγε
1449 2327 1523 2377 (so.
1542 2324 1712 2380 genius)

117 2396 399 2447 συνηρτῆσθαι,
432 2394 619 2447 καθάπερ
651 2396 857 2446 μελίττας
892 2397 913 2441 ῆ
948 2395 1180 2447 νυκτερίδας
1214 2396 1400 2448 ἀτέχνως
1434 2395 1655 2448 ἐχομένας.

149 2479 152 2482 ⁴
178 2466 291 2510 Ante
321 2465 529 2510 ultimum
560 2466 816 2510 vocabulum
849 2466 900 2510 R.
933 2468 1096 2510 inserit.
1131 2468 1299 2510 ἑαυτῶν.
1333 2466 1448 2510 Mihi
1481 2470 1524 2509 et
1555 2467 1713 2523 requiri

118 2540 162 2581 et
193 2537 362 2581 facilius
394 2538 585 2581 excidere
615 2539 807 2595 potuisse
839 2539 1033 2588 ἀλλήλων
1066 2538 1250 2582 videtur.

180 2683 269 2728 568
281 2685 332 2728 A.
369 2685 482 2730 Nero
507 2684 661 2728 leniori
690 2684 829 2728 multo
856 2685 1040 2728 afficitur
1066 2685 1277 2742 supplicio
1305 2699 1433 2741 quam
1462 2699 1537 2741 pro
1564 2685 1715 2727 ceteris

118 2755 342 2801 maleficiis
384 2756 497 2813 quod
532 2758 578 2800 τὸ
610 2756 831 2808 βέλτιστον
865 2757 935 2799 καὶ
969 2758 1290 2810 θεοφιλέστατον
1323 2755 1439 2808 γένος
1473 2753 1714 2809 ἠλευθέρωσε

120 2828 213 2883 [τὴν
244 2826 471 2883 Ἑλλάδα]

180 2898 400 2942 Ineuleum
431 2898 776 2943 additamentum
809 2899 1039 2943 delendum
1071 2914 1159 2943 esse
1189 2901 1277 2942 iam
1310 2899 1612 2943 demonstravi.

180 2969 232 3014 In
276 2972 553 3028 sequentibus
599 2985 699 3015 eum
743 2970 808 3014 W.
857 2970 1007 3015 deletis
1046 2972 1190 3015 verbis
1234 2972 1346 3025 κακῷ
1390 2976 1432 3015 et
1471 2971 1540 3014 διὰ
1581 2970 1714 3024 Φόβον

121 3040 363 3100 elegantem
395 3042 656 3087 locutionem
691 3044 729 3085 ἐν
762 3043 886 3086 παντὶ
921 3042 1111 3095 γενέσθαι
1144 3043 1453 3087 restituendam
1485 3044 1681 3089 arbitror.
