2002 3372
1098 309 1187 352 404

423 433 558 478 6440
603 434 796 490 Rogatur
829 430 927 474 ἀλλ’
959 428 1058 473 οπου
1090 431 1135 474 τὸ
1167 429 1262 474 ἴδιον
1294 428 1416 482 ἔστιν,
1449 428 1686 473 ἀπόλλυται
1717 430 1763 474 va
1779 429 1931 507 utum

358 505 753 562 Respondeturque·

415 592 512 619 οπου
553 578 628 626 μὲν
670 572 734 616 οὖν
774 589 832 623 μη
876 572 958 614 ἴσον
991 570 1092 614 ἔστι.
1135 571 1269 615 Sensu
1301 585 1416 615 cassa
1446 572 1547 615 haee
1578 570 1750 629 supplet
1780 571 1829 616 R
1850 571 1932 616 ad

358 647 491 690 dendo
520 646 607 688 οὐδὲ
638 644 787 687 δίκαιον
819 641 919 686 ἔστι.

418 770 549 813 645Β
591 767 651 813 ἔτι
685 771 730 813 τὸ
749 769 889 812 πίνειν
922 768 977 816 εἰς
1011 767 1056 811 τὸ
1083 773 1228 812 λαλεῖν
1260 767 1491 821 προάγεται
1523 769 1578 822 τῷ
1609 768 1652 816 δὲ
1682 774 1830 815 λαλεῖν
1861 769 1933 823 ἒμ-

354 842 552 895 φαίνεται
594 840 662 883 καὶ
705 841 761 894 τῷ
804 841 1142 892 ἀπογυμνοῦσθαι
1172 835 1326 882 ’πολλοὶ
1368 843 1445 882 τῶν
1475 838 1614 888 ἄλλως
1646 838 1932 893 λανθανόντων,

356 912 530 965 παρέχει
564 928 656 954 τινα
688 911 733 953 τὸ
767 912 980 962 συμπίνειν
1012 911 1078 954 καὶ
1115 911 1358 959 κατανόησιν
1389 911 1596 960 ἀλλήλων.

416 983 597 1038 Recepto
638 982 801 1025 Reiskii
846 981 1141 1039 supplemento
1173 986 1318 1033 γνῶσιν
1349 985 1462 1038 (post
1492 982 1738 1037 συμπίνειν),
1767 983 1935 1040 integer

355 1055 424 1096 hie
457 1054 627 1097 videtur
657 1052 776 1096 locus
804 1046 939 1109 neque
966 1052 1253 1109 recipiendum
1283 1052 1393 1109 quod
1421 1053 1570 1096 suadet
1585 1052 1652 1096 W.
1680 1053 1935 1107 ἐμφαίνεταί

356 1140 402 1166 τε
443 1124 510 1167 καὶ
552 1124 880 1175 ἀπογυμνοῦσαι.
927 1122 1080 1165 Omnia
1123 1136 1222 1165 vero
1263 1122 1554 1179 pessumdedit
1583 1123 1719 1167 editor
1748 1121 1934 1169 Graecus

356 1194 412 1247 τῷ
446 1194 784 1246 ἀπογυμνοῦσθαι
818 1208 893 1251 pro
925 1194 969 1236 τὸ
1002 1194 1341 1244 ἀπογυμνοῦσθαι
1373 1193 1566 1250 legendo.

419 1329 548 1374 645G
592 1330 671 1383 Qui
712 1330 757 1372 in
800 1331 995 1374 convivio
1037 1344 1121 1372 non
1162 1329 1205 1372 id
1237 1333 1373 1386 agunt
1401 1333 1453 1372 ut
1483 1328 1665 1373 aliorum
1695 1330 1937 1383 examinent

356 1401 542 1444 indolem
569 1402 602 1443 ii
628 1402 682 1442 τοὶ
711 1403 886 1443 τοιαῦτα
912 1400 1197 1452 προβλήματα
1227 1407 1295 1443 καὶ
1324 1401 1603 1448 τοιούτους
1629 1401 1776 1456 λόγους
1794 1401 1938 1450 ,εἰσα-

355 1488 516 1523 γουσι
560 1471 760 1519 συνιόντες
803 1472 958 1528 quibus
999 1473 1116 1528 peior
1156 1473 1312 1514 mentis
1345 1486 1441 1528 pars
1473 1471 1757 1525 absconditur,
1786 1471 1939 1517 melior

359 1543 407 1586 fit
438 1543 725 1587 confidentior.
1743 1576 1745 1578 .

416 1613 485 1657 Sic
516 1613 747 1671 legendum
780 1628 878 1656 eum
911 1614 960 1657 B.
993 1617 1036 1657 et
1067 1613 1280 1670 Emporio,
1308 1615 1390 1657 nisi
1416 1614 1527 1671 quod
1552 1612 1628 1659 ille
1655 1615 1799 1659 minus
1823 1617 1933 1660 tecte

359 1684 449 1732 τοὺς
484 1684 682 1734 τοιούτους
717 1685 900 1728 coniicit.

419 1809 549 1852 6451?
593 1810 725 1853 καίτοι
757 1808 805 1852 τό
835 1826 887 1861 γε
920 1808 1041 1863 μύρον
1072 1813 1189 1853 τοῦτε
1221 1815 1292 1860 τῆς
1325 1810 1478 1860 οένθινῆς
1508 1808 1661 1860 ταύτης
1690 1808 1760 1853 καὶ
1786 1825 1932 1869 μαραι-

356 1881 522 1933 νομένης
551 1881 589 1923 ἐν
617 1887 709 1930 ταῖς
738 1881 856 1935 χερσὶ
885 1885 961 1924 τῶν
987 1881 1338 1935 στεφανηπλόκων
1365 1880 1680 1935 σπουδαιοτέραν
1697 1871 1931 1942 ἀναδίδωσιν

357 1952 536 1995 εὐωδίαν.
1792 2007 1794 2009 K

416 2024 498 2066 Pro
539 2022 622 2074 καί,
665 2023 775 2079 quod
806 2022 1059 2066 seutentiam
1092 2023 1323 2080 perturbat,
1354 2021 1450 2081 lege
1482 2026 1569 2072 τῆς.
1601 2023 1669 2084 Au
1699 2023 1807 2066 forte
1838 2021 1933 2066 odo'r

357 2109 438 2137 non
469 2095 574 2136 item
606 2097 655 2135 ut
687 2092 762 2137 flos
793 2093 876 2136 dici
908 2094 1175 2146 μαραίνεσθαι
1209 2092 1376 2151 potest?
1407 2093 1519 2137 Tum
1550 2093 1620 2138 vel
1646 2090 1769 2138 aures
1793 2092 1933 2138 admo-

357 2170 457 2207 nent
487 2166 645 2207 vitium
675 2163 806 2207 latere
837 2166 881 2206 in
915 2165 1167 2221 repetitione
1199 2168 1317 2208 τοῦτο
1352 2197 1361 2208 .
1382 2197 1390 2208 .
1411 2197 1421 2209 .
1442 2196 1451 2207 .
1484 2163 1654 2218 ταύτης,
1680 2164 1754 2208 sed
1780 2163 1933 2209 elarius
1989 2163 1992 2167 ’

356 2235 400 2277 id
433 2235 649 2291 apparebit
681 2237 716 2277 si
746 2234 848 2291 quid
878 2235 993 2277 istud
1024 2251 1140 2277 τουτο
1173 2235 1253 2278 sibi
1285 2234 1390 2278 velit
1420 2224 1650 2293 rogavefis.
1680 2226 1932 2292 Legendum

358 2306 460 2348 αὐτό
502 2307 702 2362 suspicor,
739 2310 789 2349 ut
820 2305 865 2348 τὸ
897 2305 1019 2359 μύρον
1052 2306 1155 2350 αὐτό
1186 2308 1242 2367 sit
1274 2307 1381 2350 fere:
1417 2306 1737 2364 „quotidianam
1765 2309 1808 2361 et
1838 2306 1932 2351 vul-

357 2391 458 2434 gare
490 2376 802 2433 unguentum'ss

418 2501 558 2546 646A
601 2501 696 2547 Cibi
728 2503 929 2559 exquisiti
959 2503 1012 2545 ad
1043 2517 1214 2546 coenam
1244 2503 1416 2546 admitti
1447 2506 1760 2560 possuntsttoe-Tc
1791 2502 1827 2546 δ’
1858 2501 1932 2545 ἄλ-

358 2584 450 2621 λαις
478 2574 670 2623 ἀκλήτοις
699 2573 768 2616 καὶ
796 2574 867 2617 σὺν
894 2573 1019 2616 οὐδενὶ
1037 2573 1147 2627 λόγῳ
1165 2573 1417 2626 Φιληδονίαις
1434 2572 1713 2627 ἀπηλλάχθαι
1731 2568 1934 2628 προσήκειῖ

419 2644 534 2701 Lege
566 2659 664 2687 cum
695 2644 896 2701 Emperio
927 2648 969 2688 et
1002 2644 1287 2688 Bernardakio
1319 2643 1570 2698 Φιληδονίαις
1602 2643 1838 2698 παρούσαις.

418 2782 474 2823 ib.
524 2779 594 2823 τόν
626 2782 751 2825 καλὸν
784 2779 916 2824 ἄνθεσι
950 2780 1165 2835 φλέγοντα
1198 2783 1318 2836 [τοῖς]
1350 2780 1508 2834 ῥοδίνοις
1539 2777 1756 2833 στέφανον.

420 2850 513 2895 Det.
547 2857 644 2900 τοῖς.

422 2976 553 3018 646Β
597 2977 814 3027 ὑπολαβὼν
848 2977 882 3020 δ’
909 2977 927 3019 ὁ
958 2977 1138 3030 Ἐράτων
1170 2975 1299 3028 „effron
1327 2976 1439 3030 γάρ”
1467 2975 1557 3021 εἷπε
1585 2977 1795 3029 ηδέδσκται
1829 3007 1839 3020 .
1859 3008 1868 3021 .
1889 3007 1898 3020 .
1917 3006 1928 3018 .

360 3046 643 3099 πάσχωμεν;”
