2002 3372
1071 190 1159 234 288

381 311 449 354 Sic
492 311 712 353 curiositas
754 311 943 365 pruritus
984 310 1158 366 quidam
1190 315 1254 354 est
1285 314 1359 368 qui
1392 327 1467 356 nos
1499 312 1685 370 impellit
1718 318 1768 357 ut
1798 327 1822 358 e
1852 315 1906 359 ci-

322 383 474 424 catrice
506 381 641 423 denuo
669 379 826 423 vulnus
852 380 1056 424 faciamus
1083 382 1474 438 sanguinolentum.
1507 384 1564 426 At
1589 385 1665 440 qui
1687 383 1766 428 illo
1793 388 1906 429 caret

322 452 469 494 morbo
496 455 539 494 et
562 454 713 493 natura
739 450 874 493 lenior
899 452 977 501 est,
1004 452 1042 493 si
1067 452 1233 507 quando
1258 452 1362 496 mali
1388 453 1551 510 aliquid
1578 468 1662 498 non
1687 456 1905 512 cognovit,

322 522 551 564 exclamat:

381 607 511 648 quam
544 593 707 647 sapiens
740 606 764 634 o
795 590 1005 634 malorum
1038 606 1082 635 es
1112 594 1368 649 ignoratio.’'

381 663 574 705 Profecto
615 660 737 704 nulla
777 675 967 718 unquam
999 662 1186 719 Oedipus
1216 665 1433 721 tragoedia
1464 669 1564 709 nata
1595 670 1717 719 esset,
1751 667 1789 710 si
1820 681 1904 710 non

322 734 511 775 curiosus
538 732 688 774 fuisset
715 731 916 788 Oedipus.
945 731 1028 775 Sed
1053 733 1157 789 quid
1183 737 1318 777 artem
1347 737 1555 792 tragicam
1583 740 1708 793 atque
1734 738 1906 780 omnino

322 817 493 846 omnem
538 807 658 845 curat
703 803 1035 854 „aestheticam”
1079 798 1366 848 Plutarchus?
1397 806 1443 849 Si
1475 807 1578 863 quid
1608 809 1648 850 ei
1678 806 1905 865 Sophocles

320 874 491 930 praebet
516 873 627 916 unde
653 873 840 929 aliquam
868 874 950 916 sibi
976 875 1198 931 aegrisque
1225 877 1313 918 suis
1339 880 1481 932 petere
1507 879 1639 933 possit
1656 877 1904 929 utilitatem,

322 944 513 1001 „reliqua
543 945 624 986 sibi
657 947 782 1000 poeta
811 946 1001 1001 tragicus
1033 945 1215 988 habeat³⁹
1247 948 1321 990 ait.
1841 937 1846 941 ¹

380 1015 511 1058 Modo
542 1015 643 1057 haec
674 1028 695 1057 e
726 1013 872 1057 libello
905 1018 1048 1058 nostro
1080 1015 1317 1059 citabamus
1350 1017 1500 1060 verba:
1534 1017 1775 1074 „quondam
1804 1032 1904 1062 cum

319 1086 479 1129 Romae
504 1087 738 1128 orationem
770 1085 1012 1128 haberem''.
1046 1085 1198 1129 Ullane
1230 1088 1345 1130 iusta
1376 1087 1494 1130 adest
1524 1102 1650 1132 causa
1678 1103 1756 1132 cur
1783 1088 1904 1132 illam

321 1157 478 1199 Romae
517 1156 710 1199 habitam
751 1157 984 1199 orationem
1025 1170 1181 1213 genere
1222 1158 1433 1201 diversam
1466 1173 1489 1202 a
1520 1163 1662 1203 nostro
1694 1160 1823 1204 fuisse
1853 1159 1905 1203 li-

320 1226 429 1269 bello
461 1232 661 1282 putemus
690 1225 758 1269 vel
785 1227 837 1268 ab
862 1225 938 1269 illo
965 1228 1014 1269 de
1034 1227 1307 1280 qarrulitate?
1334 1228 1461 1271 Haud
1488 1231 1647 1286 opinor.
1675 1229 1777 1274 Illos
1801 1244 1904 1288 ergo

318 1296 486 1339 libellos
517 1300 605 1339 tam
636 1296 800 1352 lepidos
833 1300 1006 1353 tamque
1038 1297 1167 1341 utiles
1199 1299 1520 1352 considerantes,
1547 1315 1632 1344 non
1658 1301 1905 1346 dubitamus

320 1369 421 1424 quin
455 1381 611 1424 magna
641 1367 771 1410 fuerit
802 1369 914 1410 inter
945 1368 1159 1411 Romanos
1192 1369 1306 1412 fama
1335 1370 1490 1414 medici
1517 1370 1637 1415 illius
1667 1374 1743 1428 qui
1774 1371 1904 1418 Chae-

319 1451 444 1481 ronea
485 1439 537 1480 ad
567 1442 729 1481 mentes
761 1439 987 1481 hominum
1021 1440 1225 1482 curandas
1257 1445 1443 1484 venerat.
1487 1441 1570 1494 Qui
1599 1456 1698 1486 cum
1728 1443 1828 1487 inde
1857 1445 1902 1487 in

317 1509 500 1564 patriam
529 1522 652 1551 suam
683 1508 872 1560 redisset,
906 1509 1148 1564 frequenter
1180 1511 1309 1553 etiam
1336 1524 1436 1554 eum
1463 1512 1516 1554 ab
1543 1512 1788 1557 absentibus
1813 1527 1903 1557 esse

319 1578 561 1621 consultum
593 1580 967 1635 persuasissimum
997 1580 1119 1622 nobis
1150 1580 1304 1623 habere
1337 1595 1576 1637 possumus.

378 1649 443 1691 Ad
485 1648 677 1705 singulos
718 1648 868 1700 libelli,
901 1651 975 1705 qui
1006 1654 1049 1692 et
1079 1664 1270 1693 sermone
1303 1665 1431 1707 quam
1464 1653 1652 1695 maxime
1683 1654 1901 1710 perspicuo

318 1720 578 1775 conscriptus
616 1723 679 1762 est
713 1723 754 1762 et
786 1721 1090 1776 integerrimus
1122 1720 1173 1763 ad
1204 1735 1279 1764 nos
1311 1723 1519 1778 pervenit,
1551 1722 1664 1766 locos
1695 1737 1802 1780 quae
1833 1737 1903 1767 an-

317 1793 460 1833 notem
492 1803 625 1846 pauca
656 1793 757 1832 sunt
788 1793 831 1833 et
862 1791 1032 1847 exigua.

379 1930 511 1973 515ss
559 1930 693 1973 Aedes
740 1934 850 1980 tuas,
899 1931 935 1972 si
977 1943 1129 1986 parum
1171 1935 1271 1973 sunt
1313 1931 1514 1983 salubres,
1557 1936 1600 1976 et
1641 1932 1736 1976 aliis
1776 1934 1901 1977 rebus

317 2001 537 2044 emendare
568 2000 669 2043 licet
701 2004 744 2042 et
775 1999 897 2053 θύρας
930 2016 1043 2047 τινας
1079 2000 1297 2050 ἀνοίξαντα
1331 2002 1410 2049 τὰς
1442 2002 1483 2044 δὲ
1515 2003 1755 2046 κλείσαντα.

377 2071 622 2114 Admodum
652 2071 906 2112 inusitatum
937 2070 1053 2113 istud
1086 2086 1202 2119 τινας
1235 2103 1245 2114 .
1266 2103 1275 2114 .
1296 2103 1305 2114 .
1339 2073 1419 2120 τὰς
1452 2072 1493 2115 δέ
1520 2087 1595 2129 pro
1620 2074 1700 2122 τὰς
1725 2075 1801 2124 μὲν
1829 2106 1838 2118 .
1858 2107 1869 2119 .
1887 2106 1898 2118 .

317 2141 396 2189 τὰς
427 2141 483 2184 δέ.

377 2281 510 2326 5150
557 2281 673 2324 Olim
705 2280 947 2325 Chaeronea
979 2282 1228 2338 accipiebat:

376 2353 443 2395 τὸν
475 2353 583 2404 ἥλιον
616 2352 891 2404 ἐρείδοντα
925 2352 1061 2401 δείλης
1093 2352 1319 2395 ἀπὸτοῦ
1354 2357 1656 2406 Παρνασοῦ.

376 2423 484 2476 Quid
517 2423 633 2467 istud
663 2421 755 2466 est?
793 2423 859 2465 An
893 2439 918 2465 a
950 2423 1153 2466 Parnasso
1185 2422 1476 2478 repercussum?
1518 2424 1611 2468 Hoc
1642 2424 1728 2467 fere
1760 2427 1898 2482 requi-

314 2496 437 2545 ritur,
466 2494 536 2537 sed
569 2494 778 2551 quomodo
809 2507 831 2536 e
862 2493 1002 2536 verbis
1032 2493 1119 2536 illis
1150 2494 1356 2537 efficiatur
1387 2509 1468 2538 non
1501 2494 1640 2539 video.

377 2635 513 2678 515D
545 2633 660 2678 ὅσσον
693 2633 790 2686 ὕδωρ
823 2635 912 2677 καθ’
944 2635 1044 2682 ἁλὸς
1078 2635 1230 2688 στόνος,
1263 2637 1284 2685 ἢ
1318 2635 1426 2686 δρυὸς
1460 2636 1575 2688 ἀμφὶ
1609 2636 1775 2684 πέτηλοι

314 2707 391 2758 (sic
435 2706 644 2761 praeclare
686 2705 861 2748 traditas
904 2719 1038 2755 voces,
1084 2708 1200 2748 omni
1241 2710 1429 2749 carentes
1472 2720 1612 2757 sensu,
1654 2706 1896 2751 emendavit

316 2776 577 2832 Madvigius,
606 2791 733 2832 quem
759 2778 878 2818 aiunt
895 2777 938 2818 in
956 2778 1092 2831 poetis
1109 2777 1380 2819 emendandis
1395 2790 1546 2832 parum
1562 2776 1692 2819 fuisse
1708 2775 1894 2830 felicem)

374 2850 563 2889 τοσοῦτον
596 2847 744 2895 πλῆθος
778 2846 953 2898 εὑρήσεις
986 2846 1301 2899 ἁμαρτημάτων
1334 2847 1375 2888 ἐν
1407 2847 1461 2898 τῷ
1492 2846 1569 2898 βίῳ
1595 2845 1664 2888 καὶ
1691 2848 1827 2889 παθῶν
1854 2849 1895 2890 ἐν

315 2923 364 2970 τῇ
398 2921 518 2970 ψυχῇ
554 2948 564 2960 .
584 2948 592 2959 .
613 2949 637 2960 ..

1993 313 2002 395 1,

1997 398 2002 427 i
