2002 3372
1025 189 1113 234 278

273 311 409 359 ἄλλως
443 313 674 364 (omnin0)‚·
708 325 761 353 an
792 310 904 353 illud
936 309 1074 358 ἄλλως
1103 317 1236 360 καλῶς
1264 314 1486 370 ingratum
1513 312 1651 356 reddit
1676 313 1855 358 sonum?

274 382 400 425 Dictu
435 381 618 424 difficile.

337 526 471 568 512ss
516 525 693 577 „Simile
720 525 864 567 istud’'
894 528 1050 577 (sermo
1077 527 1208 569 etiam
1225 531 1289 570 est
1306 527 1356 570 de
1372 528 1653 584 praeripiendi
1668 530 1858 585 responsi

277 597 621 652 importunitate)
655 599 747 646 „est
778 597 834 647 τῷ
866 595 933 637 τὸν
967 596 1039 648 ὑφ’
1071 596 1201 650 ἐτέρου
1233 598 1481 649 βουλόμενον
1514 599 1734 651 Φιληθῆναι
1767 615 1858 653 προ-

277 666 482 718 δραμόντα
511 670 650 718 φιλεῖν
682 665 849 708 αὐτόν.”

335 737 418 779 Pro
452 737 735 788 προδραμόντα
770 737 968 780 Reiskius
1000 739 1175 798 coniecit
1207 738 1530 791 προσδραμόντα.
1566 740 1768 791 „Praeter
1790 754 1859 784 ne·

277 806 546 850 cessitatem”
580 808 640 849 ait
672 807 819 850 editor.
862 808 920 849 At
951 822 1050 850 cum
1083 822 1239 866 magno
1272 814 1415 852 textus
1448 809 1750 854 emolumento.
1782 809 1859 854 Τε-

277 878 463 920 nendum
510 881 654 920 autem
702 881 766 920 est
807 883 896 920 tam
938 880 984 920 in
1025 883 1146 922 textu
1187 879 1342 923 tradito
1381 894 1510 936 quam
1551 883 1595 923 in
1637 881 1859 924 emendato

278 948 401 991 αὐτόν
434 962 522 991 esse
555 948 810 991 subiectum.

340 1083 472 1127 5120
515 1083 699 1126 Etiamsi
739 1085 775 1125 is
817 1085 891 1140 qui
929 1085 1220 1141 interrogatur
1249 1099 1421 1141 prorsus
1450 1085 1558 1128 nihil
1589 1086 1716 1130 habet
1747 1086 1861 1143 quod

278 1154 529 1210 respondeat

338 1225 567 1277 ἐπισχόντα
611 1228 745 1271 καλῶς
789 1223 877 1278 ἔχει
924 1224 990 1266 καὶ
1035 1224 1129 1277 πρὸς
1174 1225 1218 1266 τὸ
1260 1225 1508 1276 βουλόμενον
1539 1229 1610 1269 τοῦ
1643 1227 1857 1279 ἐρωτῶντος

279 1294 562 1346 ἁρμοσάμενον
595 1296 644 1342 ὥς
680 1295 744 1336 ἐπὶ
779 1299 921 1342 κλῆσιν
955 1295 1175 1347 ἀλλοτρίαν
1204 1297 1275 1344 τὴν
1303 1296 1513 1348 ἀπόκρισιν
1539 1297 1763 1348 αἰδημόνως
1789 1297 1859 1339 καὶ

278 1365 451 1416 κοσμίως
485 1366 691 1408 ἀπαντᾶν.

340 1437 479 1479 Arena
520 1438 608 1478 sine
650 1435 785 1478 ealce:
834 1450 969 1492 neque
1009 1437 1107 1492 quid
1148 1436 1297 1480 debeas
1338 1436 1535 1493 adaptare
1577 1437 1630 1481 ad
1671 1439 1861 1495 rogantis

282 1506 550 1550 voluntatem
578 1510 763 1562 apparet,
791 1510 833 1549 et
859 1521 956 1549 cum
984 1507 1221 1549 invitatione
1247 1507 1298 1550 ad
1325 1521 1452 1564 quam
1479 1508 1615 1550 venias
1629 1509 1861 1561 (ἀπαντᾶν)

282 1577 563 1633 comparanda
595 1581 658 1619 est
690 1577 948 1630 interroyatio
981 1591 1061 1619 non
1089 1591 1361 1633 responsum:
1393 1580 1682 1635 interrogatus
1707 1578 1862 1635 aliquis

282 1652 359 1698 est,
402 1661 477 1703 pro
520 1661 567 1689 eo
610 1647 832 1703 respondet
874 1646 983 1689 alius
996 1661 1007 1699 ;
1050 1647 1203 1690 similis
1245 1648 1314 1690 hio
1357 1652 1421 1691 est
1453 1650 1492 1691 ei
1523 1650 1597 1704 qui
1626 1648 1679 1691 ad
1710 1662 1861 1692 cenam

281 1719 399 1762 venit
440 1732 515 1774 pro
558 1731 605 1759 eo
649 1719 722 1772 qui
758 1721 821 1759 est
852 1719 1075 1760 invitatus.
1109 1719 1308 1774 Apparet,
1341 1723 1391 1761 ut
1422 1721 1581 1775 opinor,
1613 1718 1699 1762 leni
1730 1724 1861 1763 trans-

279 1789 486 1844 positione
529 1789 589 1830 sic
630 1801 719 1830 esse
760 1787 1013 1844 legendum:
1051 1790 1145 1840 πρὸς
1179 1789 1223 1830 τὸ
1256 1789 1503 1839 βουλόμενον
1536 1793 1605 1832 τοῦ
1641 1791 1858 1841 ἐρωτῶντος

279 1858 561 1910 ἁρμοσάμενον
605 1859 676 1904 τὴν
719 1857 943 1910 απόκρισιν,
987 1860 1037 1906 ὡς
1084 1859 1147 1900 ἐπὶ
1195 1864 1336 1908 κλῆσιν
1379 1860 1602 1911 ἀλλοτρίαν
1636 1859 1860 1911 αἰδημόνως

279 1928 347 1969 καὶ
383 1928 555 1977 κοσμίως
591 1929 799 1970 ἀπαντᾶν.

336 2073 392 2116 ib.
438 2071 600 2115 Cautus
632 2074 687 2115 sit
719 2074 762 2114 in
794 2073 1078 2129 respondendo
1111 2076 1184 2130 qui
1214 2078 1367 2117 natura
1396 2075 1551 2131 loquax
1583 2080 1647 2120 est

336 2140 400 2184 ἵνα
444 2144 501 2192 μὴ
546 2143 649 2196 λάθῃ
682 2148 764 2189 τοῖς
800 2144 863 2185 ἐπὶ
900 2144 1053 2194 γέλωτι
1088 2146 1155 2186 καὶ
1191 2143 1302 2196 ὕβρει
1335 2147 1763 2197 προκαλουμένοις,εἰς
1795 2147 1858 2191 λό-

277 2228 373 2263 γους
410 2213 532 2255 αὐτὸν
565 2213 873 2265 ἀποκρινόμενος
909 2215 1028 2264 μετα
1053 2214 1242 2263 σπουδῆς.
1711 2216 1714 2217 ’

335 2283 473 2326 Immo
515 2298 616 2326 vero
659 2283 797 2331 αὐτός.
846 2285 1128 2341 Opponuntur
1168 2287 1280 2329 enim
1324 2289 1435 2330 inter
1474 2301 1518 2330 se
1557 2289 1590 2330 ii
1634 2289 1708 2344 qui
1747 2289 1859 2331 risus

275 2353 470 2409 captandi
515 2367 639 2396 eausa
683 2356 947 2410 quaestiones
988 2360 1228 2412 proponunt
1269 2363 1311 2399 et
1342 2358 1378 2399 is
1411 2359 1485 2413 qui
1516 2358 1764 2414 imprudens
1795 2372 1859 2401 re-

276 2424 452 2480 spondet
485 2426 605 2480 quasi
636 2427 744 2467 seria
775 2440 841 2468 res
874 2427 943 2468 sit.
976 2426 1088 2469 Nam
1115 2427 1274 2469 derisor
1299 2426 1375 2470 ille
1400 2442 1485 2471 non
1513 2441 1646 2471 unum
1670 2427 1856 2485 aliquem

274 2497 509 2551 interrogat
551 2495 623 2537 sed
666 2496 866 2539 absurdas
907 2499 1103 2553 proponit
1144 2499 1408 2554 quaestiones
1449 2499 1645 2542 omnibus
1685 2500 1761 2555 qui
1790 2499 1858 2542 ad·

276 2569 388 2617 sunt,
421 2579 591 2622 sperans
624 2566 712 2608 fore
744 2570 793 2608 ut
825 2581 935 2610 unus
967 2581 1115 2610 eorum
1146 2568 1393 2623 imprudens
1422 2570 1466 2611 in
1492 2569 1656 2613 foveam
1683 2569 1855 2613 ineidat.

276 2634 345 2677 Sic
383 2625 650 2691 'plerumque
706 2637 883 2693 „reges”
933 2637 1180 2680 humiliores
1228 2640 1426 2681 convivas
1471 2638 1657 2682 ludibrio
1704 2640 1856 2683 habere

276 2704 480 2749 solebant.
515 2704 764 2749 Conferatur
794 2706 893 2749 libri
926 2707 1145 2751 Lehrsiani
1177 2712 1326 2764 eaput:
1358 2708 1437 2759 „de
1461 2710 1755 2765 grammaticis
1781 2711 1855 2765 qui

276 2775 506 2818 ἐνστατικοί
546 2780 589 2818 et
630 2777 787 2818 λυτικοί
829 2777 1054 2820 dieuntur''
1089 2782 1132 2821 et
1163 2778 1372 2821 addantur
1402 2779 1504 2822 huic
1534 2793 1583 2822 ea
1613 2793 1720 2835 quae
1750 2779 1854 2823 Sue-

276 2846 415 2887 tonius
446 2849 588 2888 narrat
619 2846 669 2888 de
700 2846 867 2890 Tiberio
899 2850 1204 2904 grammaticos
1235 2849 1463 2892 deridente.
