2002 3372
1087 256 1174 299 552

343 397 417 439 pro
449 381 682 432 ἐμιμήσατο
708 380 873 435 scripsit
903 379 984 421 nisi
1017 382 1152 422 metro
1184 377 1380 422 coactus?
1411 378 1492 422 Sed
1524 379 1589 422 fae
1613 378 1914 435 planezv'smm

344 466 430 495 esse
472 451 582 508 quod
623 450 897 493 Leeuwenius
938 450 1103 500 statuit,
1146 463 1249 492 num
1291 448 1546 492 Plutarchus
1574 449 1620 492 id
1649 449 1916 497 fecissemu—

344 523 496 566 sendus
527 526 590 565 est
621 521 731 578 quod
762 523 905 577 postea
937 520 980 561 in
1012 519 1204 562 Phaedro
1235 520 1337 562 fecit
1365 518 1553 562 insulsus
1582 521 1664 564 iste
1693 520 1914 574 Romulus,

344 599 394 636 ut
435 607 580 635 versus
619 594 681 634 ita
722 593 1009 645 corrumperet
1049 594 1098 632 ut
1137 591 1224 633 iam
1266 605 1346 633 non
1389 594 1527 632 essent
1566 589 1915 638 vorsuntjmmo

344 668 509 721 poetam
551 664 829 719 antiquiorem
868 661 1122 704 verbotenus
1163 663 1325 712 citavit,
1359 662 1601 717 praemissis
1632 662 1701 705 his
1731 662 1916 708 steenvo-

344 734 524 778 cabulis:
571 738 648 785 „ut
688 733 740 775 N.
758 732 811 775 N.
854 732 957 775 ait''.
1001 732 1159 785 Quodsi
1199 734 1269 776 cui
1301 746 1452 789 parum
1485 732 1721 786 verisimile
1747 733 1917 785 vadatur

345 810 422 847 tam
453 805 609 857 lonyum
638 803 779 846 locum
812 817 834 845 a
867 801 1095 845 Plutarcho
1127 804 1248 846 citari
1285 806 1344 854 (et
1376 802 1554 847 concedo
1583 803 1628 847 id
1659 804 1917 849 euma'acere

344 890 426 918 non
467 874 621 917 solere:
665 873 915 930 plerumque
957 887 1111 929 paucos
1148 876 1321 915 'tantum
1356 887 1500 915 versus
1529 873 1679 927 affert),
1718 874 1820 932 quid
1851 875 1918 918 ob·

344 949 428 988 stat
469 946 695 1000 quominus
737 943 954 986 credamus
997 946 1042 986 in
1071 945 1162 1000 ipso
1192 958 1316 1000 opere
1345 943 1598 988 Plutarcheo
1628 959 1728 989 eum
1752 947 1802 990 in
1828 949 1918 990 tres

345 1015 412 1059 vel
451 1020 631 1072 quatuor
673 1015 857 1056 divisum
899 1017 1039 1070 partes
1080 1014 1210 1056 fuisse
1252 1016 1531 1071 propositum,
1563 1016 1625 1059 ita
1657 1023 1706 1060 ut
1736 1015 1918 1074 singulis

344 1087 533 1143 partibus
565 1086 693 1128 verba
722 1085 1096 1141 praemitterentur
1127 1083 1269 1140 qualia
1300 1088 1420 1128 sunt:
1454 1084 1524 1128 xx>
1558 1085 1685 1129 πάλιν
1710 1085 1734 1131 ὃ
1766 1085 1918 1134 navic?

346 1156 400 1198 Et
430 1158 491 1198 ita
521 1157 656 1212 ipsius
686 1155 928 1198 Leeuwenii
959 1155 1107 1197 verba:
1144 1160 1346 1211 „apparet
1377 1154 1656 1200 Plutarchum
1685 1157 1731 1201 in
1761 1158 1920 1202 Aristo·

345 1228 496 1283 phanis
536 1231 625 1269 arte
668 1227 915 1269 contemtim
957 1225 1225 1268 describenda
1266 1240 1392 1268 usum
1437 1240 1525 1270 esse
1562 1227 1919 1286 carmiuewaliquo
1988 1247 1989 1251 ¹

345 1298 538 1349 iambico,
567 1297 677 1354 quod
707 1298 800 1352 ipso
832 1299 939 1339 esset
972 1296 1216 1352 antiquius''
1247 1297 1487 1352 accipienda
1518 1297 1730 1342 videntur.

406 1368 487 1412 Sed
519 1381 767 1424 quocunque
799 1367 922 1410 modo
954 1366 1172 1410 Plutarchi
1197 1367 1305 1410 liber
1329 1367 1552 1412 libellusve
1576 1382 1600 1412 a
1626 1371 1919 1426 grammatico,

347 1441 420 1496 qui
462 1439 512 1482 de
554 1453 602 1482 eo
633 1439 773 1489 refert,
806 1439 863 1480 sit
893 1439 1162 1489 immutatus,
1194 1439 1337 1494 ipsum
1369 1443 1673 1495 argumentum
1703 1444 1766 1484 est
1795 1439 1920 1497 plane

347 1509 664 1552 Plutareheum.
710 1510 854 1565 Atque
898 1509 957 1551 ita
1004 1508 1274 1551 Ieuckensius
1321 1522 1485 1565 quoque
1524 1509 1763 1562 iudicum-:e
1799 1512 1922 1555 cuius

347 1580 479 1624 nobili
519 1579 626 1623 libro
667 1579 717 1622 de
760 1578 988 1622 Plutarcho
1030 1582 1073 1622 et
1113 1579 1216 1621 Arte
1261 1579 1470 1623 rhetorica
1516 1580 1620 1624 haec
1664 1582 1750 1625 cito
1798 1582 1922 1626 verba

348 1651 570 1708 (leguntur
609 1665 650 1706 p.
690 1650 786 1702 66)·
832 1651 936 1702 „wir
978 1650 1126 1693 diirfen
1170 1650 1236 1693 die
1279 1650 1515 1705 comparatio
1560 1651 1849 1707 Aristophanis
1884 1657 1922 1696 et

349 1722 568 1765 Menandri
617 1719 839 1763 inhaltlich
890 1720 1099 1764 durchaus
1153 1720 1214 1763 als
1264 1720 1558 1765 Plutarchisch
1609 1723 1654 1765 in
1699 1721 1922 1780 Anspruch

349 1792 575 1836 nehmen.’'

410 1864 506 1906 Non
533 1867 648 1906 amat
674 1863 998 1918 Aristophanem
1026 1862 1304 1906 Plutarchus.
1336 1866 1382 1906 ut
1406 1864 1522 1907 enim
1547 1867 1612 1907 est
1640 1865 1711 1907 vir
1733 1826 1923 1922 placidus

350 1948 530 1991 vereque
551 1933 700 1984 laetus,
723 1947 891 1976 omnem
915 1932 1004 1976 odit
1019 1934 1306 1985 acerbitatem,
1324 1932 1545 1977 lasciviam
1560 1948 1660 1979 vero
1677 1934 1921 1979 detestatur.

350 2003 553 2048 Scurrilia
595 2029 650 2035 -—
694 2006 736 2046 et
782 2002 977 2046 scurriles
1022 2005 1244 2046 nominum
1288 2004 1597 2061 verborumque
1640 2003 1763 2048 lusus
1807 2005 1923 2049 haud

351 2090 505 2132 paucos
535 2074 647 2130 apud
677 2074 1002 2130 Aristophanem
1034 2075 1221 2117 inveniri
1252 2076 1346 2131 quis
1376 2072 1530 2132 neget?
1557 2100 1613 2108 --
1639 2075 1804 2119 fastidit
1831 2090 1924 2120 con-

351 2148 601 2202 temnitque,
632 2146 820 2200 itemque
851 2145 1040 2196 obscena,
1072 2158 1177 2202 quae
1209 2150 1351 2194 tamen
1383 2160 1464 2189 non
1497 2145 1806 2200 indiqnationem
1831 2148 1923 2191 eius

351 2220 549 2261 movent:
603 2229 813 2271 nusquam
865 2217 979 2258 enim
1032 2215 1284 2268 ἄρεταλόγον
1336 2230 1379 2260 se
1429 2217 1601 2273 praebet
1651 2216 1922 2262 Plutarchus.

353 2288 543 2344 Denique
569 2287 729 2343 optime
754 2287 1076 2343 Aristophanem
1106 2301 1232 2330 suum
1257 2289 1480 2344 cognitum
1503 2287 1628 2331 habet
1655 2287 1922 2340 Plutarchus,

352 2373 474 2414 saepe
521 2358 739 2414 aptissime
785 2371 883 2399 eum
930 2359 1032 2399 citat
1080 2356 1328 2414 plauditque
1369 2358 1562 2402 versibus
1602 2358 1756 2415 quibus
1794 2357 1923 2403 Cleon

353 2430 618 2485 exagitatur:
645 2427 714 2470 hic
741 2428 856 2469 enim
884 2431 926 2470 et
951 2427 1017 2470 illi
1045 2434 1108 2471 est
1130 2432 1368 2471 monstrum
1385 2430 1570 2472 immane
1585 2428 1923 2486 horrendumque

353 2505 396 2543 et
427 2500 510 2542 fuit
543 2500 623 2541 toti
653 2499 909 2554 antiquitati,
942 2498 1014 2540 sed
1045 2513 1126 2541 non
1153 2503 1216 2542 est
1242 2498 1485 2556 philologus
1514 2498 1765 2543 Plutarchus
1789 2513 1923 2557 neque

354 2572 500 2613 doctus
533 2569 582 2612 de
614 2569 789 2612 historia
820 2568 1040 2612 literarum
1075 2571 1276 2626 scriptor:
1303 2584 1352 2613 ea
1379 2569 1674 2613 tantummodo
1699 2572 1922 2627 conquirit,

355 2646 482 2692 amat,
526 2639 792 2696 amplexatur
834 2653 940 2696 quae
982 2654 1118 2683 mores
1158 2640 1381 2683 hominum
1424 2640 1567 2697 aliquo
1607 2640 1733 2684 modo
1763 2642 1924 2698 possint

355 2710 588 2754 emendare.
621 2710 759 2766 Atque
792 2710 999 2752 eiusmodi
1028 2710 1218 2753 locorum
1251 2711 1488 2755 uberrimus
1513 2712 1552 2754 ei
1577 2711 1669 2754 fons
1694 2710 1925 2755 Menander

355 2784 473 2825 visus
500 2784 576 2823 est.
605 2779 751 2836 Neque
777 2779 1004 2824 Plutarcho
1031 2780 1109 2823 soli
1135 2780 1206 2824 sed
1233 2781 1427 2825 omnibus
1444 2782 1534 2824 eius
1551 2780 1810 2838 aequalibus.
1841 2781 1925 2835 Qui

356 2853 470 2894 enim
493 2851 650 2893 factum
677 2851 932 2894 arbitremur
954 2855 1003 2894 ut
1020 2851 1189 2894 tandem
1206 2851 1429 2908 aliqnando
1446 2854 1612 2895 tantum
1631 2866 1715 2895 non
1730 2853 1923 2897 omnium

356 2923 661 2964 sententiarum
691 2920 918 2964 moralium
946 2925 1090 2964 auctor
1115 2923 1170 2964 sit
1196 2919 1394 2965 habitus?
1419 2921 1640 2965 Plutarchi
1663 2935 1762 2966 vero
1787 2925 1923 2966 aetate

356 2994 400 3034 in
442 2992 648 3042 omnium,
689 2993 813 3033 etiam
846 2993 1212 3048 gravissimorum,
1246 2994 1434 3036 virorum
1466 2993 1662 3036 manibus
1693 2991 1924 3037 Menander
