2002 3372
1081 230 1168 274 248

328 355 667 399 emendationem
712 353 733 402 ἥ
778 352 972 396 delentis.
1015 352 1072 395 Et
1113 355 1258 397 tamen
1299 367 1351 396 ne
1395 366 1507 396 nunc
1549 351 1722 410 quidem
1752 356 1798 398 in
1828 356 1918 398 tex-

328 431 424 470 tum
455 440 549 469 eam
580 422 761 481 recepit!

393 569 529 612 496A
572 569 729 626 Lepide
762 568 812 611 de
847 568 993 611 eadem
1026 568 1128 611 haec
1163 569 1384 612 dicuntur:

393 641 556 690 εὐμενὲς
592 641 647 692 τῷ
680 642 750 681 τοῦ
785 639 924 689 νηπίου
958 639 1138 690 στόματι
1172 640 1240 683 καὶ
1277 640 1498 694 προσφιλὲς
1529 643 1692 694 ψαῦσαι
1719 641 1787 684 καὶ
1815 657 1921 695 περι-

334 711 484 763 λαβεῖν
518 710 691 753 ἐνδίδωσι
727 715 912 760 ταμιεῖον

334 783 415 824 nisi
447 781 558 838 quod
591 780 778 837 simplici
810 781 940 824 verbo
974 781 1105 824 δίδωσι
1142 795 1246 837 opus
1278 781 1347 824 hic
1378 785 1454 824 est.

397 917 534 960 496D
579 916 733 959 Versus
775 915 920 958 Iliadis
968 920 1024 968 (A
1049 915 1136 959 269
1165 920 1273 973 sqq.)
1316 917 1473 972 quibus
1516 918 1719 973 parientis
1759 916 1922 961 dolores

337 987 634 1031 describuntur
666 1000 748 1029 non
781 985 1022 1029 Homerum
1055 987 1271 1042 scripsisse
1302 986 1374 1029 sed
1407 986 1683 1030 Homeridem
1711 987 1923 1044 quandam

399 1058 566 1109 λέγουσι
600 1060 799 1099 τεκοῦσαν
833 1058 854 1106 ἢ
889 1057 1107 1099 τίκτουσαν
1142 1055 1200 1099 ἔτι
1234 1057 1302 1098 καὶ
1337 1058 1381 1100 τὸ
1414 1061 1560 1108 μῖγμα
1593 1063 1666 1107 τῆς
1699 1057 1922 1110 ἀλγηδόνος

372 1162 381 1173 .
403 1161 412 1171 .
447 1130 485 1170 ἕν
517 1133 600 1174 τοῖς
633 1129 898 1179 σπλάγχνοις
933 1125 1125 1180 ἔχουσαν.

401 1197 621 1241 Praeclara
664 1201 726 1240 est
768 1197 931 1240 Reiskii
977 1196 1217 1240 emendatio
1252 1198 1394 1248 νύγμοι
1426 1196 1608 1254 legentis
1640 1211 1715 1256 pro
1745 1198 1925 1242 absurdo

342 1276 506 1320 μῖγμα.
550 1267 631 1312 Sed
674 1283 725 1311 ne
767 1269 826 1310 sic
857 1267 1030 1324 quidem
1063 1267 1180 1310 locus
1212 1271 1277 1310 est
1307 1271 1568 1325 persanatus.
1602 1269 1668 1311 An
1699 1270 1923 1326 quisquam

342 1344 431 1383 tam
463 1341 637 1382 insanus
669 1339 753 1381 fuit
779 1352 968 1394 unquam
995 1342 1044 1380 ut
1062 1339 1286 1392 parientem
1311 1338 1491 1395 fingeret
1517 1352 1663 1382 versus
1687 1339 1925 1390 facientem,

345 1414 472 1466 atque
512 1410 614 1452 adeo
653 1410 770 1451 etiam
800 1408 896 1462 (ἔτι)
930 1407 1193 1464 parientem?
1225 1409 1493 1452 Restituetur
1522 1422 1675 1453 manus
1705 1409 1927 1453 Plutarchi

344 1483 380 1523 si
412 1482 470 1523 sic
501 1480 719 1537 legemus:
754 1482 956 1530 λέγουσιν,
991 1478 1050 1521 ἔτι
1083 1479 1129 1521 τὸ
1161 1481 1305 1530 νύγμα
1331 1484 1403 1526 τῆς
1432 1479 1656 1530 ἀλγηδόνος
1680 1511 1691 1523 .
1709 1511 1719 1523 .
1740 1513 1750 1524 .
1779 1481 1818 1523 ἐν
1842 1486 1925 1528 τοῖς

345 1551 609 1602 σπλάγχνοις
643 1550 835 1603 ἔχουσαν,
866 1554 1005 1593 cetera
1037 1549 1166 1592 sciolo
1197 1550 1435 1593 reddemus.

405 1621 634 1663 Adduntur
664 1620 787 1663 haec:
821 1621 936 1662 οέλλοὶ
971 1620 1015 1662 τὸ
1045 1621 1168 1672 Φύσει
1196 1621 1468 1673 φιλόστοργον
1496 1619 1688 1671 ἔκαμπτε
1718 1621 1786 1663 καὶ
1814 1617 1926 1673 ἦγεν.

405 1690 575 1735 Nollem
616 1691 752 1734 editor
782 1691 851 1733 hic
885 1705 960 1748 pro
995 1688 1092 1741 ἦγεν
1125 1692 1382 1743 coniecisset,
1416 1687 1563 1744 ἦγχεν,
1597 1705 1679 1748 quo
1709 1691 1819 1735 nihil
1848 1693 1928 1735 mi-

345 1776 425 1805 nus
450 1765 601 1818 aptum
626 1763 767 1817 potuit
791 1763 1036 1818 excogitari.
1066 1762 1298 1817 Aptissime
1324 1766 1470 1804 contra
1497 1763 1706 1810 κάμπτειν
1724 1756 1792 1805 καὶ
1809 1762 1929 1814 ἄγειν

345 1834 457 1875 inter
486 1833 820 1900 seoiunguntur:
856 1846 879 1874 a
910 1831 1024 1874 mala
1056 1831 1260 1874 abducere
1293 1834 1363 1875 via
1396 1836 1438 1875 et
1470 1832 1621 1876 ducere
1651 1837 1778 1877 recta.

408 1976 542 2020 496E
573 1977 732 2020 Recens
759 1981 907 2019 natum
934 1977 1140 2019 infantem
1169 1980 1304 2020 mater
1331 1979 1478 2020 statim
1494 1978 1610 2022 fovet
1625 1978 1930 2035 refrigeratque

407 2050 520 2090 τίνων
554 2051 693 2089 ταῦτα
726 2049 874 2098 μισθῶν
908 2047 930 2096 ἢ
964 2050 1107 2100 χρειῶν
1144 2047 1328 2099 ἕκείνοις;
1363 2048 1462 2089 ἀλλ’
1494 2048 1580 2090 οὐδὲ
1612 2053 1695 2096 τοῖς
1729 2051 1808 2092 νῦν.

407 2117 583 2160 Omittit
609 2118 712 2160 haec
738 2119 968 2174 interpres,·
996 2120 1107 2160 certe
1134 2118 1216 2160 ista
1245 2118 1402 2164 ἐκείνοις
1431 2121 1474 2160 et
1500 2124 1582 2166 τοῖς
1611 2121 1677 2160 νῦν
1699 2118 1928 2162 admodum

346 2189 522 2232 obscura
565 2192 678 2231 sunt.
722 2188 769 2231 In
803 2188 1066 2244 praecedenti
1099 2189 1251 2245 tragici
1281 2188 1522 2245 fragmento
1554 2203 1660 2245 quae
1688 2190 1774 2232 sint
1805 2204 1932 2242 σπαρ-

347 2259 483 2311 γάνων
518 2259 672 2311 ἐρείπια
706 2259 864 2301 frustra
896 2272 1063 2314 quaero.

409 2392 495 2437 497
511 2394 547 2436 A
578 2394 735 2450 Lepide
763 2395 1110 2451 perstringuntur
1136 2393 1404 2450 heredipetae
1430 2395 1614 2447 Romani,
1643 2408 1747 2451 quos
1769 2408 1820 2438 ex
1845 2394 1932 2438 Ho-

347 2466 469 2515 ratio,
501 2465 703 2515 Lucieno,
737 2464 936 2508 Martiale
968 2464 1063 2507 aliis
1095 2468 1185 2507 tam
1219 2465 1322 2508 bene
1352 2466 1546 2521 cognitos
1577 2465 1797 2508 habemus.
1831 2465 1932 2516 „Di-

349 2536 487 2579 vites''
531 2537 591 2578 ait
635 2549 738 2586 „cur
768 2534 922 2579 liberos
954 2536 1105 2578 habere
1137 2533 1345 2591 cupiunt?
1377 2535 1492 2578 Num
1526 2540 1575 2578 ut
1605 2536 1658 2578 ab
1689 2536 1742 2578 iis
1773 2535 1932 2578 adultis

349 2606 518 2649 alantur
548 2604 658 2662 ipsi?
689 2609 756 2648 An
791 2610 839 2648 ut
873 2606 1054 2649 habeant
1084 2606 1258 2648 heredes
1270 2604 1314 2647 ?''

412 2678 454 2719 οὐ
496 2678 580 2729 γὰρ
622 2676 730 2719 ἔστιν
772 2677 895 2728 εὑρεῖν
937 2675 1017 2718 οὐδ’
1063 2677 1274 2729 ἐπιτυχεῖν
1318 2678 1387 2717 τοῦ
1426 2675 1652 2728 τάλλότρια
1683 2675 1931 2727 βουλομένου

352 2746 602 2798 λαμβάνειν.

414 2817 586 2872 Optime
618 2817 720 2859 haec
752 2818 811 2859 sic
844 2818 974 2859 vertit
1005 2818 1235 2872 interpres:
1271 2816 1464 2868 „sc-ilicet,
1497 2817 1596 2872 quia
1627 2829 1709 2859 non
1739 2816 1840 2860 licet
1869 2818 1932 2859 in-

354 2889 497 2931 venire
529 2888 601 2942 qui
635 2886 768 2929 aliena
799 2888 985 2943 accipere
1019 2886 1166 2929 velit''.
