2002 3372
885 204 974 248 287

31 365 35 372 .
125 328 260 369 neunt
300 339 456 383 pueros
497 325 759 384 puellasque,
793 327 867 370 sed
898 341 1067 384 semper
1097 330 1139 371 in
1175 333 1468 372 monstrorum
1502 333 1726 373 versentur

28 388 43 466 ’.ἰ
122 395 216 440 foro
246 410 318 440 eos
348 396 685 454 contemplantes
716 400 791 454 qui
822 399 1029 442 tibiarum
1062 400 1363 444 cubitorumve
1394 402 1505 444 vitio
1531 400 1726 444 laborant

37 471 45 521 ⁴.
121 468 282 524 quique
320 469 453 511 ternis
485 467 623 512 oculis
655 469 967 514 struthionisve
999 472 1138 528 capite
1171 470 1514 523 dehonestantur,
1543 471 1725 528 denique

121 537 403 596 quodcunque
434 543 500 582 est

182 611 470 666 compositum
507 614 750 654 monstrum
781 614 1030 668 portentum
1061 613 1396 670 prodigiumque

120 679 196 724 sed
235 681 274 724 si
313 682 485 738 saepius
516 695 565 724 eo
597 681 864 725 adducantur
896 683 1068 726 tandem
1100 684 1348 727 istiusmodi
1380 685 1722 741 spectaculorum

39 784 41 786 -
119 753 344 808 capiantur
386 751 539 805 taedio,
580 753 641 795 sic
682 754 756 809 qui
794 767 963 810 semper
994 753 1177 797 aliorum
1210 758 1423 798 venantur
1453 755 1565 799 male
1597 757 1722 808 facta,

34 868 38 875 Δ
119 822 471 880 familiarumque
502 825 672 867 morbos
700 825 903 882 vitiaque,
938 825 1213 868 recordentur
1243 826 1452 883 quidquid
1489 842 1540 871 ex
1573 842 1622 871 eo
1652 842 1723 885 ge-

118 908 219 955 nere
242 896 462 938 rescierint
486 909 707 952 nunquam
735 909 779 939 se
804 895 902 939 inde
931 897 1165 953 quidquam
1182 897 1466 941 emolumenti
1487 901 1723 955 percepisse

119 964 187 1010 vel
219 965 525 1010 delectationis.
559 966 642 1010 Sed
669 966 1012 1010 efficacissimum
1043 971 1189 1011 contra
1220 969 1333 1011 hunc
1363 969 1564 1012 morbum
1590 983 1722 1013 reme-

118 1037 240 1081 dium
271 1041 336 1082 est
366 1039 638 1082 exercitatio:
671 1052 801 1095 quam
833 1040 1025 1095 primum
1057 1053 1160 1096 ergo
1192 1053 1487 1083 assuescamus
1518 1040 1721 1085 adversus

37 1102 42 1103 ⁷
115 1106 246 1152 illum
275 1122 467 1167 pugnare
493 1110 694 1153 morbum
722 1111 797 1166 qui
822 1114 866 1152 et
890 1111 983 1166 ipsa
1010 1110 1284 1154 assuetudine
1310 1111 1414 1155 adeo
1442 1111 1719 1155 invaluerit.''

117 1179 202 1225 Cui
231 1179 514 1224 admonitioni
543 1181 646 1224 haec
676 1181 893 1224 adduntur
923 1186 1170 1238 praecepta:

179 1265 294 1304 „non
333 1252 613 1309 introspicere
654 1253 698 1295 in
741 1252 864 1295 aedes
905 1267 1157 1305 assuescere,
1200 1268 1285 1296 non
1326 1252 1469 1310 legere
1511 1254 1623 1310 quod
1655 1256 1720 1297 in·

0 1376 2 1384 k
35 1342 38 1343 ⁷
116 1322 339 1381 sculptum
370 1327 434 1366 est
465 1322 671 1380 sepulcris
702 1325 1014 1380 inscriptumve
1046 1324 1311 1382 parietibus''

116 1393 301 1452 denique
330 1394 411 1438 hoc
441 1395 813 1451 sapientissimum
846 1394 954 1447 (522
967 1394 1037 1450 B):

178 1466 398 1518 „iustitiae
445 1466 610 1522 optima
656 1465 881 1509 meditatio
922 1470 987 1508 est
1028 1465 1247 1509 interdum
1289 1467 1457 1509 iustum
1498 1466 1719 1524 negligere

26 1530 29 1532 ’
113 1536 300 1590 lucrum,
333 1537 395 1580 sic
425 1538 539 1579 enim
570 1537 783 1579 iniustum
815 1549 963 1579 cavere
990 1535 1132 1588 discis,
1166 1538 1474 1593 temperantiae
1498 1537 1718 1580 interdum

115 1613 191 1653 tua
231 1609 441 1653 abstinere
482 1622 616 1652 uxore
656 1623 709 1651 ne
751 1622 941 1665 unquam
985 1610 1132 1664 cupias
1162 1607 1361 1652 alienam.
1395 1608 1489 1652 Hoc
1521 1612 1719 1653 converte

113 1680 167 1725 ad
198 1680 516 1724 curiositatem:
548 1679 766 1724 interdum
798 1679 962 1736 aliquid
993 1679 1105 1736 quod
1137 1679 1189 1722 ad
1223 1684 1264 1722 te
1295 1681 1451 1723 attinet
1475 1680 1622 1723 audire
1649 1679 1719 1723 vel

114 1751 261 1796 videre
300 1750 392 1795 noli
403 1765 415 1804 3
463 1752 499 1794 si
542 1753 638 1807 quis
681 1751 733 1794 ad
777 1754 819 1793 te
857 1752 976 1794 venit
1017 1752 1198 1794 nuntius
1230 1751 1280 1793 de
1313 1750 1559 1794 domesticis
1590 1752 1717 1794 rebus

113 1825 202 1866 tuis
232 1821 541 1880 aliquantisper
571 1825 814 1879 exspect-are
846 1835 946 1864 eum
978 1822 1092 1874 iube,
1125 1823 1162 1864 si
1195 1821 1245 1865 de
1277 1825 1319 1865 te
1351 1821 1443 1865 fieri
1475 1836 1716 1866 sermonem

112 1896 238 1951 putas
268 1906 392 1937 aures
422 1893 521 1936 inde
551 1893 770 1941 remove.''

173 1962 258 2010 Oui
287 1968 514 2022 praecepto
546 1964 648 2007 haec
680 1965 811 2007 etiam
844 1963 1017 2007 additur
1049 1964 1282 2021 disputatio
1314 1964 1365 2008 de
1398 1964 1612 2021 Oedipode
1643 1965 1717 2008 So·

112 2035 302 2094 phocleo,
335 2049 465 2092 quam
497 2036 702 2079 morosior
733 2036 949 2092 quispiam
980 2035 1160 2078 fortasse
1192 2036 1386 2092 graviter
1417 2036 1474 2078 sit
1505 2037 1717 2092 improba-

112 2111 262 2161 turus3
303 2111 346 2151 at
387 2108 463 2164 qui
504 2105 634 2163 paulo
677 2110 743 2150 est
773 2106 907 2150 lenior
939 2121 1019 2150 non
1055 2109 1211 2163 poterit
1243 2121 1328 2150 non
1361 2107 1586 2150 subridens
1619 2121 1713 2151 eam

111 2191 388 2236 cognoscere:

176 2251 427 2301 „curiositas
469 2251 697 2306 praecipua
736 2249 821 2291 fuit
862 2263 986 2292 causa
1027 2248 1255 2301 malorum,
1295 2250 1553 2306 quibuscum
1584 2251 1716 2292 miser

110 2319 186 2364 ille
227 2324 292 2365 est
333 2319 624 2364 conflictatus:
668 2321 764 2376 quis
805 2316 918 2363 esset
948 2321 1178 2377 quaerebat
1208 2334 1309 2363 nam
1340 2320 1480 2364 noluit
1513 2335 1603 2363 esse
1635 2320 1714 2365 Co-

110 2391 322 2435 rinthius:
365 2391 535 2443 Laium,
577 2392 648 2434 cui
689 2391 862 2435 obviam
895 2392 1028 2442 venit,
1062 2391 1218 2434 occidit
1249 2405 1519 2449 regnumque
1551 2394 1714 2449 accepit

111 2466 156 2508 et
180 2462 315 2507 simul
344 2477 520 2507 uxorem
547 2476 671 2505 suam
699 2466 904 2514 matrem3
933 2477 1032 2505 cum
1061 2477 1209 2505 omnes
1233 2477 1333 2506 eum
1359 2463 1554 2507 fortunae
1571 2463 1713 2506 filium

110 2534 416 2591 praedicarent,
443 2538 668 2577 contentus
698 2548 782 2577 non
813 2538 904 2577 erat
934 2534 1006 2576 sed
1033 2549 1234 2591 quaerere
1251 2536 1470 2592 pergebat.
1505 2535 1714 2588 Quamvis

109 2605 395 2650 obtestaretur
421 2619 521 2649 eum
550 2619 657 2647 uxor
684 2619 736 2648 ne
762 2605 919 2648 faceret
934 2604 1058 2656 illud,
1078 2606 1402 2649 minitabundus
1419 2607 1712 2663 quaestionem

109 2676 292 2720 habebat
316 2676 368 2719 de
394 2690 518 2720 servo
545 2677 615 2719 cui
644 2689 720 2718 sua
747 2680 846 2719 nota
873 2680 984 2718 esset
1012 2677 1149 2733 origo,
1176 2691 1360 2733 cumque
1389 2678 1476 2720 iam
1505 2677 1710 2733 dispicere

110 2749 336 2792 veritatem
370 2748 579 2804 coepisset
607 2761 818 2803 senexque
850 2746 924 2790 ille
956 2747 1160 2791 eiularet:

167 2820 259 2862 iam
290 2818 480 2862 terribile
511 2818 644 2871 istud,
677 2818 763 2861 heu
795 2818 894 2869 heu,
927 2817 1198 2861 dicendumst
1230 2818 1339 2861 mihi

107 2890 497 2948 ipse'curiositatis
528 2890 677 2933 morbo
708 2890 944 2946 instigante
979 2889 1221 2945 respondit:

170 2964 213 3003 et
243 2959 504 3004 audiendum
537 2960 646 3003 mihi
681 2992 690 3003 .
712 2992 720 3003 .
742 2992 751 3003 .
784 2962 871 3003 iam
904 2959 1092 3016 loquere,
1126 2973 1192 3012 en,
1226 2959 1369 3002 audio.
