1930 3354
999 268 1086 311 668

253 403 418 446 semper
448 390 638 446 suspexit
670 392 797 440 aetas,
830 387 1123 445 Thucydidem
1152 389 1494 447 Polybiumque?
1525 390 1606 435 Sed
1632 392 1711 437 hoc
1734 400 1841 452 grai

254 462 349 503 vius
380 460 492 516 quod
522 465 689 502 maturo
721 459 979 515 subactoque
1009 459 1167 503 iudicio
1201 474 1307 517 opus
1338 475 1427 504 esse
1460 463 1500 504 ei
1530 463 1605 518 qui
1635 462 1827 508 historici

253 532 422 573 nomine
463 530 619 587 dignus
659 544 749 572 esse
789 528 918 573 vellet
949 531 1118 586 penitus
1149 532 1378 587 perspexit.
1409 530 1564 591 Confer
1593 547 1705 577 nunc
1734 535 1827 578 eius

254 601 303 643 de
344 599 543 644 Cicerone
573 600 784 642 iudicium
813 614 912 643 cum
944 614 1088 644 severa
1120 600 1281 644 scilicet
1310 602 1392 645 ista
1423 605 1702 650 recentiorum
1731 592 1826 648 con-

254 671 542 723 demnatione;
583 685 691 727 quae
731 685 831 714 vera
872 672 928 713 sit
957 673 1147 727 gravitas
1178 677 1220 715 et
1251 686 1356 728 quae
1386 674 1443 716 sit
1472 672 1626 718 levitas
1656 674 1828 719 dicenda

253 755 490 798 cognosces.
518 741 631 794 Quot
656 755 784 797 quam
810 755 963 798 graves
989 742 1039 784 de
1066 744 1182 785 omni
1208 742 1384 787 historia
1410 743 1522 800 apud
1547 743 1828 789 Plutarchum

251 814 529 854 inveniuntur
559 814 813 855 sententiae:
847 826 968 868 saepe
1000 814 1148 855 mirari
1180 813 1295 856 subit
1327 818 1416 856 tam
1447 813 1587 858 multa
1616 829 1716 859 eum
1738 817 1828 859 inm

253 883 512 938 perspexisse
544 896 650 939 quae
681 886 824 925 nostra
855 882 1029 925 demum
1057 885 1193 926 aetate
1219 884 1263 925 in
1292 883 1467 927 clariore
1489 885 1719 928 *videantur
1740 899 1829 929 esse

251 952 347 995 luce
389 954 537 1008 posita.
581 952 663 1006 (Ti.
706 951 922 996 Gracchus
965 952 1014 1004 9;
1060 951 1211 996 Coriol.
1249 954 1326 1005 14;
1369 954 1530 998 Brutus
1561 955 1652 1009 48).
1692 955 1830 1009 Quam

253 1022 359 1066 salse
401 1023 562 1066 deridet
603 1024 813 1080 sophistas
853 1025 926 1079 qui
967 1025 1221 1080 gravissima
1262 1024 1461 1068 historiae
1490 1029 1580 1069 arte
1607 1026 1832 1083 pueriliter

253 1099 354 1136 sunt
394 1095 528 1144 abusi,
570 1098 612 1137 et
644 1108 773 1150 quam
804 1094 1033 1150 prudenter
1061 1094 1148 1137 illis
1178 1096 1281 1151 ipsis
1314 1097 1454 1138 utitur
1481 1100 1530 1140 ut
1561 1100 1703 1140 tamen
1730 1097 1828 1141 inde

253 1165 470 1221 protrahat
507 1166 543 1207 si
588 1165 690 1220 quid
732 1165 888 1208 habent
930 1166 1028 1208 boni
1060 1164 1158 1217 (Dio
1189 1165 1266 1216 XI,
1299 1165 1465 1209 XXXV
1480 1180 1557 1223 sq„
1589 1167 1711 1211 Aret.-
1736 1167 1828 1223 28).

254 1235 418 1288 Quanta
443 1239 532 1278 arte
558 1235 785 1292 depingere
812 1237 1036 1279 hominum
1062 1249 1202 1279 mores
1228 1236 1389 1280 didicit.
1422 1236 1485 1280 De
1509 1242 1595 1280 arte
1608 1237 1830 1283 Plutarchi

252 1305 423 1362 loquor:
458 1307 632 1349 ubinam
663 1321 851 1362 unquam
884 1307 1032 1349 vidisti
1064 1309 1412 1363 praestantiorem
1441 1321 1584 1351 rerum
1610 1313 1830 1366 gestarum

253 1378 411 1433 pictam
437 1376 626 1420 tabulam
655 1390 782 1432 quam
809 1378 854 1419 in
876 1379 965 1420 vita
987 1375 1127 1420 Crassi
1148 1379 1359 1433 capitibus
1373 1376 1590 1431 (17—33)
1605 1380 1679 1423 ubi
1695 1381 1831 1423 tristis

252 1447 373 1490 illius
404 1446 522 1490 ducis
551 1452 746 1490 narratur
777 1446 945 1490 exitus?
982 1448 1049 1490 Ad
1079 1448 1185 1491 hanc
1212 1453 1347 1491 artem
1378 1451 1422 1492 et
1451 1449 1504 1492 ad
1534 1449 1641 1493 hanc
1662 1451 1831 1507 ‘sapien-

253 1519 359 1560 tiam
384 1519 467 1574 ipsi
490 1532 627 1561 mores
652 1519 787 1561 innati
817 1518 1094 1562 Plutarchum
1121 1523 1271 1575 aptum
1295 1519 1538 1571 reddebant,
1563 1533 1662 1564 nam
1685 1525 1830 1572 „amat

254 1587 435 1632 Graecos
475 1588 710 1631 admiratur
750 1588 962 1632 Romanos
1003 1589 1094 1632 odit
1135 1589 1565 1634 neminem’':‘aurea
1596 1595 1705 1635 sunt
1727 1591 1830 1635 haec

254 1657 403 1702 Cobeti
436 1659 563 1702 verba
595 1673 700 1715 quae
732 1661 886 1715 spissos
916 1659 1151 1715 loquuntur
1178 1659 1322 1713 libros,
1351 1674 1541 1717 quaeque
1567 1661 1706 1704 cuivis
1729 1661 1830 1705 Plu-

254 1730 390 1772 tarchi
428 1729 695 1786 praefigenda
727 1744 871 1773 censeo
903 1729 1093 1781 editioni,
1125 1744 1223 1773 nam
1255 1732 1298 1773 in
1331 1731 1398 1774 his
1432 1735 1545 1775 totus
1575 1732 1830 1776 Plutarchus

252 1802 363 1843 inest
372 1813 383 1852 ;
428 1814 494 1842 res
535 1800 741 1842 humanas
781 1802 842 1843 ita
884 1801 1197 1857 contemplatur
1237 1805 1286 1843 ut
1327 1815 1424 1845 vere
1464 1802 1666 1846 admirari
1695 1805 1830 1860 possit

254 1884 360 1926 quae
401 1871 484 1913 sint
518 1870 793 1914 admiratione
824 1871 967 1928 digna,
999 1872 1051 1914 ab
1084 1873 1201 1914 omni
1232 1872 1342 1924 odio,
1375 1872 1427 1917 ab
1460 1875 1576 1916 omni
1605 1874 1830 1930 iniquitate

253 1941 461 1992 abhorret,
503 1941 575 1984 sed
616 1942 743 1984 habet
783 1941 914 1985 molle
945 1946 988 1985 et
1018 1941 1322 1986 inflammabile
1352 1946 1500 1999 pectus
1529 1945 1591 1987 ita
1620 1948 1670 1988 ut
1700 1948 1744 1988 et
1770 1943 1829 1988 le-

253 2014 453 2070 gentibus
478 2027 666 2056 amorem
690 2015 879 2057 incutere
905 2015 1038 2070 possit
1063 2028 1211 2057 eorum
1236 2028 1340 2070 quos
1365 2019 1481 2061 amet
1501 2016 1605 2072 ipse.
1636 2015 1828 2073 Denique

255 2082 419 2127 nullam
461 2089 595 2127 artem
635 2085 770 2140 ipsius
811 2099 936 2127 causa
967 2084 1100 2128 coluit
1130 2084 1388 2128 Plutarchus
1417 2085 1690 2130 colendamve
1721 2087 1830 2130 arbi-

255 2158 392 2200 tratus
433 2159 510 2205 est,
553 2156 636 2197 nisi
667 2155 774 2198 forte
804 2155 932 2211 idque
963 2157 1127 2199 invitus
1159 2146 1276 2209 (nam
1309 2156 1558 2199 historicum
1588 2170 1687 2200 eum
1717 2171 1829 2201 crea-

255 2229 375 2268 verat
399 2229 550 2268 natura
572 2227 681 2282 ipsa)
709 2227 944 2269 historiam.
976 2226 1025 2269 In
1051 2228 1200 2270 ceteris
1226 2227 1422 2270 omnibus
1449 2225 1598 2271 altiora
1624 2230 1831 2284 spectavit

254 2295 444 2352 nihilque
474 2298 622 2353 magni
653 2297 751 2340 fecit
782 2298 892 2354 quod
917 2312 1000 2341 non
1032 2297 1083 2340 ad
1115 2301 1328 2341 aeternam
1353 2297 1575 2341 hominum
1602 2299 1831 2355 pertineret

254 2365 436 2410 salutem
467 2371 510 2409 et
541 2367 803 2410 felicitatem.

313 2437 532 2480 Habemus
573 2439 717 2481 virum
764 2438 937 2482 doctum
984 2442 1027 2482 et
1069 2443 1236 2481 tantum
1278 2453 1358 2482 non
1401 2437 1524 2495 plena
1563 2438 1828 2497 perfectaque

253 2507 494 2563 praeditum
537 2509 755 2564 sapientia,
788 2510 931 2563 ipsum
962 2509 1266 2566 philosophum
1298 2514 1424 2565 atque
1456 2511 1668 2552 mentium
1698 2510 1830 2554 medi·

255 2594 354 2622 eum
395 2580 581 2622 nondum
622 2581 840 2623 habemus.
884 2580 1109 2633 Quaeritur
1150 2582 1264 2624 enim
1305 2581 1434 2623 etiam
1465 2604 1522 2612 —-
1555 2584 1598 2623 et
1627 2580 1710 2624 huc
1740 2584 1830 2624 tota

255 2654 396 2693 nostra
426 2650 534 2693 redit
565 2651 796 2707 disputatio
825 2676 880 2683 —-
906 2651 1137 2714 quomodo
1146 2650 1258 2708 ille
1253 2652 1424 2706 vixerit,
1453 2650 1588 2694 officio
1615 2665 1692 2695 suo
1715 2652 1832 2710 func·

254 2725 324 2763 tus
350 2722 418 2773 sit,
445 2721 638 2785 denique,
665 2727 714 2779 ut
739 2721 991 2779 simpliciter
1017 2722 1169 2772 dicam,
1198 2736 1303 2780 quo
1308 2714 1504 2778 modo
1434 2722 1664 2783 quibusve
1687 2722 1829 2787 modis

255 2793 398 2834 vietum
429 2779 669 2848 quaesierit.

305 2847 474 2906 Βοιιιειθ
500 2877 597 2906 suos
625 2864 706 2906 sibi
730 2864 858 2907 habet
880 2866 1052 2916 amicos,
1080 2864 1271 2907 homines
1297 2867 1488 2920 potentes
1504 2862 1827 2921 opulentusque:

256 2934 342 2975 iam
373 2933 451 2976 hoc
484 2935 558 2990 qui
587 2938 803 2976 assecutus
834 2938 897 2977 est
926 2949 1010 2978 non
1042 2934 1168 2977 habet
1199 2934 1310 2990 quod
1341 2935 1528 2990 inopiam
1559 2937 1768 2978 metuat.

256 3003 486 3046 dummodo
519 3005 671 3047 scribat
701 3004 842 3048 libros.
875 3005 1034 3048 Miram
1066 3019 1156 3047 rem
1187 3018 1352 3048 narrare
1383 3004 1555 3048 videbor
1586 3004 1828 3061 aequalibus
