2002 3372
962 1088 1250 1144 CAPUT
1293 1088 1392 1142 VI.

657 1422 801 1454 RRGUM
833 1424 884 1453 ΕΤ
915 1423 1222 1454 IMPERATORUM
1253 1421 1638 1454 APOPHTHEGMA'PA.

416 1557 464 1599 ln
496 1556 606 1599 libro
637 1558 686 1598 de
717 1557 932 1599 Plutarcho
954 1557 1195 1612 philwopho
1230 1557 1280 1600 de
1311 1557 1389 1600 hac
1421 1557 1590 1614 sylloge
1617 1556 1734 1601 sileri
1759 1561 1937 1614 poterat.

356 1628 464 1670 Nam
498 1627 680 1670 lateatne
713 1628 790 1670 sub
823 1642 871 1670 ea
904 1642 999 1684 pars
1031 1627 1174 1684 aliqua
1205 1627 1466 1671 collectionis
1496 1642 1520 1670 a
1548 1627 1779 1672 Plutarcho
1804 1628 1938 1672 factae

355 1703 398 1740 et
439 1698 576 1754 qualis
617 1698 692 1741 illa
726 1700 854 1741 fuerit
886 1713 1021 1755 neque
1053 1701 1254 1742 novimus
1285 1713 1422 1754 neque
1454 1699 1650 1755 equidem
1682 1713 1938 1757 magnopere

355 1783 469 1811 curo.
512 1768 604 1811 Hoc
646 1770 754 1811 mihi
795 1771 899 1812 scire
931 1772 1032 1812 satis
1066 1774 1129 1812 est
1162 1769 1443 1812 Plutarchum
1476 1770 1600 1813 dictis
1630 1773 1674 1813 et
1704 1771 1940 1814 narratiun-

355 1839 475 1890 cosse,
523 1853 544 1882 e
586 1841 741 1895 quibus
782 1840 944 1896 aliquid
985 1841 1188 1883 utilitatis
1231 1842 1392 1897 percipi
1430 1845 1593 1897 posset,
1640 1841 1939 1898 componendis

354 1913 522 1952 strenue
554 1910 716 1953 dedisse
747 1925 931 1967 operam.
980 1911 1072 1954 Hoc
1105 1913 1318 1954 mentium
1350 1911 1566 1954 medicum
1598 1911 1744 1955 fecisse
1775 1915 1819 1956 et
1848 1913 1941 1968 ipsa

353 1994 420 2023 res
471 1979 626 2023 clamat
678 1986 720 2024 et
774 1982 895 2024 docet
947 1983 1082 2038 ipsius
1131 1983 1428 2025 testimonium
1484 1983 1552 2036 (de
1597 1982 1670 2024 Ira
1718 1983 1939 2026 Cohibenda

356 2065 397 2107 p.
432 2050 518 2094 457
537 2050 615 2104 E):

418 2121 474 2164 διὸ
519 2123 587 2163 καὶ
629 2121 822 2173 συνάγειν
854 2123 917 2165 ἀεὶ
953 2128 1152 2174 πειρῶμαι
1187 2123 1255 2166 καὶ
1287 2124 1613 2176 ἀναγιγνώσκειν
1646 2125 1689 2168 οὐ
1723 2127 1860 2168 ταῦτα
1894 2123 1940 2173 δὴ

357 2192 474 2243 μόνον
518 2194 571 2233 τὰ
615 2198 692 2235 τῶν
735 2193 988 2247 φιλοσόφων,
1035 2194 1151 2236 ἀλλὰ
1195 2197 1359 2245 μᾶλλον
1403 2196 1458 2237 τὰ
1502 2199 1579 2237 τῶν
1619 2194 1828 2246 βασιλέων
1869 2188 1942 2237 καὶ

359 2262 555 2314 τυράννων

358 2336 432 2389 qui
464 2333 581 2376 locus
614 2335 744 2376 etiam
776 2348 799 2376 a
827 2334 1156 2391 Wyttenbachio
1182 2335 1353 2378 affertur
1380 2336 1450 2389 (cf.
1482 2337 1697 2378 Avondzon
1722 2335 1786 2379 ed.
1812 2333 1946 2378 altera

357 2405 390 2456 I,
426 2403 497 2456 47,
530 2404 584 2455 ΙΙ,
619 2403 674 2446 35
692 2411 786 2459 sq.).
831 2404 913 2447 Sed
956 2420 1037 2447 non
1071 2407 1214 2448 minus
1246 2406 1355 2448 mihi
1386 2410 1549 2450 constat
1580 2407 1717 2450 hunce
1746 2405 1943 2449 libellum

357 2490 435 2517 non
476 2489 564 2517 esse
602 2475 653 2518 ab
696 2477 786 2531 ipso
830 2474 1062 2518 Plutarcho
1105 2478 1442 2519 consarcinatum
1477 2477 1549 2520 sed
1581 2478 1632 2520 ab
1665 2477 1945 2520 homuncione

358 2546 542 2602 quodam
583 2546 891 2602 etupidiesimo,
934 2548 1008 2603 qui
1049 2549 1297 2603 praesertim
1337 2547 1560 2591 Plutarchi
1591 2547 1701 2590 Vitis
1734 2561 1835 2591 usus
1865 2550 1942 2591 est.

359 2617 441 2669 Qui
473 2631 494 2658 e
526 2630 608 2672 quo
640 2630 793 2672 genere
824 2617 954 2660 fuerit
986 2618 1209 2660 hominum
1243 2620 1414 2675 egregie
1446 2618 1595 2662 docent
1625 2618 1708 2661 duo
1738 2617 1845 2660 loci:

422 2701 461 2742 p.
500 2686 583 2729 196
602 2687 648 2729 E.
693 2687 926 2743 Postquam
960 2691 1152 2732 narravit
1182 2688 1293 2744 quod
1319 2689 1501 2732 dedisset
1533 2690 1681 2746 magni
1711 2689 1845 2731 animi
1876 2687 1947 2731 do-

360 2762 608 2800 cumentum
637 2757 778 2813 Scipio
804 2760 849 2801 in
877 2759 1023 2802 funere
1051 2758 1251 2811 Terentii,
1280 2759 1381 2803 haec
1408 2774 1457 2803 ex
1476 2774 1553 2803 suo
1570 2759 1686 2802 fonte
1702 2759 1944 2815 adscripsit:

362 2831 499 2869 ταῦτα
533 2829 628 2877 μὲν
660 2826 743 2871 οὖν
778 2827 958 2881 ὕστερονῐ

423 2913 462 2953 p.
501 2898 584 2940 199
604 2898 654 2941 D.
704 2899 764 2941 De
808 2897 968 2942 Catone
1009 2899 1110 2942 haec
1152 2903 1315 2943 narrat:
1360 2900 1553 2948 πλείονας
1585 2899 1625 2942 δὲ
1658 2899 1800 2947 πόλεις
1832 2898 1944 2950 ἑλών,

365 2967 421 3016 ὥς
461 2973 615 3021 φησι,
651 2971 728 3010 τῶν
761 2973 910 3022 ἡμερῶν
941 2964 991 3017 ἃς
1026 2970 1227 3022 διέτριψεν
1255 2972 1294 3013 ἐν
1322 2976 1402 3019 τοῖς
1431 2971 1638 3021 πολεμίοις
1665 2970 1751 3012 κτὲ.
1782 2969 1829 3012 In
1859 2970 1947 3013 vita
