2002 3372
1096 217 1179 261 142

415 339 837 392 „Quemadmodum”
885 339 945 380 ait
995 337 1138 389 „docti
1182 339 1416 396 geographi
1463 337 1743 395 quaecunque
1774 350 1930 395 perum

348 413 448 453 nota
492 410 648 452 habent
695 411 741 451 in
781 407 1024 451 tabularum
1068 422 1240 451 suarum
1284 411 1518 452 conficiunt
1560 408 1739 465 angulos
1780 407 1934 453 adscri-

347 481 558 536 buntque:
593 479 705 522 ultra
737 479 902 522 deserta
933 483 1033 522 eunt
1063 479 1187 535 plena
1216 479 1455 531 beluarum,
1488 478 1557 522 vel
1587 479 1763 536 paludes
1793 479 1932 527 infini-

346 555 428 600 tae,
470 550 540 594 vel
586 550 838 607 Scythicum
887 549 1025 606 frigus
1067 549 1304 606 Oceanique
1347 550 1449 607 gelu
1491 552 1708 602 contracti,
1751 552 1812 594 sic
1851 563 1930 608 ego

347 635 473 672 nunc,
515 635 612 663 cum
652 622 698 662 in
737 620 843 662 Vitis
866 620 1085 674 parallebis
1116 620 1345 663 scribendis
1375 620 1426 663 ad
1457 620 1635 663 ultimos
1665 621 1931 678 pervenerim
1995 626 1998 627 ’

347 693 439 734 eius
480 692 665 748 regionis
706 690 823 741 fines,
864 691 908 732 in
948 704 1031 746 qua
1072 690 1263 733 doctrina
1307 695 1420 734 certa
1451 691 1632 734 firmiter
1662 692 1845 743 insistat,
1879 690 1932 734 de

346 763 496 805 ceteris
527 762 724 804 omnibus
756 761 858 803 haec
888 765 1079 817 poteram
1111 761 1342 804 affirmare:
1375 761 1490 804 ultra
1521 763 1629 805 iacet
1661 762 1779 818 regio
1805 762 1930 804 mira·-

347 832 541 876 culorum
574 831 900 888 fabularumque
931 831 1068 888 plena,
1101 836 1248 888 poetae
1279 833 1341 875 ibi
1366 835 1611 889 pascuntur,
1639 831 1711 876 sed
1737 831 1801 875 nil
1822 832 1931 876 certi

346 905 539 946 invenias
571 902 641 946 vel
682 902 895 946 credibile.
937 903 1020 946 Sed
1051 905 1250 959 quoniam
1282 903 1333 945 de
1362 903 1563 959 Lycurgo
1593 906 1637 946 et
1668 902 1816 946 Numa
1841 916 1935 946 nar·

347 987 555 1024 raveram,
588 973 702 1016 haud
735 973 967 1016 absurdum
998 973 1107 1016 mihi
1139 973 1362 1016 videbatur
1391 973 1491 1016 huic
1516 972 1754 1016 Romulum
1779 972 1935 1017 addere

349 1047 470 1101 eique
503 1058 711 1102 opponere
742 1044 999 1087 Theseum”.

409 1115 720 1158 Venustissima
757 1116 946 1171 profecto
989 1129 1037 1158 ea
1078 1118 1143 1158 est
1172 1115 1389 1171 praefatio,
1421 1115 1494 1158 sed
1525 1117 1664 1159 omnis
1693 1117 1785 1159 eius
1814 1114 1934 1172 lepor

349 1187 460 1242 perit
489 1187 573 1228 nisi
603 1186 723 1228 nobis
755 1189 853 1228 ante
885 1185 1030 1228 oculos
1061 1187 1260 1241 ponimus
1292 1184 1487 1228 Vitarum
1519 1199 1625 1242 opus
1655 1199 1789 1228 unum
1815 1186 1863 1228 in
1888 1199 1933 1229 se

348 1261 458 1299 teres
497 1260 623 1312 atque
665 1256 896 1299 rotundum
939 1260 982 1298 et
1013 1270 1149 1312 neque
1180 1254 1332 1298 multis
1362 1270 1497 1312 neque
1527 1255 1671 1313 longis
1702 1254 1933 1300 interiectis

351 1341 560 1370 annorum
592 1328 742 1382 spatiis
772 1327 1022 1383 perfectum.
