2002 3372
1074 202 1162 244 218

325 323 446 365 betus
488 324 531 364 in
572 322 988 365 narratiuncularum
1025 321 1283 366 Graecarum
1326 324 1588 376 collectione,
1632 339 1761 382 quam
1793 325 1912 370 scho-

322 392 478 436 liarum
509 394 555 434 in
588 406 714 434 usum
747 392 893 444 edidit,
926 406 1009 449 qua
1039 394 1076 435 si
1106 395 1202 450 quis
1231 408 1377 438 revera
1409 394 1567 438 Graece
1600 395 1758 440 discere
1787 397 1909 453 cupit

324 468 472 506 utatur
497 477 656 506 censeo.
689 462 841 505 Mirari
867 464 970 505 satis
997 477 1080 506 non
1106 478 1280 520 possum
1307 465 1572 522 praeclarum
1598 465 1709 508 illud
1735 465 1909 510 docendi

324 533 593 590 discendique
624 535 960 576 instrumentum
991 533 1180 578 nondum
1210 537 1256 578 in
1289 535 1492 593 Angliam
1518 535 1707 580 Galliam
1733 534 1909 580 Germa-

323 606 439 646 niam
466 607 509 646 et
536 603 742 660 quidquid
770 607 834 646 est
859 605 904 646 in
928 603 1100 661 Europa
1129 604 1344 649 cultorum
1362 606 1619 663 populorum
1636 605 1906 659 translatum,

322 673 386 716 En
428 673 535 716 latet
575 674 643 716 hic
683 673 910 716 thesaurus
954 706 963 717 .
985 706 994 718 .
1015 707 1024 717 .
1045 706 1055 718 .
1097 677 1227 718 etiam
1271 677 1502 720 editoribus
1544 678 1619 734 qui
1658 692 1739 720 rem
1757 678 1908 735 facere

325 741 498 787 volunt!

382 889 426 930 ib
466 887 541 931 Nil
568 889 708 945 magis
735 888 814 931 alit
838 890 1103 934 iracundiam
1121 904 1247 947 quam
1266 891 1409 944 luxus,
1427 891 1648 945 mollities,
1664 891 1908 936 fastidium:

384 958 440 1001 διὸ
483 957 618 1010 μεῖζον
660 959 768 1002 οὐδὲν
809 961 997 1008 εὐκολίας
1042 962 1110 1003 καὶ
1157 963 1362 1013 ἀφελείας
1409 962 1565 1016 ἐφόδιον
1599 964 1656 1010 εἰς
1689 963 1904 1016 πραότητα

324 1029 419 1082 πρὸς
453 1028 614 1075 οἰκέτας
647 1029 717 1073 καὶ
749 1033 931 1080 γυναῖκα
963 1030 1030 1073 καὶ
1065 1031 1226 1083 φίλους.

382 1101 499 1143 Haec
530 1102 591 1143 sic
620 1102 827 1157 interpres
859 1101 1020 1144 reddit:
1055 1103 1226 1158 „itaque
1258 1102 1311 1146 ad
1341 1103 1714 1147 mansuetudinem
1739 1106 1783 1147 et
1807 1117 1908 1161 erga

319 1185 497 1215 uxorem
540 1175 583 1214 et
625 1173 783 1214 amicos
815 1186 899 1215 non
931 1176 994 1214 est
1026 1173 1256 1229 quidquam
1292 1173 1388 1230 plus
1419 1174 1702 1223 emolumenti
1732 1173 1906 1218 afferens

320 1256 449 1298 quam
481 1241 663 1284 facilitas
695 1246 737 1285 et
768 1242 1064 1299 simplicitas''.
1100 1243 1228 1295 Male,
1262 1249 1310 1286 ut
1342 1246 1503 1301 opinor.
1545 1244 1662 1288 Haec
1693 1245 1809 1288 enim
1839 1248 1906 1288 est

322 1317 556 1355 structura:
599 1313 708 1355 οὐδέν
751 1314 836 1354 ε’στι
879 1313 1016 1367 μεῖζον
1051 1314 1207 1365 ἐφόδιον
1242 1316 1296 1361 εἰς
1331 1314 1547 1367 πραότητα
1580 1314 1602 1364 ἢ
1635 1315 1801 1358 εὐκολία
1833 1315 1902 1357 καὶ

324 1384 507 1436 ἀφέλεια
539 1385 634 1435 πρὸς
666 1384 826 1430 οἰκέτας
861 1385 929 1426 καὶ
964 1390 1147 1434 γυναῖκα
1181 1385 1248 1427 καὶ
1281 1386 1442 1435 φίλους.
1476 1386 1559 1439 Qui
1589 1385 1792 1430 adversus
1823 1399 1905 1429 ser·

324 1469 413 1505 vos,
447 1468 636 1504 uxorem,
665 1455 823 1497 amicos
850 1454 986 1497 facilis
1013 1459 1076 1497 est
1102 1459 1144 1498 et
1169 1457 1338 1510 simplex
1363 1458 1408 1508 (i.
1427 1471 1463 1499 e.
1484 1457 1637 1512 vpaucis
1662 1457 1904 1513 paratisque

323 1528 562 1578 contentus)
596 1526 630 1566 is
661 1526 821 1580 optime
852 1527 1086 1568 instructus
1118 1530 1182 1569 est
1210 1527 1263 1569 ad
1289 1526 1660 1570 mansuetudinem
1686 1526 1904 1579 (adversus

322 1601 480 1639 ceteros
512 1599 687 1648 omnes).

380 1666 607 1709 Adduntur
648 1667 778 1708 etiam
821 1666 944 1709 haec:
978 1668 1034 1719 τῷ
1064 1667 1270 1720 δυναμένῳ
1301 1667 1583 1721 συμφέρεσθαι
1615 1673 1695 1715 τοῖς
1729 1670 1902 1720 παροῦσι

319 1737 386 1780 καὶ
437 1738 494 1787 μὴ
542 1736 712 1789 δεομένῳ
755 1741 915 1779 πολλῶν
964 1738 1032 1779 καὶ
1076 1743 1283 1791 περιττῶν.
1331 1738 1380 1781 In
1421 1739 1578 1795 quibus
1619 1739 1900 1792 συμφέρεσθαι

317 1809 403 1851 fere
449 1811 514 1850 est
554 1823 675 1863 aequo
717 1808 848 1849 animo
889 1808 963 1850 uti.
1008 1806 1132 1851 Certe
1173 1810 1307 1851 rarior
1348 1808 1421 1852 ille
1462 1809 1584 1852 verbi
1623 1809 1753 1852 huius
1783 1823 1900 1853 usus.

318 1879 538 1923 Contrario
579 1879 695 1921 idem
738 1879 917 1922 verbum
963 1879 1088 1922 modo
1131 1879 1355 1923 adhibetur
1396 1882 1446 1923 de
1476 1885 1606 1937 branq.
1638 1895 1705 1923 an.
1739 1878 1900 1924 467A:

318 1948 383 1993 ἵνα
417 1950 573 1992 καὶτὰ
607 1951 719 1995 ἐκτὸς
753 1950 802 1996 ὡς
837 1950 964 1992 οἰκεῖα
998 1950 1065 1992 καὶ
1099 1951 1211 2001 φίλα
1238 1952 1296 2000 μὴ
1322 1953 1523 2003 χαλεπῶς
1550 1950 1770 2004 χρωμένοις
1799 1966 1902 2001 συμ-

320 2020 510 2073 φέρηται,
542 2021 618 2063 ubi
648 2035 733 2063 non
764 2020 892 2063 homo
923 2021 1050 2063 rebus
1082 2021 1153 2063 sed
1183 2036 1250 2064 res
1276 2022 1443 2065 homini
1467 2023 1760 2075 συμφέρονται,
1788 2022 1900 2078 quod

323 2091 477 2134 melius
507 2092 551 2133 in
583 2091 762 2134 verbum
794 2090 903 2133 illud
934 2092 1143 2134 convenit.

381 2226 516 2269 461Β
557 2227 767 2274 θαλάττης
801 2226 867 2268 διὰ
897 2226 1050 2277 βάθους
1082 2228 1357 2278 κεκινημένης.

380 2297 458 2339 Pro
498 2297 563 2339 διαὶ
606 2297 861 2339 Abreschius
905 2297 948 2338 ἐκ
988 2300 1191 2354 reposuit,
1223 2301 1357 2350 recte,
1391 2303 1440 2342 ut
1471 2300 1634 2356 opinor.
1668 2297 1750 2341 Vix
1781 2296 1900 2355 quid-

317 2382 445 2423 quam
476 2366 594 2409 illius
626 2367 866 2410 dissertatio
893 2367 1146 2411 Academica
1172 2369 1300 2412 habet
1325 2369 1437 2426 quod
1466 2384 1551 2413 non
1577 2371 1635 2412 sit
1657 2370 1703 2412 in
1729 2372 1897 2412 textum

316 2438 619 2494 recipiendum.

377 2582 461 2626 461
477 2583 509 2628 G
545 2583 772 2626 Morositas
800 2587 843 2626 et
868 2584 1107 2640 frequentes
1132 2586 1420 2641 querimoniae
1445 2586 1640 2628 animum
1666 2585 1896 2628 obnoxium

317 2654 499 2697 reddunt
527 2654 792 2696 iracundiae:

379 2726 549 2766 ἐθιστέον
575 2723 638 2767 οὖν
664 2724 709 2767 τὸ
738 2728 856 2774 σῶμα
886 2724 935 2766 δι’
963 2725 1172 2772 εὐτελείας
1202 2726 1298 2778 πρὸς
1325 2726 1515 2769 εὐκολίαν
1543 2725 1743 2777 αὐταρκὲς
1764 2725 1894 2777 ἑαυτῷ

318 2795 662 2846 γιγνόμενοι

377 2865 440 2907 Ne
480 2866 607 2908 verbo
639 2864 776 2918 ἐθίζειν
810 2879 912 2907 suus
943 2865 1182 2909 infinitivus
1212 2866 1320 2909 desit
1351 2880 1456 2910 neve
1489 2866 1629 2910 verbis
1661 2866 1776 2908 hisce
1807 2879 1896 2908 sen·

317 2937 464 2986 tentia,
505 2934 734 2991 legendum
777 2939 841 2977 est
879 2935 1107 2986 γίγνεσθαι.
1141 2935 1339 2992 Simplici
1369 2938 1488 2980 victu
1519 2950 1669 2992 corpus
1699 2939 1893 2981 nostrum

1992 300 2002 397 ἶ
