2002 3372
1100 256 1188 300 522

354 382 489 432 Φοντα
531 377 600 420 καὶ
633 376 914 425 καθεστηκότα
946 375 1013 418 τὸν
1045 378 1243 428 λογισμὸν
1275 377 1450 430 ἐπάγειν
1480 379 1835 433 (subiectument
1861 380 1930 424 τὸν

354 449 544 501 γέροντα)
575 452 669 495 ταῖς
701 446 897 499 Φροντίσι.

413 516 506 560 Non
534 519 676 560 minus
701 521 802 559 sunt
827 515 1006 559 absurda
1031 516 1135 561 haec
1156 530 1285 574 quam
1301 519 1451 562 rustici
1467 519 1780 576 Aristophauici
1793 521 1927 579 istud:

594 589 616 636 ἦ
650 587 814 640 φροντὶς
846 583 954 630 ἕλκει
987 587 1058 637 τὴν
1092 587 1233 638 ἰκμάδ’
1266 589 1322 635 εἷς
1354 589 1410 631 τοὶ
1442 589 1653 642 κάρδαμα.

413 658 527 715 Lege
568 662 649 706 τοῖς
684 657 920 710 πράγμασι,
952 671 1053 700 nam
1084 659 1120 700 si
1150 659 1330 711 Φροντίσι
1361 659 1431 703 hic
1457 663 1572 704 esset
1602 651 1711 704 curie
1730 661 1931 722 1162th

354 729 470 781 blica,
501 730 630 771 nimis
661 728 834 771 obscure
865 731 1007 772 noster
1038 727 1208 772 locutus
1240 733 1361 773 esset.

415 860 547 917 7890
593 873 859 917 Praeclaram
890 873 1105 931 Madvigii
1131 874 1470 920 emendationem
1496 876 1544 921 Β.
1559 877 1746 934 perfecit
1766 876 1930 934 ἆζᾳζιέφ

353 945 462 1000 γήρᾳ
493 946 609 997 κρᾶτ’
641 943 806 998 ἁνθίζων
840 944 911 995 ἤδη
943 944 1137 1002 legendo.

414 1078 550 1124 789D
596 1079 724 1124 Senes
766 1080 1062 1125 describuntur
1099 1086 1319 1139 tamquam
1350 1083 1543 1128 homines
1573 1080 1629 1133 οἷς
1660 1086 1685 1136 ἡ
1717 1084 1930 1139 γελωμένη

353 1151 481 1195 πολιοὶ
508 1151 575 1194 καὶ
603 1152 711 1204 ῥυτὶς
739 1151 952 1207 ἐμπειρίας
980 1151 1138 1205 μάρτυς
1167 1154 1446 1208 ἐπιφαίνεται,
1473 1153 1541 1198 καὶ
1571 1154 1727 1204 πειθοῦς
1743 1155 1931 1210 συνεργὸν

354 1224 464 1275 αὐτῷ
497 1222 565 1265 xa)
598 1222 720 1275 δόξαν
753 1222 863 1273 ἤθους
896 1225 1141 1277 προστίθησι.
1439 1269 1441 1271 ,
1816 1270 1818 1275 ,
1860 1262 1861 1265 ,

413 1293 659 1337 Secundum
699 1295 772 1337 καί
811 1294 923 1338 delet
964 1295 1042 1346 Μ.,
1083 1310 1158 1352 pro
1199 1297 1310 1350 αὐτῷ
1351 1296 1399 1340 Β.
1432 1297 1604 1341 coniicit
1633 1297 1791 1351 αὐτοῖς,
1818 1296 1932 1355 quod

353 1369 611 1409 structuram
643 1366 747 1409 bene
778 1366 964 1409 Atticam
997 1366 1124 1410 efficit
1154 1366 1240 1419 sed,
1273 1368 1308 1410 si
1339 1368 1445 1411 bene
1475 1369 1666 1420 memini,
1696 1367 1810 1425 apud
1834 1367 1932 1411 Plu-

352 1437 549 1480 tarchum
575 1438 850 1480 rarissimam.
877 1436 1024 1481 Restat
1049 1442 1099 1482 ut
1125 1437 1280 1495 aliquis
1304 1439 1426 1482 nobis
1450 1437 1571 1489 δόξαν
1597 1438 1708 1498 Move
1734 1437 1930 1496 explicet.

353 1506 581 1564 Interpres:
610 1509 968 1551 existimationem
993 1523 1086 1551 usus
1111 1514 1149 1551 et
1174 1509 1362 1561 morwm''‚
1381 1508 1493 1566 quod
1513 1523 1639 1553 sensu
1664 1523 1830 1564 cassum
1853 1514 1930 1569 est.

353 1578 517 1636 Ecquid
557 1581 739 1632 χρηστοῦ
780 1583 874 1636 post
917 1578 1030 1628 ἤθους
1062 1578 1246 1623 excidit?
1285 1580 1407 1624 Nihil
1438 1582 1554 1624 enim
1584 1581 1725 1639 magis
1755 1579 1929 1639 adiuvat

352 1662 454 1708 eum
484 1650 560 1706 qui
589 1648 687 1693 vult
717 1649 967 1707 persuadere
1000 1664 1128 1707 quam
1160 1651 1268 1694 bona
1299 1651 1424 1704 fama,
1457 1654 1501 1695 et
1532 1651 1771 1696 bonisesse
1802 1653 1931 1708 mori·
2000 1674 2002 1677 ·

353 1721 434 1763 bus
475 1719 662 1777 aliquem
706 1724 756 1763 ut
797 1721 1018 1764 credamus
1059 1723 1152 1765 cani
1193 1723 1285 1765 eius
1315 1722 1459 1780 capilli
1491 1726 1534 1766 et
1564 1736 1698 1780 rugae
1727 1722 1929 1776 efficiunt,

352 1791 416 1834 De
446 1793 682 1835 cincinnato
714 1796 757 1835 et
786 1792 968 1835 imberbi
1000 1792 1311 1836 adolescentulo
1340 1795 1484 1837 minus
1515 1807 1664 1837 sumus
1695 1795 1845 1838 securi.

416 1936 548 1982 7900
594 1938 776 1982 Notatur
806 1943 988 1990 γυναῖκα
1019 1953 1094 1995 pro
1128 1938 1482 1995 „mulierculam”>
1515 1939 1728 1996 positum„

416 2083 552 2128 790D
600 2083 736 2128 Verba
777 2083 919 2140 vulpis
960 2086 1005 2128 in
1045 2088 1145 2128 nota
1177 2086 1332 2142 Aesopi
1362 2084 1507 2129 fabula
1532 2084 1636 2129 haec
1666 2084 1928 2129 referuntur:

354 2153 406 2198 ἂν
435 2155 520 2207 γὰρ
551 2157 715 2202 τούτους
746 2155 922 2206 μεστοὺς
954 2155 1220 2209 ἀπαλλάξῃς,
1250 2154 1372 2210 ἕτεροι
1406 2156 1594 2210 προσίωσι
1626 2159 1853 2204 πεινῶντες.

413 2225 502 2268 Aut
542 2229 639 2282 post
668 2226 846 2276 μεστούς
877 2226 1148 2270 inserendum
1178 2226 1312 2279 ὄντας,
1345 2231 1434 2279 aut,
1465 2227 1576 2283 quod
1607 2227 1746 2284 magis
1775 2225 1928 2284 placet,

353 2295 445 2344 τούς
477 2295 706 2353 legendum
737 2310 812 2353 pro
845 2296 1023 2345 τούτους.

415 2429 549 2475 ’79οΕ
595 2431 733 2475 Nemo
764 2431 812 2475 fit
843 2432 1100 2488 reipublicae
1129 2433 1337 2490 gerendae
1367 2434 1530 2490 peritus
1558 2433 1715 2488 σχολὴν
1741 2432 1830 2487 περ)
1857 2448 1928 2477 πο-

353 2502 512 2550 λιτείοις
546 2503 584 2544 ἐν
616 2503 774 2556 Λυκείῳ
806 2503 1089 2557 γραψάμενος.

413 2573 479 2616 En
522 2572 680 2617 Graece
727 2575 901 2627 (σχολὴν
948 2574 1202 2628 γράφεσθαι)
1248 2575 1359 2632 quod
1409 2589 1526 2619 nunc>
1570 2575 1751 2619 studiosi
1795 2576 1929 2618 nostri

355 2642 542 2695 „dictata
583 2645 752 2687 tenere”
795 2645 943 2688 dicunt
984 2646 1064 2688 hoc
1106 2659 1253 2690 sensu:
1291 2645 1500 2696 „fideliter
1530 2646 1700 2693 chartae
1729 2644 1927 2693 mandare

354 2728 626 2771 quaecunque
658 2729 708 2758 ex
739 2729 809 2759 ore
841 2717 1037 2773 magistri
1069 2715 1313 2759 excidunt.''

415 2859 546 2904 '790F
589 2861 606 2904 ὅ
639 2861 843 2910 πολιτικὸς
879 2893 888 2905 .
909 2894 918 2905 .
938 2893 947 2905 .
981 2861 1170 2915 πράττων
1202 2862 1258 2905 τὰ
1290 2861 1401 2905 κοινοὶ
1434 2862 1503 2905 καὶ
1534 2862 1684 2905 διοικῶν
1716 2862 1926 2907 ἐπευθύ-

355 2947 429 2974 νει
461 2931 529 2973 τόν
560 2931 656 2985 νέον,
690 2931 817 2985 ἔργοις
850 2930 942 2983 ἅμα
977 2933 1044 2975 καὶ
1077 2933 1215 2984 λόγοις
1248 2932 1534 2984 πλαττόμενον
1565 2933 1843 2987 ἐμψύχως.

413 3002 635 3046 Edendum
666 3003 805 3046 fuerat
834 3017 933 3046 cum
963 3003 1015 3046 R.
1047 3004 1260 3048 ἀπευθύνει
1291 3007 1335 3048 et
1363 3003 1574 3058 ἐμψύχοις
1601 3017 1700 3048 cum
1731 3003 1795 3048 M.
1843 3048 1845 3051 ,
