2002 3372
869 174 954 218 201

181 296 320 341 438A
364 297 460 342 Nisi
500 297 619 341 adest
659 298 825 340 iustum
869 300 1258 353 temperamentum
1301 297 1478 352 spiritus
1520 298 1563 337 et
1610 294 1715 337 divi-

119 369 250 413 nandi
279 367 498 412 facultatis
531 369 697 420 ἀνάγκη
732 401 741 411 .
763 401 772 411 .
793 400 803 411 .
835 368 903 410 τὸν
937 370 1223 417 ἐνθουσιασμὸν
1258 368 1316 417 μὴ
1349 366 1567 418 γίγνεσθαι
1601 366 1624 415 ἢ
1652 367 1716 417 γί-

117 441 286 492 γνεσθαι
319 441 556 494 παράφορον
589 441 657 482 καὶ
693 441 763 482 οὐκ
795 440 980 490 οὶκέροιιον
1015 439 1083 480 καὶ
1119 438 1355 492 πρακτικόν.

178 512 263 555 Pro
285 510 443 555 ultimo
470 510 676 555 vocabulo
703 511 925 554 Turnebus
950 513 1138 566 reposuit
1162 509 1422 561 ταρακτικόν,
1447 508 1560 566 quod
1579 507 1713 565 vulgo

116 584 336 640 reoipitur.
378 581 461 626 Sed
493 582 572 626 hoo
605 597 687 625 non
720 583 944 639 confusum,
976 596 1059 638 quo
1091 582 1160 624 hic
1193 596 1300 638 opus
1332 580 1454 631 foret,
1488 579 1713 637 significat,

119 667 273 698 verum
303 654 569 710 confundens.
603 653 687 696 Hic
717 667 886 710 quoque
919 654 1133 705 κρακτικόν
1163 651 1396 709 legendum
1430 653 1634 708 suspicor,
1666 654 1717 693 ut

119 726 360 782 auspicatus
382 738 480 767 sum
503 725 698 778 Quomodo
715 724 904 766 adulator
921 739 961 781 p.
983 723 1039 767 '74
1052 725 1103 767 A.
1137 723 1288 766 Falsus
1304 723 1379 767 ille
1396 724 1715 766 enthusiasmus

118 810 203 840 non
244 795 440 853 loquitur
479 796 552 839 sed
583 796 731 838 clamat
762 801 804 839 et
837 810 941 839 voce
975 795 1149 852 quidem
1183 809 1343 852 aspera.
1387 795 1574 852 Egregie
1606 794 1714 837 illud

116 866 363 910 illustratur
388 869 583 923 sequenti
609 868 874 910 narratione:
903 866 1131 924 quondam,
1159 881 1259 909 cum
1284 881 1368 909 non
1397 868 1476 909 rite
1504 866 1715 909 habebant

121 939 279 990 omnia,
311 938 527 982 descendit
557 938 745 995 quidem,
778 939 851 982 sed
882 940 1023 981 invita
1052 940 1098 980 in
1129 952 1259 981 suum
1292 937 1512 981 oraculum
1545 938 1714 995 Pythia,

121 1009 237 1056 εὐθὺς
271 1009 312 1052 δὲ
345 1010 434 1063 περὶ
467 1011 548 1057 τὰς
581 1011 745 1062 πρώτοις
779 1011 1010 1062 ἀποκρίσεις
1044 1007 1087 1058 ἦν
1117 1011 1367 1062 καταφανὴς
1402 1016 1451 1062 τῇ
1480 1009 1710 1061 τραχύτητι

119 1087 194 1131 τῆς
235 1087 372 1134 φωνῆς
416 1083 486 1125 οὐκ
530 1083 795 1133 ἀναφέρουσα
837 1081 948 1131 δίκην
993 1082 1082 1129 νεὼς
1129 1082 1415 1132 ἐπειγομένης,
1449 1083 1611 1123 οὶλοὶλου
1645 1081 1713 1123 καὶ

121 1155 249 1196 κακοῦ
281 1156 515 1202 πνεύματος
549 1150 650 1216 οὖα-οι
683 1153 856 1203 πλήρης.

179 1222 553 1281 Comparationem
585 1226 714 1268 istam
746 1239 846 1268 oum
877 1238 986 1268 nave
1020 1226 1093 1267 vix
1124 1223 1336 1282 intelligo,
1369 1224 1442 1267 sed
1475 1225 1615 1267 verbis
1647 1226 1716 1267 οὐκ

122 1296 385 1350 ἀναφέρουσα
425 1296 504 1339 hoc
548 1295 632 1339 diei
674 1298 951 1353 perspicuum
989 1302 1075 1339 est:
1112 1296 1300 1352 „Pythia
1333 1298 1399 1338 sui
1431 1310 1603 1352 compos
1634 1311 1718 1339 non

121 1372 226 1420 erat,
258 1367 311 1411 ad
341 1381 386 1410 se
417 1367 554 1411 redire
585 1382 667 1410 non
700 1367 912 1424 poterat'’.
946 1367 1146 1410 Reiskius
1178 1381 1280 1424 ergo
1313 1382 1388 1424 pro
1424 1369 1587 1410 ἀλάλου
1619 1371 1719 1412 scri-

124 1437 227 1482 bens
268 1438 368 1481 ἀλλ’
412 1440 546 1480 ἀλαοῦ
590 1437 847 1495 particulam
889 1439 1010 1481 nobis
1050 1438 1224 1495 praebet
1263 1439 1362 1482 hino
1394 1438 1603 1482 alienam:
1636 1455 1719 1483 non

122 1511 239 1554 enim
269 1510 484 1566 opponitur
515 1525 627 1553 nuno
659 1509 834 1566 aliquid,
870 1510 942 1553 sed
975 1511 1080 1552 ratio
1110 1511 1296 1553 redditur
1326 1525 1402 1553 our
1432 1511 1484 1554 ad
1512 1526 1556 1554 se
1581 1511 1718 1555 redire

121 1596 204 1626 non
230 1583 420 1639 potuerit
444 1581 620 1640 Pythia.
653 1581 918 1638 Corruptum
946 1588 1090 1625 tamen
1116 1596 1206 1626 esse
1233 1585 1396 1625 ἀλάλου
1413 1584 1522 1625 mihi
1539 1589 1718 1636 constat,

121 1667 198 1711 pro
237 1668 322 1711 quo
365 1668 537 1711 prorsus
580 1656 842 1697 contrarium
884 1656 1016 1697 λοὶλου
1049 1654 1339 1711 reponendum
1371 1669 1542 1698 censeo:
1577 1654 1719 1699 malus

120 1726 204 1769 iste
233 1727 386 1783 genius
418 1740 502 1769 non
532 1724 788 1783 loquebatur
820 1725 893 1769 sed
926 1727 1056 1770 verba
1086 1726 1291 1770 fundebat
1323 1741 1449 1770 sensu
1480 1741 1609 1770 cassa.
