1930 3354
1039 292 1125 338 628

356 416 522 460 1124D
560 412 656 467 ὅθεν,
683 413 814 466 ὥσπερ
841 415 874 456 οἱ
897 415 986 466 περ)
1012 415 1058 457 τὸ
1086 416 1185 458 θεῖον
1207 417 1602 468 πλημμελήσαντες,
1621 410 1869 471 ἕξὴψῦων

293 487 348 530 τὰ
382 488 527 529 ἑαυτοῦ
560 485 671 528 κακοὶ
704 489 972 532 τελευτῶντος
1004 484 1076 536 ἤδη
1109 489 1179 528 τοῦ
1211 485 1383 536 βιβλίου
1415 483 1754 539 Φησὶνιῦτι-’ἡῆὲ
1816 518 1818 520 v

352 558 456 600 Post
496 558 876 607 πλημμελήσαντες
918 570 1002 599 11011
1042 556 1189 601 dubito
1231 558 1334 614 quin
1376 557 1688 601 huiuscemodi
1706 557 1868 616 mquid

293 628 517 670 exciderit:
551 630 817 673 τελευτῶντος
852 628 922 668 τοῦ
953 626 1046 678 βίου
1079 627 1232 670 ἑαυτῶν
1263 630 1568 680 κατηγοροῦσιν
1595 627 1760 672 Vertit-‘-
1770 641 1870 686 „—g·e

290 698 367 755 liJk
416 697 643 741 menschen
685 697 751 739 die
794 701 920 754 tegen
965 697 1015 740 de
1060 696 1253 742 Godheid
1295 698 1459 741 hebben
1499 698 1743 756 gezondigd
1770 700 1867 743 fizich

291 768 434 811 zelven
477 769 529 824 bij
571 767 645 810 het
677 767 772 809 eind
804 767 914 810 huns
945 766 1091 811 levens
1122 767 1370 825 aanklagen,
1404 782 1476 811 zoo
1507 767 1656 826 klaagt
1685 768 1757 825 hij*
1775 767 1867 812 isich

291 837 434 882 zelven
466 852 542 881 aan
574 852 626 894 op
659 838 733 880 het
764 837 860 881 eind
891 851 971 881 van
1003 840 1084 895 zijn·
1113 838 1234 890 boek,
1268 852 1378 881 waar
1407 839 1464 896 hij
1494 843 1593 896 aegla
1626 869 1638 882 .
1656 838 1742 883 ..’'.

356 982 516 1027 11270
557 983 826 1027 Metrodorus
858 984 1058 1037 ἐλεύθερον
1090 984 1192 1028 dicit
1220 998 1348 1027 suum
1378 983 1564 1037 γέλωτα,
1589 984 1668 1028 sed
1689 985 1868 1029 servitem

292 1054 473 1097 eundem
513 1058 637 1098 vocat
677 1054 946 1098 Plutarchus.
989 1054 1253 1112 Quapropter
1295 1056 1508 1108 ἐλευθέριον
1543 1058 1587 1099 et
1615 1059 1755 1122 paule
1773 1059 1870 1113 post

292 1124 506 1177 ἐλευθέριος
536 1124 766 1182 legendum
798 1139 958 1169 censeo.

949 1481 1006 1512 DE
1035 1481 1205 1514 MUSIGA.

348 1612 640 1656 Utilissimum
671 1626 760 1655 esse
791 1612 902 1655 hunc
932 1612 1093 1655 librum
1120 1614 1159 1655 ei
1186 1613 1260 1668 qui
1285 1610 1544 1655 Graecorum
1572 1611 1655 1654 arti
1680 1611 1866 1655 musicae

289 1683 595 1740 cognoscendae
623 1682 694 1725 dat
721 1696 889 1739 operam
917 1684 953 1725 si
978 1684 1072 1739 quis
1100 1681 1335 1733 contendat,
1363 1695 1445 1738 ego
1471 1682 1513 1725 ei-
1536 1690 1616 1725 11011
1643 1679 1864 1738 obloquar:

287 1756 332 1796 in
363 1756 454 1810 ipsa
487 1754 601 1796 enim
633 1756 723 1796 arte
753 1752 830 1796 illa
863 1752 987 1809 plane
1019 1753 1172 1810 hospes
1203 1766 1314 1804 sum,
1347 1766 1447 1809 ergo
1474 1751 1716 1796 0118111ᾶ11111
1731 1753 1799 1795 'sit
1813 1751 1864 1795 de

288 1838 336 1867 ea
377 1838 420 1866 re
459 1837 527 1867 me
566 1825 611 1866 in
653 1825 863 1867 utramvis
905 1827 1068 1880 partem
1111 1823 1338 1880 disputare.
1381 1822 1531 1879 Neque
1561 1821 1864 1866 hffiumeiibri

285 1897 394 1938 ratio
437 1894 645 1938 eiusmodi
686 1894 792 1937 ferat
831 1894 1187 1950 disputationem:
1232 1908 1315 1936 non
1355 1894 1470 1936 enim
1512 1892 1563 1936 de
1607 1906 1652 1936 re
1697 1893 1861 1936 musica

287 1961 459 2022 agimus
501 1965 573 2008 sed
613 1965 663 2008 de
698 1964 941 2008 Plutarcho.
987 1965 1102 2022 Ergo
1134 1966 1333 2021 quoniam
1366 1963 1418 2007 ad
1448 1964 1607 2008 librum
1637 1964 1690 2007 de
1707 1962 1863 2007 'mu-sica

287 2040 351 2079 est
390 2039 657 2092 perventum,
700 2036 802 2078 haec
839 2034 928 2078 sola
959 2036 1079 2078 nobis
1112 2034 1358 2078 tranctanda
1388 2033 1646 2090 relinquitur
1675 2034 1864 2090 quaestio

287 2109 396 2149 sitne
449 2106 668 2149 Plutarchi
713 2105 823 2148 liber
861 2105 937 2149 ille
979 2119 1031 2148 an
1073 2120 1154 2149 non
1196 2107 1264 2148 sit.
1321 2105 1402 2148 Sed
1432 2104 1536 2161 quid
1566 2117 1658 2161 >ego
1696 2103 1864 2148 multus

279 2178 355 2219 ‘hic
389 2175 499 2219 sim?
531 2176 638 2219 'I'ota
670 2177 785 2219 enim
814 2175 889 2218 illa
920 2177 1109 2232 quaestio
1142 2175 1304 2218 dudum
1336 2189 1361 2218 a
1391 2174 1661 2218 Volkmanno
1685 2176 1754 2221 ont·
1771 2187 1864 2230 pro·

285 2247 445 2303 fligata,
490 2249 564 2303 qui
605 2251 647 2289 et
679 2246 762 2289 alia
794 2246 932 2289 multa
964 2246 1085 2290 docte
1117 2250 1159 2289 et
1190 2250 1311 2289 acute
1345 2246 1539 2302 exposuit
1568 2249 1611 2290 et
1642 2243 1864 2300 Weetpha-

284 2317 395 2360 lium
421 2317 639 2369 refutavit,
669 2319 742 2374 qui
762 2318 842 2360 sibi
869 2332 916 2360 eo
940 2320 1192 2374 argumento
1212 2314 1688 2360 vindicassePlutarcho
1702 2313 1862 2359 librum

286 2390 402 2432 visus
449 2392 512 2431 est
560 2388 671 2444 quod
712 2388 971 2430 consolationi
1010 2389 1068 2430 ad
1104 2387 1360 2442 Apollonium
1399 2399 1482 2429 non
1520 2387 1587 2429 sit·
1618 2384 1861 2430 dissimilis:

286 2473 379 2501 eam
411 2460 524 2501 enim
556 2458 669 2501 haud
701 2458 826 2500 dubie
856 2457 1085 2500 Plutarcho
1116 2471 1204 2500 esse
1236 2455 1572 2500 abiudicandam.
1604 2454 1862 2508 Quom-mihi

286 2534 373 2572 tam
405 2543 556 2572 verum
586 2529 755 2572 videtur
785 2532 835 2570 ut
865 2528 1017 2571 addam
1050 2529 1086 2570 si
1117 2542 1215 2570 cum
1241 2527 1502 2569 consolatione
1528 2526 1584 2568 ad
1606 2523 1861 2580 Apollonium

286 2599 516 2655 quidquam
548 2599 655 2642 liber
685 2600 734 2641 de
757 2599 904 2641 musica
930 2598 1082 2641 habeat
1106 2610 1347 2648 commune,
1375 2597 1591 2640 satisesse
1617 2594 1862 2652 arg-umenti

286 2684 361 2713 cur
401 2684 499 2712 eum
543 2684 566 2712 a
606 2668 834 2712 Plutarcho
865 2670 1069 2724 scriptum
1102 2683 1178 2711 non
1211 2678 1300 2711 esse
1330 2668 1452 2711 nobis
1481 2669 1656 2710 constet.
1687 2663 1862 2709 Accedit

285 2745 328 2783 et
368 2740 551 2783 alterum
591 2739 795 2784 indicium
838 2753 922 2795 quo
961 2738 1064 2781 olim
1105 2742 1148 2781 et
1190 2737 1264 2780 alii
1302 2741 1344 2780 et
1376 2736 1667 2783 Volkmannus
1695 2734 1861 2781 inducti

285 2812 520 2866 genuinum
550 2810 770 2853 Plutarchi
802 2824 908 2866 opus
939 2809 1018 2852 hoc
1048 2823 1134 2852 esse
1167 2808 1460 2851 crediderunt:
1502 2806 1612 2863 quod
1643 2809 1687 2854 et
1711 2805 1787 2859 'hio
1817 2809 1860 2848 et

283 2882 329 2922 in
365 2881 665 2934 Quaeationibus
700 2880 975 2922 Convivalibus
1006 2879 1071 2932 (V,
1106 2879 1150 2932 5)
1182 2877 1445 2921 Onesicrates
1475 2890 1646 2920 coenam
1673 2877 1858 2932 praebet.

286 2952 342 2992 At
372 2953 417 2992 in
443 2951 490 3003 Q.
519 2949 567 2994 G.
595 2951 856 2993 Onesicrates
883 2949 1145 2994 Chaeroneae
1172 2949 1348 2999 habitat,
1377 2948 1446 2991 hic
1472 2946 1763 2997 Alexandriae,
1789 2946 1859 2990 hic

285 3024 349 3063 est
379 3022 567 3063 musicus
597 3022 641 3063 in
668 3020 715 3074 Q.
745 3019 791 3064 G.
819 3020 1021 3073 medicus,
1046 3021 1090 3062 in
1116 3019 1163 3072 Q.
1193 3018 1239 3063 G.
1272 3018 1492 3061 Plutarchi
1523 3018 1680 3060 dicitur
1707 3016 1859 3060 eodalie
