2002 3372
849 203 937 247 283

38 380 44 382 ,
92 340 98 366 τ
155 325 398 383 „quondam
431 326 592 370 Romae
624 340 694 370 me
723 325 969 383 disputante
999 326 1114 368 inter
1145 324 1361 368 auditores
1386 322 1526 366 adfuit
1552 322 1694 365 Rusti-

26 389 46 463 ξ
92 410 169 442 eus
208 395 301 450 ille,
342 411 471 455 quem
511 397 786 441 Domitianus
826 396 991 454 gloriae
1033 397 1125 439 eius
1171 394 1368 439 invidens
1415 392 1692 437 occidendum

38 465 43 491 ³
92 469 275 512 curavit.
300 466 423 513 Circa
447 468 636 513 mediam
663 469 899 511 orationem
927 481 1068 511 meam
1095 466 1221 510 miles
1247 465 1434 509 intrabat
1456 468 1500 508 et
1515 464 1693 507 Rustico

42 550 46 552 ’
91 539 241 584 literae
281 541 335 584 ab
376 542 636 597 imperatore
679 539 885 583 tradebat.
930 539 1001 582 Fit
1043 538 1278 589 silentium,
1312 551 1394 594 ego
1426 537 1612 579 subsisto
1642 539 1693 579 ut

21 639 22 642 =
92 624 163 656 eas
191 609 334 669 legere
365 613 518 669 possit.
549 611 647 655 Non
679 610 776 655 vult
808 610 1012 654 Rusticus
1045 610 1118 653 sed
1151 609 1326 652 demum
1360 622 1459 652 cum
1485 607 1538 651 ad
1564 606 1693 650 finem

91 683 269 740 perveni
300 695 371 726 eas
402 682 636 740 resignat.’'
664 681 852 735 (522111).

152 752 253 797 Alio
295 757 491 810 tempore
532 753 585 797 ad
626 754 743 797 hunc
782 753 929 796 locum
970 753 1222 796 redibimus.
1265 751 1392 795 Nunc
1434 750 1515 794 hoc
1556 764 1693 793 unum

91 823 192 868 inde
230 825 528 882 protrahimus
567 839 651 868 non
690 823 832 868 solum
865 826 1029 867 narrari
1060 825 1130 867 hic
1161 837 1252 866 rem
1285 837 1393 879 quae
1425 820 1565 865 multo
1595 825 1694 865 ante

92 897 298 948 evenerit,
341 895 414 939 sed
455 897 588 939 etiam
630 900 726 952 post
769 895 1008 938 Domitiani
1049 898 1234 938 mortem
1267 893 1383 936 haud
1414 906 1572 949 paucos
1603 893 1693 936 iam

90 967 361 1024 praeteriisse
393 980 539 1010 annos.

40 1087 44 1091 ,
153 1037 305 1081 Omnis
347 1051 451 1082 vero
490 1038 599 1080 mihi
630 1039 838 1080 eximitur
870 1037 1083 1080 dubitatio
1115 1050 1215 1079 cum
1247 1038 1401 1092 reputo
1434 1035 1563 1078 verba
1593 1033 1693 1078 illa:

36 1146 39 1154 ,Α
94 1110 263 1166 „patria
294 1123 392 1153 mea
420 1123 446 1152 a
476 1107 694 1153 Ohaerone
727 1112 791 1152 est
816 1107 1102 1166 transposita'’
1135 1111 1230 1150 tum
1257 1107 1433 1151 demum
1461 1107 1577 1151 vitae
1602 1106 1695 1149 fieri

90 1179 218 1238 plena
258 1194 358 1224 cum
400 1180 514 1224 dicta
554 1195 602 1224 ea
643 1180 851 1237 fingimus
881 1182 925 1223 in
958 1183 1174 1224 conventu
1205 1179 1432 1223 hominum
1465 1178 1620 1235 quibus
1652 1181 1695 1220 et

93 1249 338 1296 Chaeronea
378 1254 423 1295 et
462 1250 724 1295 Plutarchus
766 1256 868 1295 nota
909 1255 1050 1295 essent
1081 1243 1268 1302 nomina,
1303 1252 1378 1307 qui
1409 1249 1693 1292 Plutarchum

34 1367 35 1370 ,
93 1321 426 1380 „philosophum
453 1321 844 1367 Ghaeroneensem”
874 1322 1086 1380 appellare
1113 1326 1252 1365 essent
1273 1321 1405 1366 soliti.
1433 1321 1492 1363 Ut
1509 1322 1696 1364 breviter

92 1393 257 1438 dicam:
299 1395 537 1438 orationem
578 1394 686 1438 hauc
727 1394 922 1438 habitam
954 1408 1103 1438 censeo
1134 1395 1179 1436 in
1211 1393 1357 1450 aliquo
1392 1393 1594 1436 Boeotiae
1624 1406 1695 1449 op-

24 1455 31 1486 J
91 1465 207 1523 pido,
251 1465 363 1523 quod
406 1470 510 1510 tunc
540 1480 618 1509 suo
649 1467 732 1509 sibi
764 1470 925 1509 careret
959 1465 1272 1523 „philosopho”
1306 1463 1376 1508 vel
1408 1478 1492 1521 quo
1524 1462 1695 1507 Plutar-

91 1535 199 1581 chus
244 1537 298 1580 ab
345 1537 655 1594 oppidanorum
703 1538 969 1594 principibus
1014 1541 1126 1580 esset
1171 1538 1384 1579 invitatus
1425 1541 1475 1579 ut
1517 1536 1693 1586 vitium,

21 1642 24 1647 ,
91 1606 205 1666 quod
244 1606 331 1652 late
372 1621 538 1665 serpere
575 1609 637 1651 ibi
677 1609 898 1665 inciperet,
941 1622 1019 1651 sua
1059 1607 1256 1651 facundia
1289 1621 1450 1664 suaque
1480 1608 1695 1664 gravitate

19 1700 21 1702 ·
91 1677 246 1723 tollere
275 1678 448 1723 tandem
481 1683 719 1724 conaretur.

153 1750 414 1808 Quocunque
454 1755 602 1795 autem
645 1752 773 1795 modo
814 1766 881 1795 res
922 1766 966 1795 se
1000 1752 1141 1804 habet,
1174 1751 1316 1818 multa
1347 1755 1490 1794 noster
1520 1749 1694 1793 libellus

91 1835 193 1866 cum
221 1820 300 1865 illo
325 1821 378 1866 de
404 1822 662 1880 garrulitate
689 1823 819 1866 habet
847 1824 1108 1874 communia,
1135 1826 1263 1879 atque
1290 1837 1339 1866 ea
1365 1823 1478 1866 unde
1505 1823 1694 1864 maxime

25 1927 27 1930 ⁴
92 1896 234 1936 totum
267 1892 348 1937 hoc
379 1895 585 1938 orationis
615 1908 753 1951 genus
784 1899 1079 1952 cognoscatur.
1112 1894 1189 1937 Est
1222 1895 1291 1937 hic
1323 1909 1491 1951 quoque
1521 1894 1695 1938 libellus

90 1965 484 2022 praestantissimus
531 1970 662 2022 atque
706 1980 855 2009 revera
901 1965 1186 2018 utilissimus;
1230 1967 1460 2023 gravit-atis
1501 1965 1693 2009 multum

90 2036 204 2079 inest
242 2035 463 2093 simulque
505 2036 699 2080 multum
742 2037 912 2093 leporis,
951 2041 1078 2094 atque
1112 2063 1168 2069 —
1200 2037 1246 2080 id
1278 2037 1390 2094 quod
1422 2040 1611 2081 maxime
1645 2042 1695 2081 ut

91 2121 192 2152 cum
239 2109 429 2151 oratione
475 2109 620 2164 ipsum
667 2122 863 2152 amemus
905 2113 1114 2152 oratorem
1165 2109 1294 2152 efficit
1335 2134 1391 2142 -
1436 2110 1556 2152 abest
1595 2109 1695 2153 inde

93 2179 233 2223 omnis
264 2179 462 2236 superbia
493 2182 835 2238 arrogantiaque.
879 2180 1058 2237 Semper
1090 2184 1226 2223 semet
1257 2182 1398 2237 ipsum
1435 2180 1694 2225 Plutarchus

90 2250 146 2293 iis
177 2248 432 2293 adnumerat
461 2250 724 2303 hominibus,
757 2252 914 2308 quibus
944 2253 1155 2308 magistro
1186 2266 1294 2308 opus
1324 2256 1414 2305 est;
1447 2267 1560 2295 unus
1592 2267 1694 2296 vero

90 2320 211 2365 locus
234 2322 280 2364 iu
308 2321 388 2365 hoc
413 2336 568 2380 genere
596 2327 685 2366 tam
711 2322 878 2380 lepidus
905 2326 971 2366 est
996 2326 1046 2365 ut
1072 2326 1211 2366 totum
1240 2337 1338 2366 eum
1368 2323 1437 2366 hic
1463 2338 1694 2380 proponere

90 2390 261 2436 lubeat:
308 2392 470 2436 videbis
511 2408 594 2437 non
632 2395 771 2437 vereri
811 2394 1096 2437 Plutarchum
1129 2394 1180 2437 de
1213 2408 1290 2437 sua
1322 2394 1535 2451 dignitate
1565 2409 1696 2451 quan-

5 2514 8 2519 ·
91 2464 260 2508 tumvis
290 2460 483 2508 multum
516 2464 736 2509 detrahere
768 2465 1004 2509 dummodo
1036 2480 1137 2509 eum
1169 2480 1246 2509 sua
1277 2466 1460 2509 habeant
1491 2467 1694 2510 effectum

0 2547 10 2591 .'
91 2534 221 2578 verba
251 2549 336 2592 quo
369 2549 467 2578 cum
500 2538 690 2580 maxime
721 2551 827 2594 opus
859 2551 948 2580 esse
973 2537 1208 2595 intelligat.
1243 2536 1475 2580 Videamus
1502 2551 1610 2594 quae
1638 2540 1696 2581 sit

26 2629 34 2636 ·
91 2607 228 2664 ipsius
268 2608 449 2650 oratoris
490 2611 619 2651 aetas.
665 2608 757 2651 Iam
799 2613 998 2652 mortuus
1039 2614 1104 2652 est
1136 2609 1354 2660 Rusticus,
1387 2611 1461 2666 qui
1493 2623 1603 2652 anno
1636 2609 1694 2652 94

91 2681 158 2721 est
186 2678 452 2730 interfectus,
485 2683 614 2736 atque
644 2680 747 2724 adeo
778 2682 866 2724 iam
900 2682 1108 2737 temporis
1139 2679 1302 2737 aliquid
1335 2684 1433 2737 post
1458 2680 1694 2724 Domitiani

91 2753 277 2793 mortem
318 2749 498 2793 effluxit.
542 2752 649 2808 Agit
692 2765 809 2809 ergo,
849 2755 898 2794 ut
938 2753 1170 2794 minimum
1204 2751 1357 2803 dicam,
1390 2753 1693 2809 quinquagesi-

0 2861 4 2867 .
91 2834 216 2863 mum
257 2834 421 2864 annum
465 2820 723 2865 Plutarchus
734 2837 745 2875 3
794 2822 994 2879 equidem
1035 2824 1123 2865 iam
1167 2825 1440 2880 sexagenario
1487 2824 1692 2866 maiorem

92 2905 193 2935 eum
234 2890 354 2948 p'uto,
396 2892 469 2935 sed
511 2893 590 2936 hoc
623 2895 765 2945 mitto,
799 2907 899 2937 nam
931 2896 968 2937 si
998 2909 1081 2937 non
1114 2908 1254 2945 senex,
1288 2894 1360 2938 sed
1394 2895 1693 2938 tantummodo

0 3000 32 3025 ·.
92 2963 232 3006 senior
271 2977 383 3006 nunc
425 2967 502 3015 est,
546 2966 752 3008 maiorem
792 2967 946 3017 etiam,
989 2967 1026 3008 si
1066 2965 1158 3009 fieri
1197 2969 1351 3023 potest,
1390 2966 1518 3010 habet
1551 2970 1695 3010 noster
