2002 3372
835 191 919 235 197

140 321 373 365 Immemor
404 319 490 362 fuit
521 317 824 361 Demosthenei
857 318 926 359 οὐκ
957 313 1067 358 εἷπον
1100 316 1174 366 μὲν
1210 317 1364 365 ταῦτα,
1397 314 1466 356 οὐκ
1500 312 1671 365 ἔγραψα

78 393 121 436 δέ
162 392 312 444 editor,
345 405 447 434 cum
479 394 578 433 ante
611 389 649 430 ἐν
683 389 722 430 δὲ
757 388 811 441 τῷ
844 388 973 430 παντί
1004 385 1233 431 semicolon
1265 385 1447 442 ponebat
1479 398 1556 440 pro
1589 385 1674 426 vir-

76 463 197 524 gula.
239 462 362 516 Quod
393 466 540 505 autem
572 474 648 517 pro
680 458 719 502 ἓν
752 460 999 501 συνίσταται
1034 458 1283 501 Duebnerus
1316 455 1368 499 ἔνι
1404 456 1673 498 συνίστασθαι

75 534 406 586 commendavit,
433 531 724 588 recipiendum
755 545 836 574 non
864 532 1032 587 opinor:
1062 529 1176 585 quod
1202 530 1317 571 enim
1340 526 1415 570 illa
1431 528 1674 570 coniectura

74 607 250 666 praebet
282 604 420 648 multo
453 603 694 661 elegantius
724 604 817 660 ipso
852 600 1057 645 vocabulo
1091 600 1294 646 πολλάκις
1329 597 1610 656 significatur.

137 752 278 798 427Α
318 751 459 805 (Dixit
500 750 642 804 Plato)
684 751 733 796 ὡς
778 749 883 796 εἰκός
928 749 1014 790 ἐστι
1059 749 1181 791 πέντε
1223 747 1425 795 σωμάτων
1456 745 1670 796 ἰσογωνίων

0 855 16 876 κ,
74 826 144 870 καὶ
189 824 434 876 ἰσοπλεύρων
477 822 547 864 καὶ
594 821 892 874 περιεχομένων
925 819 1020 866 ἴσοις
1056 819 1274 870 ἐπιπέδοις,
1309 817 1587 870 ἐγγενομένων
1620 824 1669 870 τῇ

73 897 164 952 ὕλη,
196 897 407 943 τοσούτους
440 893 553 939 εὐθὺς
590 892 633 942 ἐξ
667 894 799 935 αὐτῶν
832 893 1157 941 ἀποτελεσθῆναι
1193 890 1383 939 κόσμους.

132 967 327 1025 Intelligi
370 967 473 1009 haee
505 980 586 1008 non
619 969 796 1022 possunt
829 966 865 1006 si
897 965 1106 1006 retinetur
1138 961 1309 1019 virgula
1341 963 1426 1004 ista
1457 964 1553 1017 post
1588 960 1672 1002 ἐπι-

73 1040 222 1091 πέδοις,
254 1031 304 1082 ea
335 1036 475 1081 deleta
505 1037 649 1080 omnia
680 1035 789 1078 fiunt
820 1034 916 1078 luce
948 1034 1138 1078 clariora.

133 1184 268 1230 4270
312 1184 358 1236 ἐξ
389 1181 439 1227 ὧν
471 1185 516 1226 τὸ
552 1182 828 1234 δωδεκάεδρον.

131 1257 229 1301 Iure
269 1255 337 1299 W.
386 1255 743 1312 praepositionem
793 1253 919 1302 delet,
968 1254 1177 1296 sententia
1225 1253 1341 1295 enim
1383 1257 1469 1294 est:
1519 1265 1667 1294 eorum

74 1334 200 1387 (quae
231 1341 358 1386 supra
389 1331 490 1370 sunt
521 1330 787 1379 enumerata)
820 1339 956 1368 unum
989 1329 1053 1367 est
1085 1323 1408 1367 dodecaedrum.

134 1474 289 1520 427E'
314 1477 540 1526 πανταχοῦ
582 1474 628 1516 τὸ
671 1471 1030 1525 προϋφιστάμενον
1073 1470 1137 1513 ἀεὶ
1172 1474 1276 1514 ποῖσι
1311 1477 1394 1518 τοῖς
1430 1470 1572 1518 ἄλλοις
1607 1472 1667 1514 εὐ-

71 1548 198 1600 πόρως
230 1548 431 1600 παρέχειν
462 1548 534 1595 τὴν
568 1544 725 1597 γένεσιν
760 1544 804 1586 εἰς
837 1549 909 1591 τῆς
945 1543 1203 1595 μεταβολῆς.

131 1620 180 1664 L.
209 1620 372 1672 εὔπορον
399 1622 474 1672 (so.
505 1618 631 1670 ἒστι);
660 1616 774 1673 quod
801 1618 921 1673 prius
948 1617 1095 1659 existit
1110 1615 1359 1672 facultatem
1385 1616 1500 1657 babet
1527 1619 1667 1659 cetera

1 1719 6 1731 ι
67 1689 330 1749 procreandi.

0 3041 2 3054 -
0 2792 8 2976 —v—-vv-
0 2623 9 2783 ——p—--
0 2450 9 2611 αν--ή-Π
0 2354 7 2438 --—·-
0 1839 10 2344 -o--u-v—-v-—n———spwwssn-
0 1791 8 1819 .--

127 1827 262 1873 4310
306 1826 456 1880 „Nihil
488 1825 635 1870 aliud'’
670 1826 924 1868 Ammonius
951 1827 1011 1867 ait
1040 1810 1249 1877 „daemon
1275 1829 1340 1868 est
1366 1839 1495 1882 quam
1523 1827 1665 1869 anima

65 1905 159 1944 αέα·
187 1901 346 1952 induta,
383 1903 430 1942 ut
460 1913 561 1942 cum
593 1897 780 1941 Hesiodo
812 1895 1014 1953 loquar'':

126 1973 214 2024 ἐμοὶ
261 1972 336 2022 μὲν
377 1972 475 2023 γὰρ,
518 1966 563 2013 ἣν
607 1967 807 2020 ἄνθρωπος
843 1967 930 2020 ἔχει
968 1967 1168 2020 διαφορὰν
1201 1967 1296 2018 πρὸς
1332 1967 1534 2019 ἄνθρωπον
1570 1969 1663 2011 ὑπο-

65 2044 291 2097 κρινόμενον
333 2042 567 2095 τραγῳδίαν
613 2041 634 2090 ἢ
679 2039 908 2092 κωμῳδίαν,
942 2041 1097 2097 ταύτην
1130 2038 1241 2092 ἔχειν
1274 2041 1383 2082 δοκεῖ
1414 2043 1533 2093 ψυχὴ
1568 2041 1662 2092 πρὸς

65 2117 208 2171 {buxin
241 2113 585 2163 ἐνεσκευασμένην
618 2114 740 2162 σῶμα
775 2114 829 2165 τῷ
862 2112 1029 2164 παρόντι
1063 2111 1140 2165 βίῳ
1174 2111 1411 2165 πρόσφορον.

125 2187 264 2231 Verba
303 2186 426 2241 ψυχή
469 2185 564 2237 πρὸς
607 2199 631 2228 a
673 2183 896 2242 Xylandro
937 2186 1096 2226 inserta
1127 2188 1238 2235 sunt,
1272 2184 1343 2227 sed
1376 2186 1540 2241 optimo
1571 2187 1664 2228 iure

68 2258 134 2302 W.
173 2263 249 2302 aut
281 2262 499 2315 praeterea
530 2261 626 2313 post
660 2258 780 2308 ψυχή
811 2255 1087 2299 inserendum
1118 2258 1257 2307 γυμνή
1291 2260 1446 2307 censet,
1481 2260 1556 2299 aut
1589 2271 1664 2313 pro

68 2330 190 2383 ψυχή
234 2328 468 2387 legendum
509 2327 678 2378 δαίμων.
724 2326 806 2370 Sed
846 2326 1054 2370 suffieitne
1086 2326 1270 2383 simplex
1302 2327 1412 2370 illud
1445 2327 1663 2380 ἄνθρωπος,

68 2415 123 2446 an
165 2400 267 2445 huic
306 2414 474 2458 quoque
515 2399 786 2442 substantivo
826 2398 1090 2442 adiectivum
1130 2398 1268 2452 (velut
1302 2398 1450 2453 ἄλλος)
1490 2404 1554 2443 est
1595 2400 1665 2443 ad-

68 2470 285 2517 tiendum?

130 2609 266 2653 431E
309 2609 525 2652 Invitatus
557 2609 609 2652 ab
641 2608 871 2651 Ammonio
903 2607 1084 2665 aliisque
1118 2614 1167 2652 ut
1199 2624 1311 2652 nuno
1343 2618 1538 2653 accurate
1569 2625 1663 2667 pro-

67 2685 198 2740 ponat
229 2695 336 2739 quae
367 2680 472 2725 olim
503 2682 662 2737 raptim
690 2684 733 2723 et
758 2679 1026 2738 negligenter
1052 2695 1152 2723 cum
1179 2682 1420 2738 hospitibus
1448 2682 1663 2726 Lebadeae

69 2753 320 2810 disputavit,
353 2754 414 2796 sio
446 2753 598 2808 incipit
632 2751 853 2808 Lamprias
885 2751 1203 2806 (Plutarchus):

131 2825 201 2868 κα)
245 2826 326 2875 μὴν
367 2825 449 2867 οὶπὸ
483 2825 617 2877 τύχης
651 2826 770 2875 τινός,
803 2822 830 2866 ὦ
865 2825 1090 2876 Ἀμμώνιε,
1124 2830 1205 2871 τοῖς
1239 2825 1332 2867 τότε
1358 2825 1504 2876 ’λόγοις
1539 2827 1662 2874 αὐτὸς

70 2897 206 2951 ἆρχήν
238 2912 330 2939 τινα
363 2895 432 2939 καὶ
468 2895 637 2946 παροδον
670 2895 903 2942 ἐνδέδωκας.

130 2968 247 3012 Haeo
290 2969 349 3011 sio
383 2968 450 3011 W.
495 2969 647 3011 vertit:
694 2968 787 3019 „iis,
831 2982 937 3024 quae
970 2971 1064 3011 tum
1098 2967 1315 3025 disputata
1347 2974 1459 3021 sunt,
1494 2971 1583 3027 ipse
1616 2973 1665 3014 tu
