2002 3372
885 245 974 290 257

130 369 326 427 genitivo
357 372 435 411 τῶν
466 367 607 411 ἄλλων
638 367 737 422 (hoc
767 381 916 412 sensu:
959 382 1076 425 quam
1111 368 1202 422 alii)
1233 369 1372 426 iungi,
1405 371 1455 411 ut
1487 368 1567 411 hoc
1599 369 1734 426 signi-

129 439 303 484 ficetur:
337 440 491 493 „multo
522 439 688 492 melior,
720 441 840 496 peior
866 439 1058 491 simm.’'‚
1087 439 1161 483 sed
1188 440 1271 493 hic,
1301 441 1376 483 ubi
1403 441 1448 483 in
1476 440 1734 496 comparandi

130 512 295 556 ratione
334 513 427 555 tota
467 524 534 554 res
576 511 763 555 vertitur
803 511 946 563 (αὐτὸν
989 511 1121 565 ἐαυτῷ
1162 512 1573 564 συγκρίνωμεν),
1604 510 1735 554 credi-

131 581 268 627 derim
299 581 427 626 solito
457 581 734 626 librariorum
764 596 906 625 errore
940 582 1194 626 ἀθλιώτατον
1221 597 1274 626 ex
1301 583 1539 636 ἀθλιώτερον
1566 587 1732 626 natum.

191 724 306 769 'l'um
339 727 584 778 „certamen
614 726 897 769 instituamus
923 727 1111 783 corporis
1137 728 1355 784 animique
1382 726 1433 770 de
1461 728 1551 770 suis
1577 726 1733 771 malis’'

131 798 206 840 ait.
239 796 366 849 „Non
397 795 566 840 inutilis
599 810 648 840 ea
679 811 746 840 res
778 797 850 840 sed
883 811 967 854 qua
998 799 1186 842 maxime
1219 799 1341 842 nobis
1373 813 1480 856 opus
1512 802 1599 850 est;
1628 800 1735 841 scire

131 868 248 912 enim
288 870 480 924 oportet:
524 867 691 920 πότερον
738 868 805 912 διὰ
848 870 922 918 τὴν
967 868 1102 922 τύχην
1143 869 1166 919 ἣ
1212 870 1260 912 δι’
1290 870 1461 918 ἑαυτοὺς
1494 871 1735 923 ἀθλιώτερον
1772 884 1782 894 ’

131 937 310 993 {finest-

192 1009 410 1054 Miramur
450 1010 522 1054 hic
554 1011 697 1054 subito
718 1011 923 1067 fortunae
954 1013 1075 1055 iniici
1105 1014 1383 1065 mentionem,
1417 1013 1488 1056 sed
1524 1012 1734 1070 quomodo

131 1081 329 1127 decurrat
354 1082 590 1140 disputatio
616 1087 682 1126 sat
708 1083 813 1126 bene
840 1087 983 1126 tamen
1010 1082 1318 1141 intelligimus.
1347 1083 1416 1127 Sic
1434 1086 1550 1127 enim
1567 1085 1733 1141 pergit:

193 1155 269 1206 „in
313 1167 486 1211 corpore
534 1155 709 1198 morbus
753 1156 891 1197 oritur
932 1159 1104 1206 natura,
1148 1157 1307 1199 mentis
1347 1157 1538 1212 pravitas
1580 1157 1736 1213 incipit

131 1226 226 1270 eius
255 1239 347 1269 esse
378 1239 500 1282 opus,
536 1225 687 1269 deinde
720 1226 894 1269 morbus
926 1227 1018 1269 eius
1050 1226 1143 1270 fit’'.

193 1295 290 1341 Hoc
320 1299 408 1340 est:
453 1297 519 1348 „si
550 1311 723 1354 corpore
752 1296 1012 1350 laboramus,
1045 1298 1186 1341 morbi
1217 1312 1344 1342 causa
1376 1299 1641 1342 extrinsecus
1672 1303 1738 1341 est

131 1367 277 1422 allata,
316 1382 420 1426 ergo
461 1371 565 1411 tunc
603 1368 812 1412 habemus
845 1383 921 1412 cur
950 1383 1199 1413 accusemus
1231 1369 1474 1422 fortunam3
1508 1371 1545 1413 si
1576 1373 1736 1421 mente,

135 1440 278 1484 morbi
316 1453 446 1484 causa
483 1441 530 1482 in
571 1441 692 1484 nobis
733 1441 838 1498 ipsis
879 1439 1000 1493 latet,
1045 1455 1148 1498 ergo
1180 1445 1283 1484 tunc
1314 1445 1483 1498 praeter
1513 1455 1590 1485 nos
1620 1443 1736 1498 ipsos

134 1510 248 1555 nihil
277 1510 396 1556 aliud
427 1525 625 1555 accusare
656 1511 928 1568 possumus'’.
1619 1562 1630 1571 .

197 1581 412 1627 Continuo
454 1584 652 1640 sequitur
693 1583 737 1625 οὐ
780 1582 921 1635 μικρὸν
963 1583 1005 1626 δὲ
1047 1584 1144 1636 πρὸς
1187 1585 1385 1635 εὐθυμίαν
1427 1584 1594 1637 ὄφελος,
1628 1598 1736 1641 quae

132 1654 264 1699 verba
303 1655 392 1698 iam
434 1653 712 1698 laudavimus
754 1657 977 1711 tamquam
1019 1656 1154 1698 totius
1197 1655 1298 1699 libri
1339 1655 1571 1699 consilium
1604 1681 1661 1688 —
1695 1660 1739 1699 et

132 1724 363 1770 consilium
402 1725 636 1770 Plutarcho
678 1725 1010 1783 dignissimum!
1056 1752 1113 1759 —
1153 1727 1199 1770 in
1241 1727 1352 1770 clara
1394 1729 1595 1784 ponentia
1625 1727 1735 1771 luce.

132 1796 217 1841 Sed
259 1810 367 1854 quae
409 1796 628 1840 adduntur
668 1811 717 1840 ea
758 1798 937 1855 probare
979 1812 1063 1842 non
1095 1813 1285 1855 possum.
1319 1798 1431 1853 Quid
1463 1800 1579 1842 enim
1612 1813 1736 1842 suam

133 1868 215 1912 sibi
245 1868 391 1912 animo
422 1867 784 1926 tranquillitatem
815 1869 990 1913 reddere
1022 1868 1209 1913 dicitur?

196 1938 248 1983 ἂν
276 1927 443 1990 tdae'emv
474 1937 498 1994 ᾗ
532 1939 579 1982 τὸ
611 1946 764 1994 χεῖρον.

193 2009 280 2054 Hic
323 2006 507 2054 nimiam
548 2011 805 2055 brevitatem
849 2014 976 2069 aequi
1016 2013 1202 2070 bonique
1244 2013 1434 2065 consulo,
1479 2027 1740 2070 quamquam

133 2080 366 2126 admodum
398 2082 576 2126 obscure
607 2085 790 2140 scriptor
817 2083 1032 2141 significat
1059 2099 1103 2127 se
1133 2099 1217 2128 non
1244 2083 1384 2128 solum
1413 2086 1580 2141 peiores
1606 2085 1741 2128 animi

81 2175 84 2178 ·
135 2167 266 2211 quam
307 2154 495 2212 corporis
537 2167 628 2198 esse
670 2156 842 2199 morbos
880 2155 1277 2199 demonstraturum
1309 2156 1382 2199 sed
1413 2158 1547 2199 etiam
1578 2158 1740 2213 peiores

133 2223 232 2268 illos
273 2237 365 2268 esse
406 2224 629 2269 sanabiles.
665 2226 722 2269 At
754 2226 823 2269 his
854 2241 964 2283 quae
996 2230 1286 2271 annectuntur
1316 2232 1429 2271 recte
1461 2241 1552 2271 esse
1583 2227 1741 2270 tradita

134 2309 219 2340 non
263 2294 411 2339 credo:
454 2295 524 2338 και)
559 2296 800 2350 κουφότερον
832 2298 901 2340 καὶ
934 2296 1166 2350 ἄσφυκτον.
1200 2298 1298 2342 Non
1322 2297 1455 2341 latuit
1485 2300 1646 2342 vitium
1677 2299 1741 2340 in—

134 2370 381 2424 terpretem,
423 2367 499 2423 qui
531 2367 634 2410 haec
666 2367 763 2410 dat:
799 2367 1091 2425 „allevarique
1116 2370 1250 2424 possit
1282 2372 1325 2412 et
1355 2371 1523 2426 impetu
1555 2368 1740 2412 careat”.

134 2437 219 2482 Sed
259 2437 339 2482 hoc
379 2452 466 2481 non
508 2442 573 2482 est
614 2439 784 2496 explere
827 2441 984 2483 rimam
1015 2454 1169 2483 verum
1202 2440 1346 2484 fidelia
1379 2441 1600 2498 obtegere;
1637 2439 1741 2496 quid

136 2507 248 2566 quod
279 2512 452 2552 tantum
483 2512 652 2566 partem
685 2509 878 2567 obtegit?
911 2511 1125 2554 Est-cidisse
1155 2511 1234 2555 hoc
1265 2511 1352 2554 fere
1384 2511 1584 2568 equidem
1611 2509 1741 2554 credi-

136 2579 299 2624 derim:
333 2580 502 2628 δύνηται
535 2581 774 2634 γίγνεσθαι,
807 2585 858 2624 ut
892 2585 983 2625 tota
1015 2582 1118 2626 haec
1151 2583 1209 2625 sit
1241 2584 1475 2626 sententia:
1512 2581 1595 2633 „ad
1627 2585 1741 2625 tran-

137 2649 400 2708 quillitatem
432 2652 566 2695 animi
596 2651 790 2696 multum
822 2653 984 2696 confert
1017 2654 1054 2696 si
1086 2655 1272 2697 sciamus
1303 2654 1554 2697 morborum
1579 2657 1742 2697 nostro-

135 2736 238 2766 rum
275 2722 323 2766 id
364 2722 479 2780 quod
521 2724 645 2780 peius
688 2724 745 2767 sit
786 2737 925 2780 genus
967 2727 1044 2767 aut
1087 2726 1226 2768 sanari
1259 2739 1396 2781 posse,
1430 2727 1505 2768 aut
1536 2728 1649 2768 certe
1679 2726 1742 2768 ita

137 2793 320 2840 allevari
351 2798 404 2838 ut
433 2796 488 2838 iis
519 2809 604 2839 non
634 2795 974 2840 concutiamur''.

200 2939 340 2984 5001)
386 2939 547 2997 Vulpes
594 2954 695 2983 cum
743 2940 949 2996 panthera
995 2943 1162 2983 certans
1211 2943 1309 2984 utra
1353 2941 1410 2984 sit
1452 2939 1740 2994 ποικιλωτέρα,

139 3026 262 3056 suam
293 3011 382 3065 περ)
417 3011 463 3055 τὸ
499 3008 588 3060 ἦθος
622 3011 841 3064 εὐτροπίαν
876 3014 1100 3055 monstrat.

1499 3091 1540 3126 17
