2002 3372
1043 176 1131 220 264

297 303 554 355 strenueque
582 298 652 342 dat
679 312 848 355 operam
876 312 927 341 ne
955 311 1142 354 unquam
1169 300 1357 343 incurrat
1383 301 1429 343 in
1455 300 1619 343 malum
1643 299 1753 344 illud
1769 301 1882 359 quod

295 384 461 426 semper
491 370 628 412 cuivis
660 372 806 424 poetae
834 371 876 410 et
903 369 1098 424 scriptori
1124 369 1370 413 insidiatur:
1400 370 1669 413 audientium
1694 373 1880 415 satietas.

297 439 378 482 Sed
419 438 583 495 garruli
624 453 758 495 usque
799 439 992 494 repetitis
1033 441 1120 482 suis
1163 441 1475 483 narrationibus
1505 454 1627 484 aures
1657 441 1882 486 hominum

296 510 491 567 implent,
535 509 655 554 velut
696 511 732 551 si
764 512 1000 552 atramento
1032 510 1389 554 commacularent
1418 510 1580 554 nullius
1610 513 1737 568 pretii
1766 511 1882 556 char-

298 580 454 623 tulas.’'

359 650 440 694 Sed
483 651 668 693 maxime
711 648 822 692 illud
864 649 1089 692 consilium
1132 665 1214 694 non
1245 651 1446 695 monendi
1479 651 1616 694 solum
1649 651 1721 696 sed
1748 653 1883 696 ¹etiam

299 720 532 763 delectandi
574 719 803 776 multiplex
844 721 1096 777 variumque
1138 721 1384 765 auditorum
1427 736 1584 779 genus,
1631 723 1706 778 qui
1746 737 1884 779 neque

301 804 445 835 omnes
485 790 778 847 philosophiae
821 790 922 833 dant
962 805 1135 847 operam
1155 792 1157 794 ’
1174 806 1309 848 neque
1350 792 1470 835 illius
1511 793 1592 836 sibi
1624 795 1884 851 magistrum

301 863 599 918 expetiverunt
644 860 939 914 Plutarchum,
985 861 1082 904 inde
1129 861 1266 905 elucet
1313 863 1423 919 quod
1472 863 1710 907 Homerum
1755 877 1884 907 suum
1951 903 1960 910 .

300 933 496 974 imitatus
526 935 617 973 tam
649 932 754 974 bene
785 933 1003 974 varietatis
1047 932 1173 975 habet
1215 934 1436 976 rationem.
1478 932 1622 990 Usque
1653 947 1763 978 nova
1793 933 1887 978 offe-

301 1006 455 1045 runtur
506 1001 699 1058 exempla
752 1010 934 1058 quorum
985 1002 1156 1045 nullum
1203 1018 1286 1046 non
1332 1006 1549 1060 proposito
1594 1018 1670 1048 suo
1721 1005 1886 1062 aptissi-

303 1087 438 1124 mum,
475 1086 574 1115 nam

423 1150 598 1186 monent
629 1147 864 1200 praecepta,
897 1157 1042 1186 secum
1073 1144 1269 1200 exempla
1302 1145 1499 1189 homines
1530 1146 1721 1198 trahunt,

303 1218 346 1257 et
377 1215 455 1257 hoc
486 1228 651 1270 semper
682 1218 779 1257 ante
810 1213 955 1257 oculos
988 1215 1113 1257 habet
1146 1215 1214 1257 hic
1245 1219 1398 1266 orator,
1432 1217 1506 1272 qui
1535 1229 1756 1273 nunquam
1785 1215 1888 1260 obli·

304 1287 483 1329 viscitur
531 1284 669 1328 multo
715 1287 920 1328 maiorem
963 1285 1208 1328 auditorum
1251 1300 1426 1330 suorum
1468 1290 1632 1343 partem
1673 1285 1888 1330 indoctam

304 1371 392 1400 esse
434 1356 659 1398 homiuum
701 1355 882 1412 plebem,
925 1357 1000 1412 qui
1039 1370 1257 1412 nunquam
1290 1356 1583 1413 philosophiae
1614 1358 1700 1400 sint
1730 1358 1890 1400 initiati

306 1428 537 1484 mysteriis.
580 1426 682 1469 Inde
724 1441 821 1470 vere
853 1426 1115 1469 admirabilis
1144 1426 1221 1469 illa
1251 1427 1663 1471 narratiuncularum
1694 1429 1814 1485 copia
1845 1431 1887 1470 et

305 1499 501 1541 varietas.
545 1497 734 1549 Quarum
776 1496 882 1540 aliae
925 1501 1024 1540 sunt
1065 1497 1200 1553 vulgo
1233 1502 1370 1551 notae,
1403 1500 1570 1555 saepius
1601 1498 1714 1556 apud
1743 1500 1887 1555 ipsum

305 1568 588 1611 Plutarchum
636 1568 856 1624 leguntur,
903 1572 1046 1611 nostra
1094 1583 1259 1625 quoque
1300 1573 1437 1612 aetate
1479 1569 1660 1613 volitant
1700 1583 1775 1626 per
1815 1583 1889 1612 ora

305 1641 502 1682 virorum
543 1640 617 1694 qui
653 1637 814 1694 aliquid
846 1639 1002 1681 habent
1032 1638 1316 1691 literularum,
1350 1639 1457 1683 aliae
1488 1641 1667 1684 rariores
1697 1644 1798 1684 sunt
1828 1653 1889 1683 re-

305 1709 655 1765 conditioresque‚
694 1709 806 1765 apud
837 1708 977 1752 solum
1007 1711 1285 1752 inveniuntur
1315 1709 1595 1754 Plutarchum
1627 1712 1686 1754 sic
1718 1724 1889 1754 exorna-

306 1784 387 1830 tae,
419 1779 656 1835 pleraeque,
691 1783 817 1836 atque
849 1793 921 1823 eae
953 1793 1059 1835 quae
1091 1782 1271 1822 maximi
1302 1784 1401 1823 sunt
1433 1783 1654 1834 momenti,
1686 1782 1764 1825 hoc
1797 1780 1887 1824 solo

305 1850 510 1906 leguntur
540 1849 646 1892 loco.
690 1849 771 1892 Sed
802 1850 880 1893 hoc
911 1865 1135 1893 commune
1166 1851 1324 1894 habent
1356 1866 1501 1895 omnes
1532 1852 1644 1908 quod
1675 1853 1889 1909 proposito

307 1935 383 1963 suo
415 1924 514 1962 sunt
545 1922 801 1976 aptissimae,
834 1921 945 1977 quod
977 1921 1191 1978 legentem
1223 1936 1369 1965 revera
1400 1922 1551 1966 docent
1575 1922 1748 1980 aliquid,
1777 1922 1888 1979 quod

305 1994 366 2034 ita
398 1994 694 2047 proponuntur
724 1995 774 2034 ut
806 2005 904 2034 eum
937 1996 979 2034 et
1010 1997 1307 2036 commoveant
1337 1997 1380 2036 et
1411 1993 1638 2037 detineant.
1671 1993 1761 2037 Has
1787 2007 1888 2050 ergo

306 2076 452 2104 omnes
493 2062 583 2113 hic,
629 2063 671 2103 in
723 2062 806 2105 duo
846 2062 923 2105 illa
963 2063 1122 2106 divisas
1162 2078 1319 2120 genera
1361 2064 1430 2107 vel
1473 2065 1609 2108 obiter
1649 2064 1720 2109 vel
1761 2064 1888 2122 paulo

306 2134 543 2175 accuratius
584 2132 787 2175 referam:
837 2134 1057 2176 miraberis
1099 2137 1268 2176 tantum
1310 2148 1456 2177 earum
1497 2149 1726 2178 numerum
1760 2148 1888 2178 suum

306 2204 388 2245 sibi
417 2202 558 2245 locum
591 2204 803 2246 invenisse
828 2205 871 2245 in
897 2203 1042 2247 libello
1070 2206 1143 2260 qui
1170 2219 1252 2247 non
1278 2205 1374 2261 plus
1401 2207 1580 2262 triginta
1606 2205 1710 2249 duas
1734 2205 1890 2262 implet

306 2275 484 2330 paginas
511 2273 834 2316 Teubnerianas.
867 2273 950 2317 Sed
977 2274 1056 2317 hoc
1082 2277 1376 2331 praemittam:
1404 2276 1598 2319 consulto
1613 2291 1695 2319 non
1711 2279 1887 2333 tangam

307 2345 598 2400 quaestionem
643 2344 756 2387 unde
797 2358 942 2387 omnes
983 2345 1105 2388 hasce
1147 2346 1298 2389 habeat
1339 2345 1529 2397 fabellas,
1570 2346 1732 2390 nullius
1773 2348 1888 2390 enim

306 2417 512 2458 momenti
540 2428 587 2457 ea
613 2419 675 2457 est
700 2430 798 2458 cum
826 2416 1106 2471 componendi
1134 2420 1269 2459 artem
1297 2430 1380 2473 qua
1406 2418 1449 2459 in
1471 2418 1640 2473 scriptis
1655 2416 1886 2460 moralibus

305 2485 562 2528 Plutarchus
592 2499 695 2528 usus
728 2488 791 2528 est
823 2500 899 2528 suo
932 2487 999 2528 vis
1030 2488 1252 2529 aestimare
1284 2488 1434 2543 pretio,
1466 2488 1549 2530 nisi
1580 2488 1688 2530 forte
1718 2492 1887 2530 conten-

306 2556 401 2598 dere
442 2556 563 2599 lubet
603 2555 886 2599 Plutarchum
928 2571 1072 2599 omnes
1115 2559 1365 2600 immutatas
1402 2557 1631 2614 eodemque
1662 2557 1805 2601 ordine
1836 2572 1887 2601 ex

305 2627 446 2682 aliquo
488 2628 730 2682 ceteroquin
771 2627 1213 2683 ignoto‘transtulisse
1244 2632 1413 2671 auctore
1445 2653 1501 2660 -—
1534 2628 1586 2671 ad
1617 2642 1708 2671 eam
1741 2632 1886 2672 autem

305 2697 555 2752 sapientiam
597 2697 786 2739 nondum
818 2699 1043 2753 quisquam
1076 2701 1218 2741 nostra
1249 2698 1469 2755 prolapsus
1499 2701 1563 2742 est
1593 2701 1742 2742 aetate.
1775 2699 1886 2742 Nam

303 2767 562 2822 compendiis
589 2768 963 2824 conspectibusque
993 2772 1077 2811 tam
1108 2771 1399 2812 narrationum
1426 2783 1553 2825 quam
1578 2771 1885 2812 sententiarum

304 2839 406 2891 quin
454 2852 555 2880 usus
602 2839 658 2880 sit
706 2838 961 2881 Plutarchus
1009 2841 1104 2894 quis
1152 2838 1344 2882 dubitet?
1392 2839 1500 2892 Quid
1547 2838 1657 2895 quod
1702 2841 1793 2895 ipse
1828 2865 1884 2871 —

302 2907 660 2961 quemadmodum
693 2907 796 2950 alibi
828 2910 915 2950 iam
948 2909 1135 2951 diximus
1170 2933 1223 2940 --
1257 2911 1346 2965 ipse
1374 2909 1453 2951 sibi
1481 2908 1689 2952 eiusmodi
1717 2911 1884 2966 paravit
