2002 3372
834 252 920 298 3¹77

0 427 1 430 ,
78 376 437 437 ettibiwdemum
480 391 580 422 cum
621 376 854 420 Plutarcho
887 382 952 420 est
982 392 1246 435 congressus.
1279 377 1359 420 [lle
1395 382 1538 421 tamen
1570 379 1674 434 quid

76 450 376 501 tntum2:asset
395 449 501 499 ‚iam
531 450 577 492 in
607 448 749 492 media
781 449 867 500 via,
899 447 1132 505 Tanagrae,
1165 451 1437 506 cognoverat,
1471 448 1546 491 ubi
1578 449 1672 491 sub-

18 551 20 563 ;
76 519 193 563 stitit
238 519 354 576 apud
400 519 659 573 θυγατριδῆν,
713 533 800 576 quo
843 519 1051 563 vocabulo
1098 520 1327 577 Lampriae
1373 519 1442 564 vel
1484 519 1675 563 Timonis

78 589 491 648 filiamnsignffioari
532 590 764 648 prudenter
805 590 1099 634 Volkmannus
1130 593 1362 648 perspexit.
1404 591 1676 648 Simulatque

79 660 413 712 Athamania
443 662 556 707 hunc
582 661 780 707 libellum
808 663 936 705 uxori
962 677 1063 706 suae
1091 664 1324 720 componit.
1357 663 1421 706 En
1449 665 1675 720 egregium

18 774 22 779 .
77 731 237 778 mentis
267 731 510 785 modicum,
551 734 627 790 qui
671 737 763 776 tam
804 732 989 776 efficacia
1029 734 1218 778 remedia
1248 748 1416 791 semper
1446 741 1490 777 et
1518 735 1676 791 ubique

18 815 19 818 ’
77 802 368 861 iu‚.pmmptu
399 802 578 848 habeat!
610 802 865 850 Conferatur
895 805 1118 848 exordium
1149 804 1250 848 libri
1281 807 1331 848 de
1365 806 1677 863 Tranquillitate

77 873 254 925 Animi„

78 991 83 998 ,
120 943 261 1005 Υζῑῖιιιιι
283 946 345 990 sic
375 947 542 1004 pergit:

94 1017 287 1074 .fopinot
319 1018 478 1067 teiam
508 1017 665 1062 filiolae
696 1022 864 1062 nostrae
896 1020 1010 1062 iusta
1041 1019 1188 1062 fecisse
1218 1019 1346 1076 idque
1378 1021 1440 1064 ita
1473 1024 1522 1063 ut
1551 1023 1677 1076 teque

79 1102 234 1146 meque
275 1088 418 1142 decet;
461 1089 494 1133 εἰ
537 1089 579 1133 δέ
621 1106 659 1132 τι
700 1091 930 1142 βουλομένη
964 1091 1023 1142 μὴ
1055 1091 1300 1143 πεποίηκας,
1339 1093 1438 1135 ἀλλ’
1471 1091 1677 1142 ἐπιμένεις

77 1177 152 1210 την
194 1160 294 1212 ἔμην
335 1160 516 1213 γνώμην,
558 1160 629 1204 οἴει
672 1161 712 1204 δὲ
756 1161 996 1216 κουφότερον
1039 1162 1158 1205 οἴσειν
1190 1179 1340 1214 γενομε
1332 1161 1422 1215 ’,νου
1461 1180 1530 1205 και
1565 1166 1677 1206 τοῦτ’

78 1229 197 1278 ἔσται
240 1229 346 1299 δίχα
389 1232 529 1283 πάσης
571 1233 807 1286 περιεργίας
853 1250 923 1276 κοιι
968 1233 1297 1287 δεισιδαιμονίας,
1341 1232 1392 1278 ὧν
1435 1233 1585 1284 ἥκιστά
1617 1251 1675 1277 σοι

79 1297 266 1363 μέτεστι.

103 1358 255 1420 Post
283 1366 503 1428 γενομένου
546 1375 765 1435 virgulam
809 1379 933 1434 posui
973 1392 1049 1435 pro
1083 1377 1296 1431 semicolo,
1329 1378 1441 1435 quod
1472 1379 1676 1422 hactenus

77 1449 221 1494 totum
251 1445 395 1493 locum
426 1449 629 1506 corrupit.
663 1448 746 1491 Pro
779 1446 897 1491 ἔσται
930 1449 1123 1494 Naberus
1157 1449 1258 1492 ἔστω
1291 1452 1527 1508 proposuit,
1565 1451 1678 1508 quod

78 1531 104 1562 a
130 1514 500 1577 praestantissimo
526 1520 673 1563 critIco
701 1521 886 1577 recipere
914 1520 1062 1564 nolim.
1095 1521 1253 1575 Quidni
1280 1523 1394 1565 enim
1421 1522 1678 1566 Plutarchus

80 1579 299 1633 declaret
311 1603 356 1634 se
401 1595 506 1633 certo
550 1590 653 1633 seire
699 1605 879 1635 uxorem
927 1607 1050 1636 suam
1092 1607 1264 1636 omnem
1308 1608 1398 1637 esse
1441 1596 1675 1638 vitaturam

78 1658 456 1718 superstitionem?
497 1661 674 1706 Accedit
716 1663 829 1720 quod
860 1669 956 1721 post
987 1663 1100 1707 illud
1124 1665 1318 1722 futurum.
1353 1655 1534 1722 denique
1566 1670 1676 1709 recte

78 1733 274 1789 sequitur
303 1733 587 1790 imperativus
618 1734 711 1777 hic:
744 1735 879 1787 μόνον,
913 1733 940 1777 ὦ
972 1737 1114 1787 γύναι,
1147 1738 1296 1787 τήρει
1329 1737 1440 1786 κάμὲ
1470 1739 1525 1789 τῷ
1555 1738 1674 1780 πάθει

17 1829 21 1834 ·
78 1799 157 1846 κἰιὶ
163 1799 351 1853 ’Naum‘
371 1799 439 1846 ἐπ’)
458 1801 544 1848 ’τοῦ
577 1806 847 1854 καθεστῶτος.
881 1805 993 1850 Nam
1023 1807 1141 1858 μόνον
1174 1810 1282 1861 τήρει
1315 1809 1552 1866 significat:
1586 1824 1661 1860 „vi

0 1927 1 1930 Ἴ
78 1874 203 1927 tabis,
244 1873 478 1919 dummodo
519 1890 663 1921 serves
697 1909 707 1921 .
726 1909 736 1921 .
757 1909 767 1921 .
787 1878 829 1921 .'’
872 1880 987 1922 sive:
1035 1894 1186 1931 „serva
1227 1879 1353 1923 modo
1389 1879 1676 1937 tranquillum

0 1980 2 1988 ,
77 1947 287 1999 animum,
317 1947 477 1992 vitabis
507 1949 899 2006 superstitionem”.
932 1950 1081 1994 Verbis
1108 1956 1259 2005 autem,
1282 1953 1348 1994 ἐπὶ
1378 1956 1449 1995 τοῦ
1478 1954 1677 1996 καθεστῶ-

0 2010 2 2015 ’
79 2032 148 2065 τος
188 2016 421 2075 significari
463 2020 729 2077 tranquillum
771 2026 1086 2079 constantemque
1127 2023 1315 2075 animum,
1355 2038 1453 2076 non,
1486 2025 1529 2067 id
1562 2025 1676 2082 quod

0 2110 2 2113 ·
78 2086 219 2146 primo
259 2092 435 2146 aspectu
475 2093 685 2149 suspicari
727 2093 861 2149 possit
902 2092 1071 2150 aliquis,
1114 2110 1189 2137 usu
1228 2100 1424 2150 receptum
1456 2100 1499 2139 et
1528 2111 1579 2140 ex
1609 2097 1676 2140 ad-

79 2159 169 2204 dito
200 2161 312 2211 κάμέ
344 2165 521 2219 apparet
553 2167 595 2205 et
626 2177 678 2206 ex
709 2164 763 2206 iis
796 2178 902 2221 quae
935 2169 1197 2222 sequuntur:
1231 2180 1340 2224 „ego
1368 2168 1459 2223 ipse
1485 2172 1674 2211 nostram

79 2230 366 2276 calamitatem
393 2235 503 2276 tanti
529 2236 709 2278 aestimo
737 2238 888 2292 quanti
915 2240 979 2279 est
988 2250 998 2288 ς
1028 2237 1139 2294 quod
1166 2239 1202 2280 si
1229 2243 1271 2280 te
1298 2253 1535 2295 cognovero
1562 2241 1675 2283 iusto

79 2302 335 2356 tristiorem,
385 2302 431 2348 id
471 2306 581 2349 mihi
621 2308 713 2363 ipsa
754 2309 835 2351 erit
878 2307 1123 2353 calamitate
1169 2310 1380 2354 tristius''.
1434 2311 1530 2354 Hoc
1573 2326 1675 2369 ergo

0 2398 3 2407 ν
79 2374 207 2419 dicit:
253 2379 331 2427 „tu
369 2389 474 2421 cave
514 2391 568 2420 ne
610 2379 656 2420 in
687 2377 868 2422 dolendo
899 2380 1079 2423 modum
1110 2381 1365 2424 excedamus
1397 2383 1568 2426 ambo”.
1612 2383 1674 2427 De

0 2436 4 2483 ἷ
79 2445 227 2491 dativo
257 2448 314 2500 τῷ
346 2448 469 2491 πάθει
503 2447 667 2493 dubito.
701 2449 852 2503 Quidsi
884 2451 988 2502 κᾶμ’
1020 2452 1060 2494 ἐν
1092 2455 1147 2506 τῷ
1181 2453 1302 2495 πάθει
1332 2453 1558 2511 legamus?

0 1633 5 1776 ἒ

0 1786 3 1836 !

142 2590 276 2636 608O
317 2591 454 2646 Quam
493 2597 636 2637 tenere
668 2607 808 2637 amem
840 2594 994 2638 liberos
1026 2597 1138 2639 nosti
1170 2597 1368 2640 τοσούτων
1401 2614 1468 2648 μοι
1502 2599 1672 2642 παιδίων

80 2663 318 2715 ἅναταθΦῆς
365 2665 655 2716 κοινωνήσασα,
704 2665 870 2708 πάντων
917 2667 1252 2719 ἐκτεθραμμένων
1302 2668 1398 2712 οἴκοι
1447 2670 1498 2712 δι’
1540 2671 1672 2713 αὐτῶν

82 2735 207 2786 ἡμῶν,
239 2735 383 2779 τούτου
416 2736 456 2779 δὲ
491 2768 501 2779 .
523 2768 531 2779 .
553 2769 561 2780 .
582 2770 592 2780 .
625 2737 850 2788 ἀγαπητοῦ
884 2737 1156 2791 διαφερόντως
1188 2756 1256 2790 μοι
1287 2741 1520 2792 γενομένου.

126 2803 214 2856 ¹Sis}
236 2811 351 2853 recte
377 2809 615 2851 sententiae
646 2811 908 2852 structuram
939 2810 975 2852 B
1006 2812 1197 2853 restituit
1229 2812 1374 2854 τούτου
1406 2827 1482 2868 pro
1515 2812 1672 2861 τούτοις

0 2911 2 2930 ;
80 2876 276 2934 legendo.
320 2877 485 2923 Vellem
527 2878 661 2922 simul
701 2880 952 2936 praecedens
993 2881 1220 2925 semicolon
1252 2885 1297 2925 in
1326 2883 1545 2941 virg-ulam
1578 2899 1672 2927 mu-

0 2991 1 2994 ,
80 2951 224 2993 meet.
255 2949 337 2994 Sed
367 2951 413 2994 in
444 2964 494 2995 ea
525 2965 569 2994 re
600 2950 824 2995 Plutarchi
856 2952 1039 2996 editores
1070 2955 1184 2997 iusto
1215 2954 1551 3012 negligentiores
1583 2971 1672 3001 esse

0 3027 1 3030 ’
81 3018 231 3064 solent.
