2002 3372
4 1522 10 1541 s

0 1592 9 1744 i

0 1745 6 1899 ἰ

0 1950 2 1966 Ι

902 218 988 262 205

139 345 312 403 rogavit
346 357 524 395 „eorum
557 342 607 386 de
638 356 708 385 me
740 342 908 384 futuros
940 342 1175 397 opinamini
1207 354 1421 383 sermones
1453 341 1489 382 si
1521 338 1636 383 malo
1669 354 1740 383 eos

141 413 370 461 affeceroP’
415 413 634 458 Praeclare
676 415 804 456 etiam
849 413 1103 455 Pisistratus
1135 412 1339 455 adversus
1370 411 1662 469 'Prasybulum
1696 425 1739 454 se

139 489 289 546 gessit,
317 486 530 529 Porsenna
557 485 761 529 adversus
789 484 1002 534 Mucium,
1031 483 1235 527 adversus
1253 482 1550 526 Philemonem
1571 482 1737 539 Magas.

131 558 295 617 ⁴Magus
334 556 412 601 ille
454 560 622 614 satrapa
662 559 879 613 spectante
921 553 1082 612 populo
1125 569 1149 598 a
1193 554 1444 598 Philemone
1473 556 1516 597 in
1551 555 1736 611 quadam

138 628 359 674 comoedia
388 629 550 686 insigni
581 631 673 672 erat
705 626 879 670 affectus
911 625 1187 677 contumelia,
1219 627 1264 668 in
1296 639 1380 682 qua
1412 639 1513 669 eum
1546 626 1613 668 his
1646 629 1737 669 erat

137 700 351 746 allocutus
381 700 556 757 quidam
586 700 806 743 versibus:

321 771 475 829 Mag-as
507 771 587 814 tibi
617 785 641 814 a
672 770 804 827 Rege,
837 784 903 821 en,
937 773 1147 813 venerunt
1177 768 1343 820 literae;

323 843 417 887 Non
449 857 562 886 nnnc
593 842 708 886 dolet
741 841 853 899 quod
884 841 1026 898 legere
1058 855 1278 897 nunquam
1310 840 1539 884 didiceris?

140 914 371 973 Aliquanto
403 918 500 972 post
533 913 773 964 Philemon,
807 915 908 956 navi
942 915 1025 956 iter
1057 913 1227 963 faciens,
1261 917 1390 956 vento
1423 927 1552 970 prope
1585 913 1737 957 Parae-

137 988 308 1031 tonium
338 988 384 1029 in
417 986 524 1029 litus
556 990 622 1029 est
648 987 808 1029 eiectus
835 989 877 1028 et
905 986 964 1027 sic
990 986 1032 1027 in
1061 983 1218 1041 Magae
1242 986 1436 1041 pervenit
1463 989 1735 1040 potestatem.

137 1057 249 1112 Quid
281 1061 377 1101 tum
408 1055 514 1101 ille?
546 1057 732 1100 militem
763 1057 816 1100 ad
849 1071 949 1099 eum
981 1057 1115 1107 misit,
1156 1070 1284 1112 quem
1319 1057 1500 1099 iusserat
1537 1056 1738 1100 destricto

134 1128 284 1188 gladio
315 1128 476 1172 collum
502 1130 593 1172 eius
617 1128 772 1172 leviter
798 1131 988 1184 tangere,
1018 1126 1168 1169 deinde
1194 1130 1320 1183 poeta
1347 1129 1526 1170 comiter
1552 1127 1738 1171 salutato

136 1200 264 1244 abire.
300 1199 525 1244 Praeterea
557 1199 802 1243 Philemoni
833 1198 965 1255 pilam
999 1198 1194 1255 talosque
1227 1198 1382 1254 quibus
1407 1198 1574 1242 luderet
1602 1201 1737 1243 misit.

137 1269 483 1315 Grammaticum
530 1271 759 1328 quondam,
807 1284 933 1327 quem
981 1274 1031 1312 ut
1079 1269 1303 1312 indoctum
1350 1268 1497 1313 ludere
1545 1270 1735 1322 volebat,

135 1341 409 1386 Ptolemaeus
436 1344 632 1399 rogavit:
665 1344 789 1398 „quis
816 1340 934 1384 Pelei
961 1338 1136 1397 pater?’'
1166 1340 1398 1397 Respondit
1422 1340 1521 1384 ille:
1553 1342 1733 1394 „dicam,

98 1438 101 1442 ·
138 1414 174 1456 si
205 1415 326 1470 prius
357 1413 468 1456 mihi
500 1415 595 1471 quis
629 1413 738 1470 Lagi
768 1417 890 1469 pater
921 1410 1122 1461 dixeris’',
1157 1412 1314 1468 quibus
1346 1413 1489 1455 verbis
1519 1414 1558 1455 ei
1591 1414 1736 1456 obscu-

135 1497 235 1527 rum
277 1498 416 1543 genus
457 1485 519 1528 ita
554 1484 835 1541 exprobrabat
866 1487 916 1526 ut
944 1483 1175 1540 indignum
1209 1487 1252 1525 et
1283 1497 1366 1526 non
1399 1483 1623 1527 ferendum
1655 1483 1737 1528 cla-

137 1559 304 1599 marent
335 1557 409 1613 qui
441 1556 630 1599 aderant.
663 1555 776 1598 Tum
808 1568 906 1598 rex:
941 1557 1006 1607 „si
1038 1569 1122 1598 non
1154 1559 1218 1598 est
1250 1556 1420 1612 regium
1453 1557 1596 1599 iocum
1629 1556 1738 1599 ferre

134 1641 270 1684 posse,
302 1641 355 1670 ne
385 1628 519 1670 iocari
551 1627 726 1684 quidem
758 1641 904 1684 regem
940 1625 1103 1670 decet''.

193 1698 257 1742 En
298 1697 612 1755 lepidissimam
653 1700 946 1742 narrationum
992 1697 1203 1756 syllogen,
1247 1712 1352 1754 quas
1395 1698 1465 1741 hic
1504 1713 1526 1741 e
1567 1700 1736 1742 scriniis

131 1771 222 1814 suis
253 1770 414 1828 profert
445 1769 718 1822 Plutarchus,
753 1771 828 1822 rei,
862 1770 912 1813 de
945 1784 1028 1826 qua
1061 1771 1221 1826 agitur,
1256 1771 1593 1826 aptissimarum.
1628 1770 1736 1823 Qua-

132 1855 232 1885 rum
273 1841 389 1885 haud
432 1841 560 1885 dubie
601 1843 752 1885 ceteris
793 1844 982 1898 praestat
1023 1840 1074 1884 de
1115 1841 1248 1898 Maga
1287 1840 1386 1884 illa:
1421 1840 1641 1898 eleganter
1672 1846 1736 1885 est

131 1914 356 1957 enunciata
387 1917 431 1956 et
462 1918 512 1956 ut
542 1917 704 1957 ceterae
738 1927 885 1956 omnes
916 1914 1091 1969 egregie
1123 1912 1315 1955 illustrat
1346 1912 1392 1955 id
1423 1913 1537 1969 quod
1564 1913 1735 1956 demon-

131 1987 306 2028 stratur.
353 1985 413 2028 At
453 1987 499 2028 in
538 1984 647 2028 libro
690 1986 739 2028 de
779 1984 929 2026 virtute
960 1984 1104 2026 morali
1134 1983 1197 2026 nil
1230 1985 1315 2026 nisi
1346 1985 1484 2040 ipsius
1516 1986 1734 2041 scriptoris

133 2055 396 2100 demonstrat
437 2055 685 2100 stultitiam.
730 2055 881 2112 Capite
923 2057 1038 2098 enim
1071 2056 1113 2098 X
1154 2059 1213 2111 (p.
1250 2054 1390 2098 449D
1418 2061 1526 2113 sqq.)
1558 2058 1732 2099 omnino

132 2128 277 2184 inepte
305 2131 509 2185 nugatur
548 2131 592 2170 et
634 2129 693 2170 sic
735 2133 785 2170 ut
827 2141 880 2169 ne
921 2127 999 2170 hoc
1032 2126 1206 2183 quidem
1238 2127 1343 2170 bene
1374 2126 1598 2185 intelligas
1630 2127 1734 2184 quid

131 2198 304 2242 tandem
347 2199 429 2242 sibi
469 2198 579 2242 velit
611 2223 668 2230 —-
701 2202 745 2242 at
786 2197 926 2240 multa
968 2212 1069 2240 eum
1110 2199 1297 2254 proferre
1339 2213 1446 2256 quae
1488 2213 1571 2242 non
1603 2199 1733 2242 huius

132 2269 229 2321 loci,
262 2269 341 2314 hoc
373 2284 473 2314 vero
503 2269 600 2314 luce
631 2270 788 2314 clarius
820 2274 884 2314 est
913 2294 969 2302 —-
997 2269 1048 2313 de
1075 2269 1319 2313 Stoicorum
1347 2270 1558 2327 paradoxo
1589 2272 1735 2328 „paria

131 2344 234 2384 sunt
263 2341 479 2398 peccata’'.
512 2341 577 2385 Ibi
608 2346 651 2385 et
678 2342 759 2384 hoc
787 2341 931 2384 docet:
967 2356 1076 2392 „non
1105 2343 1299 2384 omnium
1327 2341 1557 2385 affectuum
1585 2341 1733 2385 eadem

131 2415 196 2455 est
220 2411 535 2456 vehementia''.
564 2412 755 2455 Eandem
782 2426 872 2456 esse
900 2426 1134 2468 nunquam,
1161 2417 1209 2455 ut
1234 2414 1396 2470 opinor,
1425 2413 1733 2456 contenderunt

133 2481 283 2526 Stoici.
318 2484 458 2540 Atque
490 2485 550 2527 sic
582 2483 815 2527 declamat:

198 2555 320 2612 „quis
337 2555 450 2598 dicat
466 2554 613 2598 eadem
631 2557 695 2598 ira
710 2555 750 2598 N
752 2557 1032 2598 icocreontem
1051 2569 1178 2598 usum
1197 2555 1399 2598 adversus
1415 2556 1731 2608 Anaxarchum,

131 2639 216 2682 qua
247 2625 452 2670 adversus
483 2627 781 2670 Philemonem
814 2640 917 2669 usus
949 2631 1014 2669 est
1044 2626 1213 2684 Magas,
1246 2641 1345 2670 cum
1379 2632 1523 2670 tamen
1550 2636 1730 2684 uterque

130 2696 390 2741 contumelia
433 2702 542 2741 esset
573 2696 773 2741 affectus?
806 2697 989 2740 Pistillis
1019 2698 1168 2741 ferreis
1201 2698 1504 2741 Anaxarchum
1537 2698 1731 2742 contudit

130 2767 378 2819 Nicocreon,
418 2768 684 2812 Philemonis
726 2770 911 2812 cervices
950 2768 1064 2812 nudo
1101 2771 1223 2826 tangi
1260 2768 1405 2826 gladio
1441 2770 1591 2812 deinde
1628 2784 1729 2812 eum

131 2839 297 2882 dimitti
327 2841 455 2883 iussit
487 2841 669 2898 Magas’'
694 2841 738 2893 ¹).

175 2953 208 2994 1)
239 2952 385 2985 Absurde
415 2954 447 2984 et
477 2952 510 2985 in
542 2952 800 2996 praecedentibus
830 2963 880 2985 res
910 2953 996 2985 inter
1019 2963 1052 2985 se
1075 2955 1291 2996 opponuntur,
1315 2953 1378 2991 sed,
1404 2952 1479 2994 quia
1502 2952 1598 2995 panio
1623 2955 1730 2985 tamen

128 3006 234 3040 minus
256 3007 400 3046 absurde,
427 3008 486 3039 hoc
512 3018 609 3040 unum
633 3008 761 3051 profero
785 3008 898 3040 ceteris
923 3008 1056 3040 omissis.
