1930 3354
854 287 940 333 685

49 379 55 463 ,Ἰ
99 406 318 452 Uesuuio}
355 415 608 467 persuasum
655 411 770 454 enim
819 411 903 453 sibi
948 410 1207 455 Plutarchus
1253 413 1382 456 habet
1428 412 1552 456 facile
1601 415 1693 458 eius

97 477 344 524 labefactari
373 479 503 524 fidem
535 482 610 538 qui
640 495 777 538 neque
809 495 999 538 unquam
1029 481 1170 526 Deum
1202 485 1538 540 omnipotentem
1569 490 1692 528 natu-

45 607 47 610 4
97 548 600 609 m-»logen-<immutasse
631 565 767 609 neque
799 566 912 595 nunc
939 567 1105 609 quoque
1131 555 1362 598 immutare
1388 569 1509 611 posse
1535 556 1691 600 credat.

15 657 41 684 4
98 619 369 679 Quanquam
407 624 455 666 in
497 622 619 666 nulla
649 637 695 666 re
726 625 867 681 magis
899 628 1071 668 veretur
1102 640 1155 668 ne
1188 626 1366 669 modum
1398 627 1571 670 excedat
1601 629 1692 685 ipse

12 701 17 755 J
97 692 357 750 excedatqne
397 707 505 751 grex
546 693 752 738 fidelium.
799 694 947 751 Ipsum
991 710 1093 752 ergo
1136 696 1418 741 Plutarchum
1449 699 1599 753 Septem
1630 714 1692 741 aa·

13 774 15 780 ’
42 825 43 828 ¹
95 763 292 820 ῥοιῆςηι
321 765 500 808 convivio
528 767 677 808 statim
709 765 921 809 addidisse
951 766 1112 810 librum
1139 769 1189 810 de
1213 770 1496 823 superstitione
1519 772 1690 826 opinor.

11 842 15 891 s
96 833 201 881 illo
217 839 262 879 et
301 835 395 880 fieri
425 840 468 880 et
498 837 612 880 facta
642 851 733 881 esse
764 837 972 881 miracula
1005 838 1283 890 demonstrat,
1316 841 1386 883 hic
1417 855 1589 898 operam
1622 842 1693 885 dat

97 906 481 964 118811111188111811
511 912 672 951 temere
703 908 830 951 fidem
863 909 1045 952 habeant
1077 909 1261 953 anilibus
1297 911 1347 954 de
1379 911 1444 954 (118
1474 913 1693 956 immorta-

8 987 14 1036 (
96 977 212 1022 libus
235 977 429 1022 ἡδύ-1118.
478 978 592 1022 Nam
633 979 876 1037 theologiae
919 981 1202 1037 „practicae’'‚
1243 996 1351 1038 quae
1391 984 1436 1025 in
1469 982 1692 1027 Plutarchi

8 1051 14 1089 ’ζ
95 1049 318 1093 invenitur
352 1051 538 1107 scriptis,
580 1050 684 1094 11880
725 1065 897 1094 summa
938 1057 1025 1094 est:
1060 1053 1130 1103 „in
1164 1054 1362 1096 omnibus
1392 1054 1519 1096 rebus
1553 1059 1692 1097 cautus

8 1111 33 1177 ζ
97 1121 605 1177 ωᾶῐ-«ὠσίτσυηιερεσιτιε,
638 1122 711 1165 8811
744 1125 997 1179 praesertim
1028 1125 1074 1166 in
1104 1125 1159 1167 iis
1192 1138 1300 1180 quae
1331 1125 1383 1168 ad
1415 1125 1587 1168 Numen
1617 1126 1693 1170 Su-

95 1196 297 1250 18881881
332 1193 511 1250 eiusque
551 1195 765 1249 pertinent
810 1193 1031 1238 consilia’'.
1075 1194 1130 1237 Et
1169 1198 1309 1239 nescio
1352 1210 1402 1239 an
1441 1196 1608 1240 nullam
1640 1198 1692 1240 011

97 1261 399 1311 osu-nmmos
424 1265 621 1307 omnium
649 1263 899 1308 mortalium
924 1266 1288 1319 πρακτικωτάτους
1311 1267 1525 1310 Romanos
1551 1270 1692 1325 magis

31 1343 33 1346 ’
97 1335 170 1378 sit·
196 1333 434 1378 admiratus
475 1348 606 1391 quam
646 1335 759 1392 quod
788 1334 857 1378 illi
889 1335 979 1393 legi
1009 1350 1180 1394 semper
1211 1341 1254 1380 et
1285 1338 1443 1394 ubique
1475 1340 1693 1395 paruerint

7 1438 37 1469 ,ὓ
100 1409 162 1461 (v.
193 1405 318 1449 vitam
355 1406 558 1450 emtam·
585 1421 620 1450 e.
654 1406 711 1450 25
746 1410 873 1459 extr.)

29 1475 31 1478 ’
132 1493 147 1517 -1
160 1477 417 1530 ωηο-σφῆς
447 1477 566 1526 τέλος
600 1478 804 1530 θεολογία.
846 1478 987 1535 Ipsius
1021 1493 1120 1522 vero
1153 1479 1396 1539 theologiae
1429 1479 1559 1537 quid?
1596 1481 1691 1524 Non

6 1581 31 1600 ,,
100 1548 298 1593 doctrina
335 1554 615 1606 accurateque
657 1549 866 1607 quaedam
909 1552 1097 1601 scientia,
1132 1551 1205 1594 8811
1236 1566 1343 1608 pura
1373 1557 1501 1608 atque
1531 1554 1692 1596 sincera

91 1620 242 1677 piu-q,
271 1619 408 1664 :Hanc
448 1620 570 1664 nullo
612 1635 698 1664 non
729 1621 1000 1665 commendat
1031 1621 1284 1679 extollitque
1314 1622 1422 1666 libro
1446 1629 1489 1666 et
1516 1625 1577 1666 ita
1603 1626 1692 1680 qui-

7 1693 12 1745 ξ
97 1691 231 1736 dem:
249 1691 519 1738 commendat
565 1692 820 1750 extollitque
865 1697 915 1736 ut
961 1694 1006 1735 in
1053 1692 1295 1751 legentium
1341 1693 1692 1751 audientiumque

7 1764 21 1829 ζ’
96 1767 228 1819 (mm
250 1762 390 1808 modo
433 1778 582 1808 revera
628 1765 886 1808 Plutarchus
933 1767 1204 1808 contionatur
1243 1765 1369 1808 modo
1413 1768 1569 1822 scripta
1617 1780 1693 1810 888

26 1839 27 1842 ’
96 1839 249 1890 mad
250 1836 434 1894 pietatis
470 1835 718 1893 plenissima
750 1836 924 1880 lecturis
956 1837 1158 1890 destinat)
1189 1841 1239 1880 ut
1270 1839 1316 1880 in
1347 1837 1585 1895 legentium
1619 1852 1691 1881 au-

7 1898 20 1968 l
97 1906 408 1964 clientiumque,
448 1909 530 1959 aio,
573 1909 728 1951 animis
768 1908 1050 1965 relinquatur,
1094 1924 1178 1952 non
1219 1908 1392 1952 aculeus
1433 1909 1588 1966 aliquis
1619 1909 1693 1952 sed

20 1974 21 1980 ’
95 1977 414 2036 18818·1]111118111
443 1980 685 2023 securitatis
717 1981 958 2036 quietisque
993 1994 1139 2023 888888
1171 1981 1223 2023 ab
1256 1982 1374 2023 omni
1405 1982 1618 2024 anxietate
1649 1985 1693 2024 et

13 2066 21 2072 ·
97 2050 363 2095 dubitatione
392 2063 522 2108 quam
553 2052 880 2094 remotissImus.
918 2052 1058 2108 Atque
1090 2051 1169 2095 hoc
1200 2053 1371 2094 nomine
1402 2051 1472 2095 vel
1502 2053 1691 2095 maxime

12 2133 19 2166 ’ἓ
98 2121 288 2167 1111111181
301 2136 384 2166 non
417 2137 536 2178 posce
578 2122 811 2175 laudarem,
844 2137 928 2179 quo
962 2124 1053 2167 vita
1085 2124 1147 2179 pii
1177 2123 1366 2166 hominis
1397 2123 1517 2166 nobis
1547 2123 1692 2180 depin-

11 2184 19 2219 ·‘·
96 2196 234 2252 gatus·
257 2207 345 2239 non·
372 2193 516 2237 solum
548 2197 770 2250 tamquam
802 2193 907 2236 felix
939 2208 1170 2250 securaque
1201 2194 1275 2237 sed
1306 2195 1436 2237 etiam
1469 2199 1692 2251 tamquam

9 2269 19 2309 ἓ
95 2264 247 2308 'bibatis
274 2264 529 2322 iucundaque
560 2266 659 2321 quia
690 2263 861 2308 nullum
896 2265 952 2307 sit
984 2266 1141 2308 certius
1167 2266 1458 2321 sinceriusque
1482 2266 1690 2322 gaudium

7 2335 11 2338 ’
97 2341 228 2394 qnam
267 2334 379 2380 illud
419 2335 533 2394 quod
574 2335 643 2379 dei
682 2335 828 2379 afferat
869 2338 1121 2393 praesentia,
1161 2336 1274 2379 hunc
1306 2338 1373 2379 aio
1403 2335 1473 2380 vel
1501 2339 1692 2380 maxime

12 2423 19 2451 5'
95 2406 318 2452 laudarem
348 2432 406 2440 —
437 2409 524 2451 11181
561 2407 727 2451 adesset
758 2407 1051 2464 fragmentum
1082 2406 1193 2450 illud
1225 2409 1274 2450 dc
1306 2407 1451 2458 anima,
1484 2407 1597 2464 quod
1627 2410 1692 2451 in-

10 2467 18 2529 Ξ,
96 2477 291 2525 credibili
329 2493 470 2523 errore
501 2478 700 2522 Himerio
733 2483 797 2521 est
828 2478 1105 2535 adscriptum.
1139 2478 1187 2521 Si
1218 2492 1415 2534 usquam,
1447 2478 1517 2520 hic
1546 2480 1691 2535 ipsum

96 2541 382 2596 materonum
410 2551 700 2607 agnoscimus,
741 2549 862 2592 illius
893 2550 1114 2592 Ammonii
1145 2548 1405 2606 discipulum
1438 2551 1513 2606 qui
1543 2549 1691 2592 literae

0 2646 14 2677 .1
96 2620 134 2664 111
166 2619 397 2679 Delphicae
428 2620 687 2679 praeclaram
721 2620 858 2671 illam,
891 2635 943 2664 ne
976 2619 1230 2665 Christianis
1262 2620 1436 2677 quidem
1469 2620 1692 2678 indignan-

98 2692 211 2746 dam,
242 2692 406 2738 dederit
437 2691 766 2750 explicationem
797 2693 878 2743 (De
908 2693 951 2735 E
976 2693 1090 2747 apud
1118 2692 1297 2747 Delphos
1326 2707 1366 2749 p.
1394 2691 1480 2734 392
1495 2694 1563 2744 A).
1596 2693 1689 2749 Age

95 2767 242 2808 totum
281 2764 588 2822 fragmentum,
632 2763 994 2820 quemadmodum
1037 2768 1080 2806 et
1118 2765 1208 2819 ipse
1240 2764 1319 2805 feci
1351 2762 1617 2815 (Avondzon²
1649 2762 1691 2805 II

97 2850 140 2893 p.
174 2834 262 2879 354
279 2838 404 2893 sqq.),
446 2837 491 2878 iu
534 2835 788 2878 hodiernum
831 2841 956 2876 tuum
999 2848 1249 2885 sermonem,
1282 2835 1474 2891 quisquis
1506 2833 1579 2876 ille
1612 2838 1688 2884 est,

97 2909 218 2950 verte
258 2911 301 2950 et
342 2908 473 2950 recita
514 2906 759 2949 hominibus
803 2905 938 2948 doctis
981 2905 1244 2962 indoctisque
1289 2905 1361 2948 sed
1403 2905 1574 2961 pietatis
1605 2919 1687 2947 non

98 2977 356 3035 expertibus,
384 2979 576 3035 graviter
602 2990 747 3020 omnes
774 2978 1034 3019 commoveri
1052 2978 1219 3019 senties.
1251 2976 1337 3027 „At
1354 2975 1499 3019 enim''
1516 2980 1690 3033 quaerat

97 3050 325 3107 quispiam,
368 3050 444 3106 qui
477 3048 588 3092 illud
621 3063 704 3092 non
737 3047 870 3091 semel
901 3047 1114 3090 audiverit
1146 3047 1219 3091 sed
1250 3048 1405 3091 tacitus
1436 3061 1581 3090 secum
1613 3048 1687 3090 diu
