2002 3372
1040 232 1127 276 328

356 358 410 400 Et
449 361 548 400 sunt
590 356 673 399 alia
705 353 913 398 eiusmodi
944 355 1049 398 vitia
1081 353 1299 397 levissima
1331 369 1436 411 quae
1467 354 1604 397 multo
1635 354 1867 398 maioribus

294 428 415 471 facile
461 430 785 482 compensantur
825 425 1073 467 virtutibus.
1115 425 1301 482 Egregie
1343 427 1457 467 enim
1496 425 1541 467 id
1581 426 1724 481 ipsum
1755 425 1867 482 quod

293 497 553 554 probandum
581 499 644 538 est
669 495 884 551 probatur.
916 493 1113 551 Exempli
1141 508 1264 537 causa
1285 509 1307 537 e
1335 497 1471 552 capite
1491 494 1555 537 XI
1576 494 1866 549 πλωταρχειό·

293 584 415 609 τκτον
446 566 556 608 illud
587 566 710 608 affero
743 568 1064 621 argumentum,
1095 579 1170 621 pro
1202 565 1333 615 lucro,
1363 565 1474 620 quod
1500 566 1728 621 appetitur,
1755 565 1868 609 dam-

291 652 395 680 num
421 650 587 692 semper
613 635 757 678 afferre
785 639 973 691 peccata3
1002 637 1175 692 egregie
1203 637 1339 692 capite
1367 635 1488 678 XVII
1513 636 1722 679 acerbiore
1736 649 1867 692 quam

290 722 364 764 pro
404 707 568 763 placido
611 706 779 762 lenique
823 705 1042 749 Plutarchi
1081 707 1255 764 ingenio
1298 720 1426 748 usum
1458 720 1556 749 eum
1586 720 1678 750 esse
1707 705 1868 750 affirmo

290 779 496 828 oratione,
540 776 614 818 ubi
653 776 698 818 id
739 778 885 832 agitur
928 780 977 818 ut
1017 778 1190 832 penitus
1233 778 1417 818 sentiant
1460 790 1604 819 omnes
1642 790 1727 820 non
1767 775 1868 820 adeo

290 848 474 890 stultum
516 861 605 889 esse
646 848 925 903 ineptumque
968 846 1106 889 Deum
1149 850 1199 889 ut
1232 850 1398 889 tantum
1428 846 1584 889 laboris
1619 850 1868 903 tantumque

288 933 410 961 curae
443 932 589 960 eorum
622 919 824 974 suscipiat
856 918 996 974 gratia
1027 931 1132 974 quos
1164 917 1407 960 immortale
1438 917 1548 960 nihil
1572 917 1725 961 habere
1749 917 1867 961 sciat.

287 990 434 1045 Neque
480 990 622 1031 minus
664 987 927 1045 praeclarum
969 987 1077 1031 illud
1109 988 1236 1031 laudo
1268 988 1488 1031 exordium
1518 1002 1609 1044 quo,
1633 987 1869 1033 Patrocloas

290 1065 332 1103 et
375 1059 659 1117 Olympichus
702 1063 885 1101 utuntur
925 1059 977 1101 ad
1009 1059 1331 1102 describendum
1363 1062 1566 1115 quantam
1596 1059 1748 1102 habeat
1777 1072 1870 1102 sera

291 1132 479 1173 numinis
523 1130 709 1173 vindicta
752 1129 1062 1172 crudelitatem.
1106 1130 1340 1185 Aptissima
1383 1143 1506 1186 porro
1548 1133 1649 1172 sunt
1677 1128 1870 1186 exempla

291 1202 575 1244 humanarum
602 1200 765 1257 legum,
792 1214 896 1256 quas
922 1201 1056 1243 obiter
1085 1200 1316 1257 adspiciens
1341 1200 1507 1256 aliquis,
1535 1201 1646 1243 sicut
1670 1203 1713 1243 et
1733 1199 1871 1243 multa

292 1272 469 1314 deorum
517 1271 695 1322 decreta,
744 1271 945 1313 absurdas
991 1275 1034 1313 et
1079 1272 1246 1313 insanes
1294 1270 1544 1327 appellitare
1584 1273 1730 1328 possit,
1770 1279 1870 1314 cum

293 1346 434 1384 tamen
467 1367 522 1373 —-
554 1342 598 1384 id
630 1341 743 1397 quod
775 1343 820 1383 in
853 1341 1002 1384 multis
1039 1355 1182 1384 earum
1221 1343 1398 1398 cognitu
1435 1345 1497 1384 est
1531 1341 1786 1385 facillimum
1813 1365 1870 1375 —-·

293 1426 460 1454 summa
506 1413 712 1468 sapientia
758 1412 1173 1467 prudentissimoque
1220 1414 1304 1454 sint
1350 1411 1535 1468 perlatae
1580 1412 1767 1456 consilio.
1822 1411 1871 1455 In

296 1484 480 1525 transitu
522 1482 590 1525 hic
633 1482 808 1525 observo
842 1496 910 1524 eas
943 1496 1048 1538 quae
1080 1483 1179 1524 huic
1209 1486 1307 1524 sunt
1340 1482 1750 1526 accomodatissimae
1781 1497 1872 1539 pro-

295 1555 432 1609 posito
464 1567 485 1595 e
515 1554 777 1595 Romanorum
809 1567 899 1595 esse
932 1554 1086 1609 petitas
1118 1552 1346 1608 republica,
1385 1567 1453 1596 eas
1486 1566 1591 1609 quae
1623 1552 1675 1596 ad
1705 1553 1872 1596 deeima-

292 1624 432 1666 tionem
480 1627 544 1666 est
591 1623 643 1666 ad
688 1625 861 1666 heredem
896 1623 1158 1679 fiduciariam
1205 1625 1465 1679 pertineant;
1514 1638 1588 1680 per
1627 1627 1768 1668 totum
1808 1627 1873 1667 est

293 1694 556 1751 spargendus
596 1694 704 1737 liber
753 1696 984 1751 imperium
1016 1694 1257 1737 Romanum
1289 1694 1467 1751 ideoque
1498 1696 1648 1751 primis
1677 1696 1872 1738 omnium

291 1764 581 1821 approbandus
607 1766 661 1807 iis
687 1779 711 1807 a
739 1765 892 1822 quibus
917 1764 1026 1807 illud
1053 1765 1386 1808 administratur.
1414 1764 1605 1821 Denique
1622 1778 1670 1808 ea
1685 1766 1872 1808 oratione

291 1839 380 1878 tota
412 1839 475 1877 est
505 1839 705 1878 exornata
738 1836 982 1892 disputatio,
1017 1849 1122 1891 quae
1153 1834 1369 1891 legentem
1401 1835 1454 1878 ad
1484 1835 1610 1878 finem
1642 1849 1775 1892 usque
1806 1835 1872 1880 de-

292 1907 483 1949 vinctum
511 1909 665 1948 teneat.
693 1905 774 1948 Sed
802 1906 1102 1962 disputationis
1127 1905 1261 1955 illius,
1285 1906 1328 1948 id
1356 1905 1469 1962 quod
1494 1920 1559 1949 res
1582 1907 1676 1962 ipsa
1701 1905 1870 1959 clamat,

291 1978 448 2032 primas
489 1979 629 2032 partes
670 1977 761 2032 ipse
804 1978 896 2033 agit
937 1976 1208 2019 Plutarchus.
1251 1975 1328 2018 Ille
1362 1990 1454 2019 eam
1488 1990 1576 2020 esse
1607 1978 1763 2020 mentis
1792 1977 1871 2021 hu-

291 2060 439 2088 manae
473 2046 733 2088 demonstrat
762 2046 1057 2089 infirmitatem
1090 2051 1139 2088 ut
1170 2061 1251 2088 non
1277 2047 1475 2101 possimus
1506 2054 1672 2103 semper
1701 2046 1782 2090 Dei
1811 2049 1872 2090 in·

292 2116 484 2173 telligere
517 2116 798 2167 voluntatem,
832 2116 958 2159 deum
991 2131 1091 2159 cum
1118 2119 1268 2173 puniat
1294 2117 1511 2160 hominem
1538 2118 1870 2160 remotissimum

292 2202 379 2230 esse
413 2188 464 2230 ab
497 2189 614 2229 omni
645 2188 862 2229 ulciscendi
892 2187 1079 2239 consilio,
1113 2188 1184 2231 sed
1217 2202 1383 2244 semper
1414 2188 1492 2230 hoc
1518 2187 1659 2230 solum
1685 2191 1872 2244 spectare

292 2262 341 2300 ut
384 2260 636 2300 emendentur
677 2258 869 2301 homines
905 2258 1038 2310 docet,
1070 2258 1188 2301 illius
1221 2263 1321 2301 sunt
1352 2259 1714 2314 praestantissima
1744 2258 1869 2301 haec:

294 2331 465 2385 „ipsum
511 2332 731 2384 peccatum
777 2343 909 2384 poena
952 2332 1030 2380 est,
1075 2342 1164 2371 sera
1207 2343 1340 2385 poena
1381 2333 1444 2372 est
1484 2343 1617 2385 poena
1657 2328 1870 2380 diuturna,

291 2414 423 2456 poena
465 2403 529 2442 est
573 2403 615 2442 et
655 2413 812 2456 poenae
854 2400 1040 2451 metus'',
1083 2399 1159 2443 ille
1201 2402 1244 2442 in
1287 2401 1423 2455 capite
1464 2399 1527 2442 XI
1557 2398 1767 2455 praeclara
1795 2398 1872 2442 illa

295 2472 432 2512 utitur
473 2471 746 2526 peroratione,
791 2484 896 2526 quae
937 2472 983 2512 in
1015 2475 1202 2513 mentem
1233 2471 1355 2513 nobis
1386 2473 1509 2513 vocat
1539 2483 1586 2513 ea
1618 2484 1725 2526 quae
1755 2483 1871 2527 prae-

294 2541 582 2583 stantissimus
621 2539 695 2582 ille
735 2539 844 2583 liber
885 2555 961 2582 non
991 2556 1109 2595 posse
1140 2541 1268 2584 habet
1298 2542 1680 2597 praestantissima:
1715 2542 1780 2592 „si
1809 2541 1871 2583 fas

295 2615 356 2653 est
397 2611 546 2662 dicere,
585 2611 874 2667 peccatoribus
906 2612 1103 2654 omnibus
1133 2611 1265 2654 nullis
1299 2625 1404 2668 opus
1435 2625 1524 2654 esse
1556 2612 1705 2668 opinor
1736 2611 1871 2655 vindi-

294 2683 426 2732 cibus,
458 2695 593 2737 neque
626 2681 782 2725 divinis
814 2696 947 2738 neque
979 2683 1192 2731 humanis,
1230 2684 1323 2738 ipsa
1353 2696 1501 2725 eorum
1531 2683 1633 2733 vita,
1662 2683 1870 2738 pravitate

295 2763 491 2807 corrupta
522 2756 564 2793 et
594 2751 854 2807 perturbata,
886 2752 1037 2795 idonea
1068 2766 1201 2809 poena
1233 2753 1340 2795 est'’.

356 2823 495 2877 Atque
542 2822 643 2864 haec
691 2824 832 2864 omnia
874 2847 930 2854 —-
973 2822 1168 2866 lubenter
1214 2823 1293 2866 hoc
1336 2822 1513 2865 concedo
1554 2846 1611 2853 —
1653 2821 1764 2864 nihil
1804 2825 1870 2876 (ut

296 2894 503 2934 strictiore
551 2906 674 2934 sensu
718 2892 827 2935 illud
875 2893 1100 2936 adhibeam
1142 2892 1414 2946 vocabulum)
1453 2894 1740 2944 denumerem,
1786 2907 1869 2938 non

295 2962 432 3018 logica
473 2962 653 3018 quadam
686 2965 932 3006 necessitate
965 2965 1178 3007 hominem
1213 2965 1488 3016 „insanientis
1519 2964 1747 3019 sapientiae
1768 2978 1868 3021 >con-
