1930 3354
987 252 1074 296 680

243 380 432 431 tempore
464 377 572 417 esset
602 376 645 416 in
678 373 860 430 singulis
890 375 1220 417 versatissimus.
1254 375 1402 417 Artem
1429 375 1566 430 ipsam
1593 373 1815 427 medinm,

245 460 351 502 quae
381 449 523 487 tamen
555 458 652 487 cum
685 442 966 499 philosophia,
999 457 1104 500 quae
1135 445 1366 487 theoretica
1393 444 1562 496 dicitur,
1585 444 1816 490 admodum

243 516 337 559 laxo
379 516 571 558 cohaeret
603 514 787 566 vinculo,
822 518 911 557 tam
945 516 1113 571 penitus
1144 515 1288 558 hausit
1319 518 1370 557 ut
1400 514 1538 558 multa
1568 519 1817 571 possemn-

245 587 340 629 dere
373 599 478 641 quae
509 599 560 627 ne
588 584 800 627 hodiernis
828 584 1001 641 quidem
1028 585 1202 628 medicis
1228 584 1458 641 spernenda
1484 584 1619 628 videri
1642 586 1816 642 possint,

245 655 382 698 multa
408 669 574 711 quoque
601 668 706 710 quae
734 653 803 698 vel
828 669 939 698 nunc
967 657 1250 711 peritissimus
1273 657 1451 712 quisque
1468 670 1617 700 eorum
1629 669 1818 700 mame

245 725 578 769 consultantibus
610 725 903 768 commendare
935 725 1723 768 soleat..

305 795 443 852 Ipsius
485 809 584 839 vero
626 795 916 853 philosophiae
959 797 1180 839 historiam
1213 801 1339 852 atque
1373 798 1579 849 omnium,
1612 799 1818 855 quotquot

245 868 430 918 fuerunt,
471 867 819 924 philosophorum
862 867 1017 923 placita
1059 872 1101 910 et
1143 872 1397 924 argumenta
1438 869 1678 914 notissimas
1673 867 1820 912 fuisse

245 937 473 980 Plutarcho
516 938 618 994 quid
656 937 966 982 demonstrem?
999 938 1082 981 Sed
1112 939 1326 981 neminem
1356 952 1503 981 eorum
1535 942 1622 981 tam
1644 939 1820 994 1110110-

246 1023 343 1051 011111
390 1011 726 1066 sanguinemque
773 1011 902 1052 vertit
949 1023 1077 1065 quam
1124 1008 1362 1052 Platonem.
1417 1008 1597 1052 Omnino
1638 1009 1686 1051 in
1707 1011 1822 1052 ‘tota

245 1080 322 1122 hac
365 1079 658 1135 disquisitione
699 1094 798 1122 non·
824 1080 925 1136 quid
967 1094 1041 1122 nos
1083 1094 1194 1122 nunc
1237 1080 1288 1122 de
1318 1079 1547 1123 Plutarcho
1578 1090 1822 1125 censemus

246 1150 317 1192 sed
347 1150 485 1206 qualis
517 1155 781 1206 quantusque
813 1152 901 1193 suis
932 1152 1022 1206 ipse
1049 1151 1106 1192 sit
1132 1152 1247 1193 visus
1273 1150 1520 1206 aequalibus
1545 1149 1821 1193 statuendum

248 1222 430 1264 videtur.
473 1220 556 1264 Hic
599 1235 743 1264 omnes
786 1223 858 1277 qui
900 1220 1224 1277 colloquiorum,
1267 1235 1373 1278 quae
1415 1221 1535 1264 nobis
1566 1219 1822 1265 Pluumhns

247 1292 387 1343 refert,
429 1292 601 1335 fuerunt
638 1293 862 1348 participes
893 1306 990 1334 eum
1025 1306 1048 1334 a
1079 1306 1123 1334 se
1154 1291 1221 1334 τὸν
1254 1293 1349 1335 κατ’
1383 1292 1530 1346 ἐξοχὴν
1561 1290 1822 1335 Πλατωνικόν

247 1363 392 1405 haberi
433 1366 522 1405 tam
564 1362 673 1405 clare
713 1366 922 1405 testantur
953 1366 1003 1405 ut
1033 1362 1176 1406 nullus
1208 1364 1264 1405 sit
1294 1363 1515 1406 dubitandi
1544 1362 1674 1406 locus.
1706 1361 1822 1418 Quae

249 1448 348 1476 vero
388 1433 439 1476 ad
482 1433 703 1476 Platonem
744 1433 1046 1476 illustrandum
1076 1436 1121 1476 in
1151 1433 1292 1477 lucem
1324 1434 1454 1477 edidit
1484 1433 1699 1477 eiusmodi*
1722 1436 1823 1477 sunt

249 1510 297 1546 ut
338 1503 570 1547 identidem
611 1505 730 1547 nobis
771 1506 954 1560 suspicio
994 1509 1188 1548 nascatur
1229 1507 1316 1547 iam
1349 1510 1441 1547 tum
1473 1504 1611 1548 fuisse*
1633 1503 1731 1549 illas
1761 1504 1822 1547 bi-

250 1574 492 1626 bliothecas,
536 1575 688 1631 quibus
730 1577 954 1631 quotannis
994 1575 1064 1618 vel
1107 1577 1428 1632 quotmensibus
1468 1577 1551 1619 viri
1584 1575 1697 1618 docti
1725 1589 1823 1619 01100

248 1646 488 1689 inserendas
521 1652 714 1689 curarent
747 1648 1134 1697 commentationes,
1168 1651 1210 1690 et
1241 1646 1345 1689 alias
1370 1651 1412 1690 et
1437 1661 1569 1690 unam
1594 1645 1823 1689 Platonicis

250 1717 505 1760 destinatam
536 1717 709 1768 studiis3
749 1717 1031 1760 Plutarchum
1062 1721 1171 1760 certe
1204 1721 1369 1760 constat
1397 1718 1478 1760 sibi
1510 1717 1707 1760 habuisse
1735 1730 1824 1773 pet·

250 1803 423 1831 suasum
449 1787 656 1844 quidquid
683 1787 734 1830 ad
760 1787 981 1830 Platonem
1007 1792 1246 1830 annotasset
1274 1787 1344 1832 vel
1360 1787 1567 1844 quidquid
1582 1787 1633 1831 da
1649 1786 1823 1830 Platone

250 1859 497 1915 scripsisset,
525 1860 720 1914 quamvis
749 1862 858 1901 esset
883 1860 1104 1915 exiguum,
1128 1872 1225 1901 suos
1242 1859 1322 1901 sibi
1339 1862 1550 1915 emptores
1565 1857 1824 1914 lectoresque

249 1931 525 1972 inventurum
557 1943 714 1985 perque
747 1933 886 1972 totum
918 1930 1061 1972 orbem
1095 1933 1303 1972 terrarum
1333 1943 1529 1985 sparsum
1551 1930 1628 1972 iri.

311 1999 392 2042 Sed
433 2013 512 2042 non
554 1998 694 2042 solum
735 1999 996 2042 Platonicam
1039 1999 1377 2056 philosophiam,
1417 2013 1545 2056 quam
1589 1999 1824 2043 admiratur

253 2075 573 2126 veneraturque,
617 2069 872 2112 Plutarchus
904 2071 1032 2125 probe
1065 2072 1277 2127 cognitam
1310 2071 1437 2114 habet
1467 2070 1539 2113 sed
1562 2071 1699 2114 etiam·
1726 2069 1825 2127 Epi-

253 2155 435 2192 cuream,
468 2155 596 2196 quarn
628 2141 872 2192 detestatur,
906 2139 1175 2197 Stoicamque
1208 2154 1336 2197 quam
1368 2144 1434 2184 tot
1456 2139 1560 2184 locis
1585 2139 1823 2183 leniendam

252 2216 390 2254 censet
431 2211 810 2268 mitigandamque,
855 2214 963 2254 totas
1005 2211 1056 2254 ab
1089 2212 1206 2254 omni
1236 2215 1352 2267 parte
1385 2210 1610 2268 diligenter
1639 2215 1704 2254 est
1733 2223 1825 2254 con·

253 2281 484 2338 templatus
527 2287 696 2338 tamque
729 2286 920 2325 accurate
950 2282 1231 2325 consideravit
1261 2285 1310 2324 ut
1341 2296 1426 2324 non
1455 2283 1512 2324 sit
1543 2281 1825 2325 dubitandum

254 2355 356 2408 quin
402 2353 607 2408 quidquid
654 2354 704 2395 ab
752 2354 972 2408 utriusque
1019 2352 1307 2409 philosophiae
1355 2353 1616 2408 principibus
1661 2352 1824 2396 dictum

253 2425 542 2479 scriptumque
583 2425 640 2465 sit
681 2423 795 2466 fideli
836 2425 1019 2466 tenuerit
1063 2424 1278 2466 memoria.
1322 2422 1369 2465 In
1413 2437 1498 2466 uno
1537 2422 1644 2466 libro
1681 2427 1825 2467 contra

254 2493 417 2536 Stoicos
443 2495 598 2549 scripto
624 2494 690 2545 (de
713 2493 990 2547 repuqnantiie
1014 2493 1245 2546 Stoicorum)
1271 2507 1363 2536 raro
1391 2492 1562 2549 quidem
1588 2492 1662 2536 sed
1682 2497 1823 2536 tamen

256 2566 443 2606 oboritur
483 2566 603 2606 nobis
645 2566 828 2620 suspicio
872 2564 1112 2606 distraxisse
1155 2578 1254 2606 eum
1296 2578 1402 2620 quae
1444 2565 1690 2614 coniuncta,
1731 2567 1855 2607 con-'

254 2638 442 2678 iunxisse
482 2649 588 2691 quae
630 2635 740 2691 apud
783 2634 880 2677 illos
922 2635 1121 2677 distracta
1153 2634 1409 2691 legerentur,
1441 2635 1544 2686 sive,
1577 2639 1628 2676 ut
1659 2648 1735 2678 nos
1765 2633 1824 2678 lo-

256 2708 441 2761 quimur,
485 2706 690 2761 quaedam
731 2720 754 2748 e
795 2720 870 2748 suo
913 2707 1089 2748 traxisse
1129 2709 1342 2757 contextu,
1375 2705 1446 2748 sed
1476 2706 1512 2748 si
1542 2718 1687 2748 revera
1714 2703 1826 2748 illud

257 2777 369 2827 fecit,
397 2791 531 2832 neque
558 2776 713 2832 perfide
738 2790 837 2818 eum
863 2778 998 2831 egisse
1023 2776 1273 2818 crediderim
1299 2789 1432 2831 neque
1455 2776 1613 2818 vitium
1636 2773 1747 2818 illud
1771 2789 1824 2818 ex

256 2848 518 2902 ignoratione
537 2861 624 2889 esse
641 2851 804 2889 natum.
834 2846 943 2889 Nam
960 2860 1088 2902 quam
1106 2845 1276 2888 sedulus
1293 2846 1422 2888 fuerit
1437 2844 1666 2902 Chrysippi
1680 2844 1823 2898 lector,

258 2931 383 2971 quem
416 2922 503 2958 tam
529 2916 634 2960 salse
661 2921 702 2959 et
727 2917 857 2959 faeete
889 2916 1074 2959 ludibrio
1102 2917 1240 2968 habet,
1268 2916 1387 2972 longi
1411 2915 1478 2958 illi
1506 2917 1590 2972 ipsi
1615 2919 1824 2959 testantur

257 2986 335 3029 loci
369 3001 473 3042 quos
504 3001 554 3030 ex
585 2989 675 3030 eius
707 2989 872 3043 scriptis
903 2993 943 3029 et
977 2986 1078 3030 alibi
1109 2987 1230 3030 affert
1261 2992 1303 3029 et
1333 2989 1376 3029 in
1407 2986 1513 3029 libro
1543 2987 1592 3028 de
1622 2986 1824 3028 communi—
