2002 3372
903 198 988 245 1¹79

194 312 332 364 898ss
363 314 477 365 Eum
509 323 570 366 sic
602 322 763 366 refutat
797 324 986 367 amicus:

133 398 137 402 ’
197 385 293 434 εἶτα
322 386 436 447 τύχη
467 409 528 437 σοι
561 393 671 437 δοκεῖ
699 394 769 438 κει)
802 396 1041 447 αὐτόματον
1073 401 1149 440 τῶν
1181 396 1369 440 τοιούτων
1403 400 1477 451 (sc.
1510 396 1735 441 miraculo-

132 472 235 507 rum
265 463 392 508 modo
423 470 877 521 commemoratorum)
909 466 1082 511 ἕκαστον
1115 467 1299 513 ἐοικέναι,

147 596 150 598 ‚
194 530 291 580 Non
331 536 560 582 cohaerent
601 538 727 591 haec;
774 541 1017 583 coniectura
1048 540 1327 584 Bernardakii
1359 540 1624 589 πεποιηκέναι
1658 555 1734 599 pro

54 628 58 650 ;
132 605 304 650 ἐοικέναι
335 607 560 653 Plutarchi
590 623 746 653 manus
778 612 950 654 restitui
981 611 1169 657 videtur.

195 677 327 724 Recte
356 679 474 724 idem
503 682 548 724 in
581 683 859 739 sequentibus

197 750 267 795 xa)
301 752 466 796 πιθανόν
498 754 586 796 ε’στι
619 754 698 801 τὰς
730 754 908 806 ἀτόμους
943 755 1160 807 ἐξολισθεῖν
1190 787 1199 798 .
1221 786 1229 798 .
1250 787 1260 799 .
1288 755 1395 807 μήτε
1424 754 1610 808 πρότερον
1637 755 1732 806 μηθ’

132 819 445 876 anteponam·
478 826 500 876 ἦ
535 826 631 868 κατ’
665 826 813 870 ἐκεῖνον
845 831 914 870 τὸν
947 826 1088 880 χρόνον
1120 827 1208 870 κτὲ.
1455 842 1459 845 ’

192 893 308 939 illud
338 893 361 946 ἦ
393 897 589 941 inseruit.

189 1040 328 1087 8981D
373 1043 522 1088 Prima
559 1044 737 1102 Pythia,
777 1045 891 1089 sicut
930 1047 1024 1103 ipsa
1064 1047 1191 1097 canit,
1234 1060 1286 1088 ne
1330 1048 1500 1090 mortua
1545 1046 1721 1104 quidem

130 1107 358 1160 raticinari
389 1114 554 1159 desinet

189 1186 292 1230 ἀλλ’
323 1187 430 1238 αὐτὴ
467 1187 544 1239 μὲν
577 1188 616 1230 ἐν
648 1194 699 1243 τῇ
733 1188 880 1243 σελήνῃ
912 1189 1080 1242 περίεισι
1115 1191 1159 1232 τὸ
1191 1188 1444 1241 καλούμενον
1477 1188 1729 1243 Φαινόμενον

128 1257 331 1310 γενομένη
366 1257 592 1312 πρόσωπον.

182 1329 284 1374 'Pria
321 1323 407 1376 ista
447 1332 672 1389 participia
713 1333 774 1375 sic
815 1331 1011 1389 deinceps
1052 1333 1192 1389 posita
1227 1347 1311 1376 non
1345 1346 1560 1390 concoquo
1575 1346 1587 1387 ;
1620 1348 1720 1377 cum

122 1403 359 1467 sententiae
389 1402 684 1448 emolumento
718 1403 969 1455 καλούμενον
1001 1403 1180 1448 delebis.

182 1539 319 1586 398112
360 1540 424 1585 De
465 1542 644 1586 urbibus
687 1546 822 1586 terrae
865 1546 987 1586 motu
1029 1541 1180 1586 deletis
1221 1541 1398 1600 loquens
1438 1542 1638 1586 Philinus
1672 1547 1716 1587 et

123 1610 209 1657 alia
239 1618 549 1658 commemorat
580 1618 623 1658 et

182 1685 337 1740 πετρῶν
370 1685 439 1729 καὶ
471 1690 722 1740 Φλεγμονῶν
757 1686 833 1730 ὑπὸ
865 1685 1101 1736 πνεύματος
1135 1686 1389 1739 ἀναρρίψεις.

180 1755 245 1800 De
275 1761 526 1811 Φλεγμονῶν
553 1757 725 1810 dubito3
752 1759 962 1815 interpres
989 1757 1062 1801 dat
1090 1772 1359 1810 „massarum
1387 1757 1721 1816 flagrantium'';

119 1826 194 1872 sed
224 1833 344 1872 estne
373 1828 477 1873 haec
507 1828 706 1875 vocabuli
738 1827 893 1873 Graeci
924 1827 1023 1873 vis?

179 1963 313 2010 3981·
359 1965 490 2011 Hisce
533 1967 731 2010 omnibus
772 1967 900 2010 rebus
941 1965 1218 2019 terribilibus,
1263 1980 1368 2023 quas
1410 1970 1553 2011 tamen
1597 1982 1714 2024 prae-

117 2035 282 2082 dixerat
323 2037 560 2090 oraculum,
604 2039 966 2089 commemoratiS,
999 2039 1060 2081 sic
1092 2037 1428 2095 disputationem
1461 2053 1584 2082 suam
1619 2053 1718 2082 con-

122 2106 281 2153 cludit:

53 2185 61 2192 '
181 2183 322 2224 ταῦτα
356 2181 441 2234 γὰρ
472 2181 506 2224 εἰ
539 2181 690 2234 γέγονε
724 2184 943 2224 πιστεῦσαι
977 2181 1170 2234 χαλεπόν
1204 2180 1306 2234 ἔστι,
1340 2182 1399 2233 μή
1432 2181 1474 2223 τί
1504 2198 1557 2234 γε
1592 2198 1719 2236 προει-

118 2256 211 2295 πεῖν
242 2250 340 2296 ἄνευ
373 2251 590 2303 θειότητος.

175 2321 307 2368 Deest
347 2322 512 2382 aliquid
551 2327 595 2368 et
630 2325 691 2367 sic
722 2322 1034 2381 supplendum:
1069 2339 1107 2366 τ.
1141 2339 1186 2376 y.
1221 2324 1255 2366 εἷ
1291 2323 1380 2365 ἐπεὶ
1415 2322 1565 2376 γέγονε
1600 2340 1715 2368 πιστ.

118 2409 166 2449 x.
202 2394 289 2439 urz.
319 2395 434 2439 Nam
464 2396 677 2439 sententia
709 2398 797 2438 est:

177 2465 226 2510 Si
255 2466 373 2520 haec,
405 2468 536 2510 etiam
567 2471 796 2524 postquam
828 2471 1075 2518 evenerunt,
1102 2467 1173 2510 vix
1205 2465 1424 2510 credibilia
1455 2469 1570 2518 suut,
1600 2470 1714 2511 certe

115 2537 303 2596 praedici
334 2539 425 2582 sine
456 2540 501 2582 vi
533 2537 680 2583 divina
711 2553 796 2582 non
828 2542 1076 2596 potuerunt.

171 2680 311 2726 399A
360 2681 580 2740 „Sibyllae
623 2686 666 2726 et
707 2682 911 2726 Bacides''
945 2684 1006 2726 sic
1036 2681 1282 2726 incredulus
1312 2680 1386 2724 ille
1420 2681 1610 2725 Boethus
1646 2696 1712 2726 ra-

106 2753 342 2797 tiocinatur
385 2755 456 2805 „in
499 2759 670 2811 tempus
710 2754 931 2798 infinitum
965 2759 1184 2811 tamquam
1216 2755 1260 2796 in
1293 2752 1512 2796 Oceanum
1543 2757 1704 2798 temere

106 2823 315 2870 vocabula
346 2824 556 2883 quaedam
587 2829 630 2868 et
662 2827 837 2869 nomina
869 2825 1130 2870 coniiciunt'’

166 2893 239 2950 οἷς,
281 2897 534 2950 γιγνομένων
580 2897 688 2940 ἐνίων
731 2898 814 2940 ἀπὸ
857 2897 1006 2950 τύχης,
1051 2896 1192 2948 ὁμοίως
1236 2896 1386 2948 ψεῦδός
1431 2896 1519 2939 ἐστι
1560 2896 1605 2939 τὸ
1641 2899 1707 2940 νῦν

104 2968 342 3022 λεγόμενον,
377 2968 453 3012 κᾶν
485 2967 648 3022 ὕστερον
681 2970 856 3021 ἀληθῶς,
888 2970 922 3012 εἱ
956 2969 1077 3021 τύχοι
1110 2968 1296 3020 γένηται.
