2002 3372
852 217 932 260 141

29 378 34 384 .
88 356 173 389 nus
196 342 450 389 amiserunt.
483 340 596 384 'l'um
623 339 676 384 ad
703 339 832 383 finem
858 339 959 383 libri
986 348 1122 398 usque
1149 355 1318 398 semper
1344 341 1395 384 de
1421 356 1507 385 uno
1531 340 1695 385 Graeco

29 455 34 473 «Α
87 414 265 461 homine
295 426 467 471 unoque
497 412 690 456 Romano
723 411 903 456 eandam
936 426 1028 455 rem
1060 412 1215 456 iisdem
1246 413 1333 456 fere
1365 416 1510 456 narrat
1541 413 1697 456 verbis.

88 485 232 542 Atque
271 483 475 542 pleraque
515 484 660 527 omnia
700 486 776 526 aut
822 484 1166 527 comminiscitur
1206 485 1298 540 ipse
1340 487 1417 527 aut
1456 498 1508 527 ex
1550 483 1695 541 aliquo

89 560 241 614 11011111,ι
265 565 401 613 ¹quam
443 558 586 599 tamen
630 554 714 598 sibi
756 553 946 598 stultitia
988 554 1178 598 similem
1209 557 1403 599 invenire
1434 557 1591 612 potuit,
1625 570 1697 599 ex-

91 629 243 685 cerpit.
284 626 376 671 Iam
418 627 466 670 in
507 627 607 682 ipso'
642 627 768 668 initio
801 625 1174 677 absurdissimum,
1208 629 1258 669 ut
1288 626 1400 669 mihi
1429 627 1603 683 quidem
1637 629 1699 670 vi-

91 698 233 755 detur,
259 699 456 742 omnium
483 697 605 741 nobis
621 696 848 740 exhibetur
865 696 1138 754 exemplum:
1155 696 1345 754 legimus
1362 699 1477 741 enim
1495 713 1536 755 p.
1558 697 1697 741 305D

92 770 146 818 de
175 768 377 828 Agesilao
408 769 539 813 fratre
570 767 872 811 Themistoclis
900 770 975 825 qui
1001 768 1150 812 eodem
1181 783 1265 825 quo
1293 768 1468 812 Mucius
1493 769 1698 814 Scaevola

27 840 34 846 ”
90 841 202 887 facte
241 840 457 887 inclaruit.
500 840 566 882 An
609 841 743 883 etiam
782 839 1011 883 absurdius
1043 840 1157 897 quod
1190 839 1320 897 paulo
1351 844 1449 897 post
1481 840 1588 894 (306
1605 840 1696 894 BG)

88 911 254 971 legitur
299 911 352 959 de
396 910 643 968 Misthynio
690 910 942 954 Amblireno
990 912 1064 967 qui
1107 925 1151 955 se
1191 912 1237 954 in
1266 911 1458 968 surculis
1504 912 1696 955 Caudinis

88 983 280 1032 alterum
319 983 566 1041 praebuerit
599 979 896 1039 Othryadem?
937 981 1023 1025 Pro
1056 996 1139 1038 quo
1172 984 1358 1035 nomine,
1390 983 1584 1026 Romano
1617 985 1695 1027 sci—

88 1055 204 1109 licet,
248 1054 364 1112 quod
405 1053 556 1098 doctus
601 1055 775 1096 criticus
810 1053 1053 1101 Postumium
1084 1053 1276 1096 Albinum
1308 1056 1489 1098 coniecit
1521 1069 1694 1111 operam

88 1131 136 1177 et
157 1133 339 1189 acumen
364 1125 599 1183 perdidisse
627 1125 814 1169 videtur.
847 1124 953 1168 Fere
979 1127 1124 1168 omnia
1150 1127 1267 1168 enim
1295 1139 1403 1181 quae
1419 1125 1490 1171 hic
1505 1124 1696 1182 legimus

89 1198 386 1246 Romanorum
426 1198 601 1241 nomina
642 1201 732 1240 tam
776 1199 878 1239 sunt
920 1195 1104 1239 absurda
1136 1199 1187 1239 ut
1219 1196 1330 1240 unde
1361 1199 1462 1240 nata
1493 1199 1581 1239 sint
1613 1212 1696 1241 non

92 1269 319 1328 dispiciam<
380 1278 386 1284 ·

154 1340 239 1385 Sed
279 1338 392 1383 nihil
430 1340 625 1383 insanius
667 1353 797 1396 quam
839 1352 979 1382 sermo
1021 1353 1104 1395 quo
1135 1337 1292 1382 nebulo
1325 1339 1417 1398 iste·
1439 1340 1592 1383 utitur.
1626 1339 1697 1383 Sic

91 1427 135 1471 p.
169 1411 307 1456 31:313}
347 1411 399 1455 de
441 1410 639 1462 muliere,
679 1424 788 1467 quae
819 1409 990 1454 caedem
1022 1411 1288 1467 perpetravit
1318 1411 1424 1467 ipsa,
1458 1424 1558 1453 cum
1591 1412 1696 1455 viris

91 1487 144 1528 ut
180 1483 227 1527 id
267 1483 453 1527 facerent
492 1481 746 1539 persuadere
787 1496 870 1525 non
912 1485 1068 1538 posset,
1113 1481 1216 1524 haec
1247 1479 1462 1538 legimus:
1498 1482 1605 1531 αὐτη
1638 1482 1694 1534 τῷ

93 1555 216 1608 μύσει
258 1556 337 1602 τὰς
376 1559 526 1607 χεῖρας
559 1553 712 1607 ἔχρισε,
743 1568 786 1610 p.
821 1551 959 1595 314A
989 1552 1221 1609 pulchrum
1254 1553 1383 1596 habes
1415 1554 1694 1610 participium

26 1627 27 1630 ’
93 1626 362 1680 καταλείψας
393 1639 470 1683 pro
502 1623 762 1676 καταλιπών,
793 1626 1028 1681 stat-imque
1061 1628 1207 1681 postea
1238 1623 1380 1678 βρόχῳ
1407 1624 1453 1667 τὸ
1481 1625 1551 1678 ζῆν
1579 1626 1698 1678 ἀνήρ-

93 1714 193 1750 τησε
225 1698 306 1742 1100
336 1710 483 1741 sensu:
519 1696 774 1754 „suspendio
807 1698 943 1740 vitam
977 1695 1163 1739 finivit’'.

154 1769 278 1824 Quod
323 1773 470 1813 autem
518 1768 795 1812 coniiciebam
836 1767 1018 1810 eundem
1062 1772 1105 1810 et
1148 1766 1361 1809 Parallela
1403 1767 1506 1810 haec
1550 1770 1593 1810 et
1635 1768 1698 1810 De

90 1841 252 1886 Fluviis
282 1841 514 1898 scripsisse,
543 1841 718 1883 omnino
747 1840 857 1883 mihi
880 1838 1128 1882 incredibile
1154 1839 1383 1883 videbatur
1409 1843 1497 1881 tam
1525 1840 1698 1882 insanos

92 1914 207 1958 nasci
233 1913 424 1970 potuisse
450 1911 557 1955 duos
583 1912 779 1955 homines
805 1912 938 1954 etiam
966 1909 1209 1953 multorum
1238 1909 1510 1953 saeculorum
1538 1912 1697 1967 spatio5

91 1984 165 2029 sed
210 1983 425 2042 peculiare
473 1982 637 2040 aliquid
684 1983 870 2026 accedit:
919 1981 1152 2025 absurdum
1196 1981 1313 2024 istud
1356 1982 1373 2024 ὅ
1418 1982 1696 2034 προειρημένος

91 2069 219 2101 sensu
262 2056 543 2112 pronominis,
587 2054 699 2111 quod
740 2058 806 2097 est
849 2054 900 2106 is,
943 2053 1055 2110 quod
1097 2054 1225 2096 toties
1267 2053 1390 2096 nobis
1431 2055 1477 2095 in
1508 2052 1618 2097 libro
1651 2054 1699 2096 de

91 2127 254 2172 Fluviis
284 2125 460 2170 offertur
492 2127 625 2169 etiam
651 2126 723 2169 hic
749 2124 1095 2182 deprehenditur.
1130 2123 1265 2167 Paulo
1290 2123 1531 2181 longiorem
1558 2125 1698 2167 citabo

89 2197 251 2251 locum,
285 2195 366 2255 qui’
389 2197 511 2241 nobis
541 2198 804 2254 ineptiarum
836 2195 1011 2253 praebet
1042 2209 1244 2239 acervum
1280 2194 1385 2248 (315
1399 2195 1480 2249 D):

155 2270 195 2313 ἐν
239 2269 428 2324 Λῖγεστῇ
471 2275 522 2323 τῇ
566 2268 682 2311 πόλει
727 2272 798 2316 τῆς
837 2268 1033 2314 Σικελίας
1068 2266 1232 2318 ἐγένετό
1272 2282 1332 2313 τις
1368 2267 1474 2317 ὠμὸς
1508 2267 1697 2316 τύραννος

21 2367 23 2370 <
99 2341 289 2392 Αἶμίλιος
318 2345 573 2391 Κενσωρῖνος.
600 2337 716 2387 οὗτος
744 2339 837 2386 τοὺς
866 2338 1077 2390 καινότερα
1106 2337 1412 2390 βασανιστήρια
1437 2337 1701 2380 κατασκευα-

98 2428 257 2461 σαντας
292 2411 530 2465 ἐδωροδόκει.
562 2407 620 2459 εἶς
655 2410 698 2453 δέ
730 2426 791 2456 τις
827 2410 1051 2463 Ἀρούντιος
1079 2409 1365 2461 Πατέρκουλος
1392 2409 1698 2461 δημιουργήσας

23 2533 25 2536 ⁴
95 2482 223 2528 ἵππον
254 2485 442 2537 χαλκοῦν
476 2483 532 2535 τῷ
562 2482 827 2534 προειρημένῳ
862 2480 979 2533 δῶρον
1010 2479 1170 2523 ἔδωκεν.

158 2554 264 2608 Quis
295 2558 512 2611 praeterea
543 2554 603 2596 sic
634 2555 718 2596 isto
751 2551 1030 2605 προειρημένος
1065 2565 1170 2594 usus
1202 2552 1259 2594 sit
1291 2552 1445 2593 nescio,

157 2625 363 2669 Dicebam
404 2624 603 2668 Vitarum
647 2639 767 2666 unum
799 2636 890 2666 esse
923 2636 1029 2678 opus
1061 2621 1209 2665 eodem
1242 2620 1418 2664 consilio
1451 2624 1700 2678 susceptum

96 2700 140 2740 et
179 2696 234 2740 ad
264 2695 395 2740 finem
426 2695 684 2754 perductum
716 2695 898 2750 ideoque
929 2693 1039 2736 mihi
1072 2692 1209 2735 videri
1241 2693 1444 2735 continua
1476 2694 1583 2735 serie
1616 2706 1700 2735 non

21 2766 23 2771 ’
95 2769 159 2812 ita
199 2766 332 2825 longo
375 2768 579 2824 temporis
622 2767 761 2823 spatio
792 2769 1015 2822 peractum
1046 2764 1091 2806 id
1123 2763 1422 2807 huiuscemodi
1454 2767 1532 2806 est.
1564 2762 1700 2820 Saepe

95 2840 141 2882 in
184 2838 293 2882 hanc
335 2839 591 2881 sententiam
634 2837 685 2880 de
734 2837 839 2879 Vitis
879 2837 969 2879 suis
1000 2834 1261 2878 Plutarchus
1291 2833 1483 2891 loquitur
1515 2837 1568 2886 (e.
1588 2848 1623 2877 c.
1655 2836 1702 2878 in

99 2909 359 2967 praefatione
390 2908 657 2960 ssmoleontis,
690 2909 866 2950 Demetr.
905 2921 941 2950 c.
977 2906 1017 2957 1,
1049 2905 1160 2948 Dion
1194 2920 1229 2949 c.
1263 2905 1339 2958 21)
1382 2906 1455 2948 sed
1488 2919 1701 2962 nusquam

17 2974 26 3023 J
102 2981 304 3024 disertius
337 2994 469 3036 quam
501 2981 545 3023 in
579 2980 838 3036 praefatione
869 2978 970 3021 libri
1001 2979 1050 3020 de
1088 2978 1230 3019 Theseo
1262 2982 1301 3019 et
1332 2977 1524 3019 Romulo:
