2002 3372
868 200 957 244 203

121 327 385 383 tissimaque.
407 324 538 369 Velut
564 326 613 368 de
641 326 741 382 Des.
765 325 831 368 Or.
861 325 950 367 412
962 324 1011 368 E.
1039 323 1228 367 ludibrio
1253 323 1382 366 habet
1398 324 1719 380 grammaticos,

121 399 196 455 qui
237 397 574 455 quaestiunculis
611 398 875 440 inanissimis
907 400 1042 439 semet
1073 397 1188 452 ipsos
1222 398 1455 451 „coquunt,
1489 399 1719 446 macerant,

119 467 400 526 defatigant'’.
443 467 566 521 Quod
609 471 757 511 autem
799 467 919 511 affert
960 464 1240 523 exemplum?
1282 466 1375 519 Quo
1407 465 1579 508 nullum
1613 468 1721 509 risui

45 547 47 551 '
118 539 330 584 movendo
362 541 530 597 aptius:
567 539 777 591 „Boiam”
812 541 874 582 ait
907 539 1135 591 „futurum
1167 538 1295 581 habet
1326 537 1464 589 βαλῶ,
1497 539 1722 581 interneci-

120 625 227 656 vum
267 625 373 669 ergo
415 612 530 654 inter
561 625 605 654 se
637 615 796 668 gerunt
828 609 993 653 bellum
1024 610 1300 667 grammatici
1332 613 1482 652 utrum
1514 610 1634 665 prius
1667 623 1720 652 an

118 683 334 740 posterius
375 693 401 724 λ
445 681 694 725 exciderit'’.
749 681 818 724 Sic
865 681 1025 724 refutat
1069 680 1339 723 Demetrium
1382 682 1720 737 grammaticum

121 752 330 798 Heracleo
371 753 651 811 Megarensis,
695 754 764 796 cui
806 754 909 809 quin
950 753 1093 809 magis
1135 765 1264 808 quam
1305 751 1547 795 adversario
1578 752 1722 795 faveat

118 825 379 869 Plutarchus
418 827 498 869 sub
529 825 674 868 fratris
705 824 843 867 latens
875 837 1054 881 persona
1085 825 1174 866 iam
1206 838 1289 866 non
1322 827 1388 866 est
1420 823 1718 867 dubitandum.

180 896 245 940 De
270 895 456 954 singulis
475 896 579 941 locis
602 911 739 954 neque
755 895 878 939 lubet
893 910 1030 953 neque
1046 910 1152 952 opus
1170 900 1235 938 cst
1252 895 1486 952 quidquam
1504 900 1719 939 annotare.

683 1113 739 1144 DE
771 1113 954 1144 VIRTU'I'E
986 1112 1162 1144 MORALI.

180 1224 325 1269 Multo
369 1226 501 1268 etiam
547 1224 801 1282 philosopho
842 1223 1127 1268 Chaeronensi
1168 1223 1388 1280 indignior
1429 1223 1498 1267 hic
1531 1223 1719 1277 libellus,

121 1311 264 1355 quem,
293 1300 344 1340 ut
370 1296 422 1340 ad
448 1295 577 1340 finem
605 1295 799 1354 perlegas
826 1300 1038 1352 quantum
1067 1295 1147 1338 tibi
1176 1298 1240 1338 est
1255 1295 1387 1338 taedii
1405 1294 1720 1341 devorandum!

122 1367 283 1413 Contra
334 1367 500 1411 Stoicos
545 1381 780 1424 eorumque
828 1367 1060 1424 perfectam
1109 1368 1318 1409 virtutem
1364 1367 1570 1423 puerulus
1616 1369 1722 1420 iste,

122 1438 352 1487 Aristotele
382 1440 607 1496 praecipuo
634 1444 805 1482 auctore
831 1453 936 1481 usus
956 1438 1001 1490 ¹),
1031 1438 1292 1480 demonstrat
1318 1440 1449 1481 etiam
1478 1453 1568 1482 esse
1597 1453 1726 1496 quan-

127 1511 227 1555 dam
267 1512 477 1555 virtutem
521 1525 573 1553 ex
617 1512 778 1553 ratione
821 1509 995 1553 affectus
1028 1509 1254 1552 cohibente
1287 1514 1447 1552 natam.
1483 1509 1607 1554 Certe
1639 1510 1723 1554 huc

125 1583 213 1627 fere
254 1581 365 1626 redit
403 1584 573 1639 ineptae
614 1581 1008 1639 disputatiunculae
1041 1585 1360 1636 argumentum.
1406 1581 1552 1625 Oratio
1585 1596 1722 1639 neque

121 1655 344 1712 perspicua
386 1657 451 1697 est
490 1668 626 1710 neque
669 1652 760 1696 ullo
791 1652 935 1710 lepore
967 1652 1305 1696 commendatur.
1340 1652 1461 1706 Quod
1494 1653 1598 1696 alibi
1631 1658 1721 1697 tam

121 1726 254 1770 facete
285 1725 411 1768 datur
440 1728 738 1782 praeceptum:
773 1724 852 1776 „ad
887 1725 1137 1767 ebrietatem
1165 1715 1385 1768 vit-andam
1414 1740 1497 1768 non
1526 1740 1631 1781 opus
1660 1730 1724 1769 est

118 1797 324 1854 qffwndere
363 1798 531 1849 vinum,
574 1801 694 1854 potes
737 1798 868 1839 etiam
902 1797 1113 1853 affundere
1146 1797 1329 1853 aquam''
1364 1796 1407 1839 id
1441 1797 1510 1840 hic
1541 1799 1602 1840 ita
1633 1812 1722 1841 cor-

115 1870 336 1927 rumpitur
377 1874 427 1912 ut
468 1867 589 1912 nullo
631 1869 761 1912 modo
803 1867 1020 1926 legentem
1063 1883 1249 1919 monere,
1295 1868 1454 1911 nedum
1497 1868 1719 1922 delectare,

118 1942 266 2001 possit.
299 1942 452 1985 Annon
482 1942 754 1999 ineptissima
782 1940 885 1984 haec
918 1945 981 1983 est
1013 1939 1269 1984 sententiola
1302 1939 1503 1995 (451D):

180 2012 273 2056 οὔτε
315 2013 399 2064 γὰρ
443 2009 540 2056 οἶνον
582 2013 616 2055 οἱ
660 2012 910 2066 φοβούμενοι
955 2013 1118 2066 μεθύειν
1152 2013 1363 2066 ἐκχέουσιν
1395 2014 1488 2056 οὔτε
1523 2013 1651 2062 πάθος
1683 2015 1717 2057 οἱ

116 2084 293 2132 δεδιότες
326 2084 372 2127 τὸ
405 2084 652 2137 ταρακτικὸν
685 2081 915 2135 ἀναιροῦσιν
949 2085 1066 2126 ἄλλα
1102 2085 1371 2137 κεραννύουσι,

116 2170 223 2214 quae
266 2160 310 2200 et
350 2158 559 2200 sermonis
599 2155 764 2199 laborat
809 2157 917 2199 vitio
962 2170 1095 2212 eoque
1138 2157 1411 2213 gravissimo.
1460 2156 1558 2200 Iure
1600 2160 1716 2202 enim

117 2230 242 2286 roget
284 2228 521 2284 quispiam:
569 2241 806 2284 „quaenam
850 2230 951 2270 sunt
991 2227 1092 2269 illae
1133 2242 1195 2270 res
1237 2241 1344 2284 quae
1377 2228 1446 2270 hic
1478 2230 1716 2274 miscendae

119 2297 379 2342 dicuntur?”
413 2300 583 2356 Aquam
619 2300 715 2341 vino
748 2300 993 2350 miscemus,
1028 2298 1100 2341 sed
1132 2298 1235 2355 quid
1263 2299 1575 2343 admisceamus
1601 2301 1717 2345 affec-

118 2370 236 2413 tibus
275 2371 470 2413 animum
511 2367 891 2427 perturbantibus?
934 2368 1103 2412 Dixeris
1145 2369 1337 2413 absolute
1377 2371 1446 2414 hic
1480 2373 1714 2424 κεραννύναι

116 2441 214 2493 dici,
255 2441 442 2483 diluendi
483 2440 727 2494 (vernacule
770 2439 1084 2497 ‚,aanlengen’')
1126 2455 1264 2493 sensu,
1299 2443 1509 2498 quomodo
1541 2451 1584 2487 et
1615 2450 1715 2488 noto

114 2511 191 2557 illo
223 2511 469 2556 Aristotelis
499 2512 591 2556 loco
625 2512 699 2555 fiat
732 2512 801 2564 (de
834 2514 884 2556 A.
903 2512 950 2554 P.
987 2527 1021 2555 c.
1057 2513 1114 2556 26
1148 2512 1311 2565 Vah1.>:

177 2588 239 2637 (et
277 2584 374 2628 aliis
415 2585 542 2628 rebus
585 2584 805 2642 tragoedia
850 2584 1070 2627 heroicum
1115 2599 1283 2629 carmen
1327 2587 1462 2630 vincit
1494 2592 1552 2637 et)
1587 2590 1642 2641 τῷ
1675 2589 1713 2630 ἕν

118 2656 306 2706 ἐλάττονι
348 2656 470 2706 μήκει
515 2657 560 2699 τὸ
603 2656 723 2703 τέλος
764 2661 839 2703 τῆς
871 2657 1086 2705 μιμήσεως
1120 2653 1245 2699 εἶναι·
1281 2658 1326 2700 τὸ
1360 2660 1443 2708 γὰρ
1478 2659 1712 2710 ἁθροώτερον

117 2726 220 2777 ἥδιον
262 2727 284 2777 ἦ
327 2730 373 2771 τὸ
391 2727 426 2782 2)
470 2729 610 2780 πολλῷ
654 2729 942 2780 κεραννύμενον
988 2729 1042 2781 τῷ
1082 2729 1223 2781 χρόνῳ.
1259 2730 1368 2780 λέγω
1404 2731 1438 2772 δ’
1472 2728 1549 2772 οἷον
1582 2731 1713 2780 εἴτις

114 2798 181 2842 τὸν
217 2799 411 2842 Οἰδίπουν
447 2799 632 2853 θείηῂτὸν
667 2799 925 2851 Σοφοκλέους
961 2801 1001 2842 ἐν
1036 2798 1172 2843 ἔπεσιν
1206 2798 1311 2848 ὅσοις
1344 2803 1364 2850 ἦ
1399 2802 1544 2849 Ἱλιάς.

161 2933 192 2972 l)
213 2932 293 2965 Inde
315 2934 362 2964 est
383 2932 464 2964 illud
489 2930 594 2969 αὐτὸς
618 2930 859 2971 Ἀριστοτέλης
883 2933 967 2975 quod
992 2934 1097 2965 448A
1124 2933 1251 2976 legitur.

161 2987 194 3029 2)
217 2987 398 3020 Articulum
422 2987 473 3019 hic
497 2987 699 3019 inserendum
725 2990 814 3029 puto.
