2002 3372
1092 218 1177 261 140

339 341 525 383 maxime
566 340 782 382 abstrusae
823 339 1160 396 reconditaeque,
1203 339 1488 400 Ghaeronensi
1521 340 1732 383 mentium
1763 339 1926 383 medico

339 424 509 466 prorsus
539 410 729 466 indigna.
1727 411 1732 415 '
1764 423 1766 425 ’

399 480 494 523 Duo
526 484 667 522 tamen
701 494 752 522 ex
783 494 831 522 eo
865 481 972 523 vitia
1004 480 1144 524 eluere
1176 481 1321 534 velim,
1354 481 1588 538 utrumque
1619 481 1672 525 ad
1698 480 1928 526 versiculos

341 552 527 607 pertinet
558 553 722 593 citatos.
1777 566 1779 568 ·

400 636 441 678 p.
475 621 612 664 295ss
646 635 693 663 ex
729 619 959 663 Aristotele
991 622 1147 664 citatur
1178 621 1422 665 oraculum:

582 694 662 733 πῖν’
697 689 795 734 οἶνον
827 692 1013 743 τρυγίαν,
1047 691 1134 734 ἐπεὶ
1163 694 1240 735 ὀὐκ
1271 692 1488 740 Ἀνθηδόνα
1521 693 1646 740 ναίεις

583 762 663 804 οὐδ’
695 762 804 813 ἱερὰν
841 762 1033 814 Ὑπέραν,
1067 759 1120 804 ὅθι
1154 764 1198 813 γ’
1227 761 1404 816 ἄτρυγον
1439 760 1535 805 οἶνον
1569 761 1715 810 ἔπινες.
1747 764 1751 766 ’

341 833 532 889 Legatur
564 832 617 875 ἕθι
652 835 755 874 κ”-
777 831 906 879 ἔπινες
941 836 991 875 ut
1024 834 1180 876 existat
1209 833 1408 876 sententia
1441 833 1736 876 conditionalis.
1768 831 1927 876 'Potum

341 905 455 945 enim
481 903 703 946 ‘oraculum
730 907 795 946 est
821 904 1092 946 huiusmodi:
1122 908 1371 954 „contentus
1399 907 1488 947 esto
1515 908 1614 947 tuae
1629 903 1791 960 patriae
1805 904 1927 956 vin03

340 975 501 1017 bonum
544 973 760 1030 postulare
802 976 951 1017 vinum
995 976 1136 1030 posses
1175 976 1211 1016 si
1242 975 1490 1018 Anthedone
1521 973 1593 1019 vel
1623 974 1824 1032 Hyperae
1854 974 1929 1017 ha-

341 1044 541 1087 bitares’'.

400 1129 442 1170 p.
472 1115 559 1157 299
572 1115 620 1157 Β.
653 1115 770 1158 Haec
797 1115 957 1158 scilicet
984 1114 1193 1159 cantilena
1218 1117 1399 1160 refertur
1415 1117 1498 1173 qua
1512 1115 1714 1160 mulieres
1729 1114 1926 1159 Eleenses

339 1185 554 1228 Bacchum
595 1187 790 1229 invocare
831 1188 916 1228 sint
957 1185 1128 1229 solitae:
1175 1187 1316 1238 ἐλθεῖν,
1359 1187 1431 1239 ἥρω
1466 1187 1649 1238 Διόνυσε,
1681 1187 1852 1229 Ἀλείων
1872 1187 1922 1234 ’ἐς

346 1256 436 1298 ναὸν
479 1255 605 1306 ἁγνὸν
642 1256 713 1298 σὺν
746 1257 986 1307 Χαρίτεσσιν
1019 1257 1057 1302 ἐς
1091 1257 1183 1299 ναὸν
1214 1259 1269 1310 τῷ
1301 1257 1405 1310 βοέῳ
1437 1257 1525 1300 ποδὶ
1561 1259 1672 1301 θύων.
1705 1256 1775 1301 Sic
1802 1258 1925 1300 resti-

340 1329 517 1368 tuantur
548 1326 770 1370 versiculi:
897 1326 899 1328 ’

885 1397 966 1439 ἔλθ’
1001 1395 1073 1448 ἥρω
1108 1397 1276 1440 Διόνυσε
1298 1397 1328 1451 ¹)
1351 1450 1354 1454 ι

886 1468 1055 1509 Ἀλείων
1089 1468 1154 1509 ἐπὶ
1189 1468 1282 1510 ναὸν
1376 1469 1414 1516 ἐς
1448 1467 1540 1511 ναόν

885 1538 1010 1589 ἁγνὸν
1042 1537 1112 1579 σὺν
1147 1539 1366 1590 Χαρίτεσσι

885 1609 939 1660 τῷ
973 1596 1077 1662 βοέῷ
1108 1609 1194 1651 ποδὶ
1229 1609 1339 1652 θύων.

339 1676 541 1719 Scholion
586 1679 727 1719 versui
773 1678 953 1720 secundo
1001 1679 1263 1734 adscriptum
1311 1682 1404 1736 post
1445 1683 1617 1723 versum
1659 1681 1837 1722 tertium
1875 1681 1921 1722 in

337 1750 505 1789 textum
536 1750 755 1803 receptum
788 1750 1033 1804 praecipuas
1065 1749 1180 1792 dedit
1210 1750 1368 1792 turbas.

396 1888 491 1932 Hoc
531 1903 630 1933 vero
678 1891 766 1932 iam
812 1890 1092 1933 metuendum
1133 1906 1214 1934 non
1257 1895 1321 1934 est
1362 1906 1416 1934 ne
1459 1906 1649 1948 unquam
1692 1893 1920 1949 quisquam

335 1961 489 2002 existat
532 1965 622 2003 tam
663 1961 920 2003 traditorum
959 1965 1085 2004 tenax
1128 1967 1300 2018 tamque
1340 1964 1527 2019 ingenio,
1568 1966 1695 2020 atque
1725 1962 1827 2006 adeo
1855 1964 1921 2006 in-

335 2031 453 2086 genii
482 2030 744 2082 infirmitate,
778 2037 1044 2075 conservator
1076 2036 1125 2075 ut
1156 2032 1388 2076 Plutarcho
1421 2033 1610 2076 vindicet
1640 2035 1767 2076 istam
1798 2049 1921 2077 συνα-

339 2102 480 2152 γωγὴν
521 2102 697 2153 ἱστοριῶν
731 2104 1009 2155 παραλλήλων
1047 2104 1292 2151 Ἑλληνικῶν
1327 2104 1395 2146 καὶ
1431 2105 1678 2156 Ῥωμαικῶν,
1709 2119 1793 2162 qua
1817 2119 1922 2148 nun·

341 2186 466 2228 quam
509 2173 741 2229 quidquam
782 2174 874 2217 vidi
914 2176 1103 2231 ineptius
1144 2175 1464 2231 absurdiusque,
1516 2177 1599 2219 nisi
1645 2176 1752 2219 forte
1793 2175 1920 2219 illum

343 2243 434 2294 „De
467 2243 654 2285 Fluviis”
686 2243 862 2288 librum.
904 2244 1085 2288 Difficile
1117 2245 1258 2288 hercle
1290 2250 1354 2288 est
1385 2261 1467 2303 quo
1499 2248 1655 2290 mentis
1684 2247 1834 2290 morbo
1861 2248 1922 2289 in·

339 2315 429 2356 sani
475 2315 549 2356 isti
595 2315 898 2358 homunciones
945 2315 1229 2359 laboraverint
1277 2317 1533 2370 describere;
1589 2331 1641 2360 an
1688 2321 1919 2374 utrumque

338 2383 452 2426 idem
485 2384 710 2428 conflavit?
743 2387 802 2428 sic
835 2386 966 2429 altero
998 2390 1116 2429 tanto
1147 2386 1392 2430 credibilior
1422 2391 1510 2430 tota
1541 2401 1607 2430 res
1637 2387 1769 2430 fieret.

399 2454 490 2497 Iam
533 2458 680 2498 statim
713 2457 815 2513 quid
846 2459 934 2499 suis
968 2456 1249 2509 „Parallelis”
1283 2456 1470 2501 voluerit
1500 2457 1620 2501 latet.
1650 2457 1921 2514 scripturum

338 2539 381 2567 se
409 2539 497 2567 esse
527 2525 712 2569 declarat
736 2527 786 2570 de
810 2527 1030 2570 miraculis
1058 2527 1258 2570 Romanis
1282 2532 1330 2570 ut
1351 2529 1410 2571 sic
1431 2528 1557 2570 fidem
1581 2527 1707 2571 addat
1728 2526 1920 2572 Graecis:

339 2597 512 2651 antiqua
539 2598 653 2638 enim
680 2597 771 2640 fieri
796 2598 1013 2641 credibilia
1040 2600 1179 2655 magis
1205 2600 1241 2641 si
1267 2600 1395 2642 etiam
1423 2603 1567 2655 postea
1591 2597 1732 2641 simile
1757 2598 1919 2655 aliquid

338 2666 538 2708 accidisse
580 2667 918 2711 demonstratum
960 2670 1030 2711 sit.
1070 2668 1152 2712 Sed
1194 2670 1254 2712 ita
1296 2674 1338 2712 te
1369 2670 1510 2713 verbis
1541 2670 1630 2711 suis
1658 2669 1839 2725 impedit
1870 2672 1920 2711 ut

338 2738 413 2778 vix
455 2740 496 2778 te
538 2740 729 2781 extricas.
771 2738 925 2795 Incipit
966 2743 1111 2782 autem
1155 2753 1179 2782 a
1220 2744 1403 2795 quatuor
1441 2739 1696 2790 hominibus,
1737 2740 1812 2795 qui
1841 2739 1920 2782 hoc

337 2808 449 2849 inter
489 2821 532 2849 se
563 2822 791 2852 commune
826 2810 1067 2853 habuerunt
1097 2810 1209 2866 quod
1243 2842 1253 2852 .
1273 2842 1313 2853 ..
1348 2824 1494 2853 omnes
1524 2823 1701 2852 manum
1731 2808 1802 2853 vel
1832 2823 1921 2852 ma-

385 2958 422 3001 l)
446 2960 511 2991 An:
537 2956 641 2991 ἐλθεῖν
667 2956 692 2990 ὦ
715 2961 877 2992 ΔιόνυσεΡ

1989 243 1992 251 .
1990 218 1992 222 ,
1989 191 1991 209 Α
1982 20 1994 184 ,ᾁ-πκιωη-α-
