2002 3372
4 1180 22 1403 geefflaem-assqm
0 1002 22 1170 R-——nilu-u·
14 940 19 986 „-,
19 899 21 902 ,
17 820 25 826 -,

878 234 964 280 271

121 361 167 403 in
211 359 452 412 Graeciam,
495 362 681 403 matrem
722 358 844 401 illam
877 359 1018 401 omnis
1051 356 1313 414 disciplinae,
1345 358 1428 400 iter
1459 357 1645 400 fecerant
1677 371 1725 400 eo

121 432 372 488 praesertim
413 430 595 475 consilio
626 434 676 473 ut
706 430 769 472 ibi
802 428 1145 472 familiaritatem
1175 428 1474 472 contraherent
1506 442 1604 470 cum
1637 426 1726 470 illis

122 504 197 560 qui
235 501 364 546 laude
404 501 632 546 literarum
671 500 891 552 florebant,
936 502 1040 543 viris
1084 500 1266 556 denique
1309 498 1493 542 literatis
1534 502 1577 542 et
1618 500 1726 555 ipsis

122 572 422 631 doctrinaeque
444 573 612 632 cupidis
639 572 712 616 sed
740 574 872 616 etiam
900 573 1038 628 ipsius
1064 570 1260 628 oppiduli
1275 569 1442 622 incolis,
1469 571 1726 626 rusticisque

122 646 198 702 qui
233 659 368 702 prope
398 644 510 688 illud
543 658 668 702 agros
701 658 800 687 suos
831 643 1051 686 haberent.
1097 642 1180 686 Sed
1211 643 1353 700 magis
1386 643 1531 694 etiam,
1567 643 1603 684 si
1635 641 1728 684 fieri

121 719 276 774 potest,
316 717 398 761 hoc
439 731 516 774 pro
559 720 672 760 certo
704 716 825 760 nobis
858 719 1023 759 constat
1054 715 1294 758 uberrimos
1323 714 1423 758 11108
1455 728 1603 757 01111168
1634 727 1727 770 per-

121 789 281 846 cepisse
323 788 490 832 fructus
533 802 584 831 ex
621 786 700 831 1113
743 787 943 830 fidissimi
985 788 1167 844 pastoris
1204 786 1510 837 admonitione,
1545 799 1652 842 quae
1685 789 1728 828 et

122 860 355 917 sapientiae
401 863 445 902 et
490 860 718 903 suavitatis
766 862 939 902 tantum
964 858 1175 903 haberet.
1222 858 1391 901 Abiisse
1435 856 1535 900 inde
1579 871 1727 900 omnes

122 932 287 991 opinor,
333 932 370 974 si
411 945 494 974 non
535 929 661 988 plane
699 929 863 974 levatos
908 930 1056 973 morbo
1090 954 1146 961 —
1178 943 1278 972 nam
1320 943 1371 972 ex
1415 928 1727 972 insanabilibus

122 1015 235 1045 unus
261 1000 337 1045 ille
368 1015 460 1046 esse
492 1001 664 1045 videtur
693 1025 748 1034 -—
777 1005 821 1044 at
853 1002 958 1044 bene
991 1000 1163 1044 edoctos
1196 999 1301 1056 quid
1329 999 1411 1042 sibi
1439 1003 1550 1042 esset
1577 1000 1728 1043 facien-

122 1073 228 1116 dum
268 1087 322 1117 ne
351 1074 527 1131 gravior
556 1072 677 1116 fieret
707 1072 782 1116 ille
815 1076 858 1115 et
890 1073 1049 1115 sensim
1079 1073 1173 1129 ipso
1206 1075 1401 1128 tempore
1432 1069 1726 1115 invalesceret.

183 1143 251 1188 Ad
293 1143 488 1203 singulos
527 1143 642 1188 locos
684 1158 819 1201 pauca
861 1169 918 1175 —
960 1157 1063 1186 nam
1105 1157 1189 1186 non
1231 1141 1426 1186 multum
1470 1142 1539 1184 hic
1581 1143 1728 1185 critico

121 1214 383 1272 relinquitur
414 1240 471 1249 —
504 1215 609 1259 haec
641 1215 855 1259 annotabo
869 1228 879 1266 3

185 1286 321 1331 502ss
367 1285 526 1330 Statim
567 1288 611 1330 in
655 1287 782 1329 initio
823 1300 867 1330 se
898 1285 1042 1343 prodit
1074 1287 1232 1329 mentis
1264 1285 1471 1337 medicus,
1504 1283 1728 1329 vocabulis

120 1360 240 1403 'euim
282 1360 424 1402 utitur
464 1372 572 1416 quae
613 1361 658 1401 in
700 1358 857 1401 medici
899 1361 990 1402 arte
1032 1361 1133 1401 sunt
1170 1357 1392 1416 legitima:
1428 1357 1728 1409 ἀναλαμβάνει

125 1430 365 1484 θεράπευμα
398 1433 442 1474 et
472 1429 712 1484 Φάρμακον.

188 1573 324 1620 5020
371 1574 536 1632 Nequis
583 1573 751 1618 dubitet
798 1574 900 1631 quin
940 1574 985 1616 in
1029 1572 1254 1616 Plutarchi
1298 1576 1467 1616 textum
1510 1572 1728 1616 interdum

125 1645 291 1704 aliquid
331 1660 355 1690 e
394 1647 591 1704 margine
622 1646 868 1702 irrepserit:
901 1646 1044 1688 citatis
1075 1644 1274 1689 versibus
1306 1658 1357 1688 ex
1389 1643 1596 1701 Euripide
1628 1645 1730 1688 haec

125 1718 365 1762 adduntur:

247 1789 492 1842 δικαιότερον
534 1788 584 1832 ἄν
617 1805 682 1837 τις
714 1788 819 1832 εἴποι
852 1787 949 1842 πρὸς
981 1787 1050 1830 τὸν
1082 1787 1313 1841 οὶδόλεσχον
1346 1789 1529 1843 [μᾶλλον
1564 1787 1605 1830 δὲ
1638 1787 1727 1839 περὶ

1360 1862 1431 1902 τοῦ
1463 1858 1728 1914 ἀδολέσχου]

124 1931 296 1977 Inclusa
327 1931 633 1990 Stegmanuus,
668 1946 775 1989 quae
808 1935 871 1975 est
903 1933 996 1975 eius
1029 1933 1253 1988 sagacitas,
1286 1930 1458 1975 delevit.

142 2112 147 2117 .
189 2074 326 2120 502E
368 2075 606 2133 Postquam
649 2076 846 2132 exposuit
889 2076 963 2118 vix
1004 2074 1094 2118 ulla
1127 2074 1340 2118 medicina
1372 2073 1607 2118 sanabilem
1639 2089 1731 2119 esse

125 2147 326 2192 morbum
356 2145 678 2204 loquacitatem,
712 2147 773 2190 sic
805 2147 972 2204 pergit:

187 2219 222 2262 εἰ
255 2218 289 2261 δ’
321 2214 388 2261 οὖν
421 2218 530 2261 δοκεῖ
560 2218 757 2269 πείρας
788 2217 954 2269 μηδὲν
987 2218 1384 2269 ἐλλελεῖφθαι,
1418 2217 1597 2269 εἴπωμεν
1630 2217 1728 2271 πρὸς

248 2286 276 2332 ὦ
309 2294 404 2342 παῖ,
437 2288 596 2332 σιώπα·
631 2288 755 2332 πόλλ’
790 2287 879 2342 ἔχει
908 2290 1008 2340 σιγὴ
1042 2288 1172 2331 καλά.
1357 2288 1444 2343 [τὸν
1476 2288 1728 2341 άδόλεσχον·

125 2360 286 2405 Notata
311 2362 372 2404 sic
398 2362 532 2404 vertit
556 2362 788 2418 interpres:
820 2359 959 2412 „nihil
983 2361 1246 2403 intentatum
1274 2375 1356 2402 esse
1381 2359 1731 2416 relinquendum'’.

125 2433 288 2477 Parum
328 2437 537 2484 accurate,
580 2436 631 2475 ut
671 2434 832 2489 opinor.
874 2431 968 2475 Hoc
1001 2431 1112 2475 velle
1144 2431 1402 2474 Plutarchus
1434 2431 1630 2474 videtur:
1667 2433 1732 2482 „si

126 2504 248 2548 nobis
292 2503 404 2547 nihil
449 2505 710 2546 intentatum
753 2502 968 2559 reliquisse
999 2502 1198 2546 videmur
1230 2517 1265 2546 e.
1284 2517 1324 2559 q.
1343 2502 1423 2546 s.''.
1469 2502 1732 2558 „Postquam

127 2575 335 2620 exhausta
375 2578 440 2619 est
483 2576 624 2618 omnis
665 2573 811 2629 aqendi
854 2574 1068 2625 mat-eries,
1112 2587 1135 2615 a
1178 2573 1354 2626 silentio,
1388 2573 1468 2617 hoc
1500 2577 1564 2616 est
1598 2587 1622 2616 a
1653 2588 1732 2615 non

127 2646 274 2701 aqendi
304 2648 481 2699 ratione,
515 2660 640 2703 opem
671 2649 882 2703 petamus.

190 2790 321 2835 502F
350 2789 463 2835 Cum
481 2791 897 2847 appropinquantem
914 2788 1064 2832 vident
1078 2788 1305 2846 garrulum
1323 2788 1546 2832 discedunt
1563 2801 1730 2832 omnes:

191 2861 270 2906 κᾶν
302 2862 342 2905 ἐν
377 2860 605 2914 ἡμικυκλίῳ
638 2860 714 2903 τινὶ
749 2859 1024 2914 καθεζόμενοι,
1059 2860 1135 2902 κᾶν
1167 2863 1491 2914 περιπατοῦντες
1523 2860 1563 2902 ἒν
1590 2860 1731 2913 ταύτῷ

130 2933 356 2977 θεάσωνται
388 2936 714 2986 προσφοιτῶντα.

190 3003 402 3062 Displicet
442 3005 598 3057 ταύτῷ,
632 3008 676 3047 et
707 3002 1072 3060 quemadmodum
1106 3003 1215 3046 locus
1245 3004 1291 3046 in
1324 3017 1408 3060 quo
1438 3004 1573 3046 sedere
1604 3002 1733 3047 collo-
