<?xml version="1.0" encoding="UTF-8"?>
<!DOCTYPE html PUBLIC "-//W3C//DTD XHTML 1.0 Transitional//EN"
    "http://www.w3.org/TR/xhtml1/DTD/xhtml1-transitional.dtd">
<html xmlns="http://www.w3.org/1999/xhtml" xml:lang="en" lang="en">
 <head>
  <title>
</title>
<meta http-equiv="Content-Type" content="text/html;charset=utf-8" />
  <meta name='ocr-system' content='tesseract 3.04.00' />
  <meta name='ocr-capabilities' content='ocr_page ocr_carea ocr_par ocr_line ocrx_word'/>
</head>
<body>
  <div class='ocr_page' id='page_1' title='image "./deplutarchoscrip00hartuoft_0368.png"; bbox 0 0 2002 3372; ppageno 0'>
   <div class='ocr_carea' id='block_1_1' title="bbox 1059 259 1146 310">
    <p class='ocr_par' dir='ltr' id='par_1_1' title="bbox 1059 259 1146 310">
     <span class='ocr_line' id='line_1_1' title="bbox 1059 259 1146 310; baseline 0.011 -1"><span class='ocrx_word' id='word_1_1' title='bbox 1059 259 1146 310; x_wconf 80' lang='lat'>352</span> 
     </span>
    </p>
   </div>
   <div class='ocr_carea' id='block_1_2' title="bbox 315 387 1900 2917">
    <p class='ocr_par' dir='ltr' id='par_1_2' title="bbox 315 387 1900 2917">
     <span class='ocr_line' id='line_1_2' title="bbox 315 387 1890 446; baseline -0.001 -12"><span class='ocrx_word' id='word_1_2' title='bbox 315 387 477 434; x_wconf 74' lang='lat' dir='ltr'>Thebas</span> <span class='ocrx_word' id='word_1_3' title='bbox 492 387 697 433; x_wconf 87' lang='lat' dir='ltr'>liberandi</span> <span class='ocrx_word' id='word_1_4' title='bbox 713 392 885 445; x_wconf 85' lang='lat' dir='ltr'>paratur</span> <span class='ocrx_word' id='word_1_5' title='bbox 901 389 993 440; x_wconf 83' lang='lat' dir='ltr'>(vix</span> <span class='ocrx_word' id='word_1_6' title='bbox 1008 387 1206 431; x_wconf 80' lang='lat' dir='ltr'><strong>credibile</strong></span> <span class='ocrx_word' id='word_1_7' title='bbox 1223 392 1287 431; x_wconf 90' lang='lat' dir='ltr'>est</span> <span class='ocrx_word' id='word_1_8' title='bbox 1303 402 1431 445; x_wconf 89' lang='lat' dir='ltr'>quam</span> <span class='ocrx_word' id='word_1_9' title='bbox 1450 387 1611 431; x_wconf 89' lang='lat' dir='ltr'>multae</span> <span class='ocrx_word' id='word_1_10' title='bbox 1627 400 1694 432; x_wconf 79' lang='lat' dir='ltr'>res</span> <span class='ocrx_word' id='word_1_11' title='bbox 1705 387 1890 446; x_wconf 73' lang='lat' dir='ltr'>cognitu</span> 
     </span>
     <span class='ocr_line' id='line_1_3' title="bbox 317 458 1893 519; baseline -0.001 -14"><span class='ocrx_word' id='word_1_12' title='bbox 317 463 589 519; x_wconf 82' lang='lat' dir='ltr'>dignissimae</span> <span class='ocrx_word' id='word_1_13' title='bbox 619 460 1030 515; x_wconf 78' lang='lat' dir='ltr'>iucundissimaeque</span> <span class='ocrx_word' id='word_1_14' title='bbox 1061 461 1105 501; x_wconf 91' lang='lat' dir='ltr'>in</span> <span class='ocrx_word' id='word_1_15' title='bbox 1138 473 1272 502; x_wconf 90' lang='lat' dir='ltr'>unum</span> <span class='ocrx_word' id='word_1_16' title='bbox 1303 459 1415 502; x_wconf 90' lang='lat' dir='ltr'>hunc</span> <span class='ocrx_word' id='word_1_17' title='bbox 1448 458 1608 502; x_wconf 78' lang='lat' dir='ltr'>librum</span> <span class='ocrx_word' id='word_1_18' title='bbox 1639 459 1767 516; x_wconf 68' lang='lat' dir='ltr'>paule</span> <span class='ocrx_word' id='word_1_19' title='bbox 1793 459 1893 516; x_wconf 69' lang='lat' dir='ltr'>plns</span> 
     </span>
     <span class='ocr_line' id='line_1_4' title="bbox 317 529 1894 589; baseline -0.001 -14"><span class='ocrx_word' id='word_1_20' title='bbox 317 534 535 589; x_wconf 82' lang='lat' dir='ltr'>sexaginta</span> <span class='ocrx_word' id='word_1_21' title='bbox 565 533 818 587; x_wconf 85' lang='lat' dir='ltr'>paginarum</span> <span class='ocrx_word' id='word_1_22' title='bbox 850 529 1236 572; x_wconf 79' lang='lat' dir='ltr'>Teubnerianarum</span> <span class='ocrx_word' id='word_1_23' title='bbox 1268 544 1350 572; x_wconf 91' lang='lat' dir='ltr'>non</span> <span class='ocrx_word' id='word_1_24' title='bbox 1381 531 1672 586; x_wconf 74' lang='lat' dir='ltr'>constipentur</span> <span class='ocrx_word' id='word_1_25' title='bbox 1698 530 1894 587; x_wconf 55' lang='lat' dir='ltr'>sedapte</span> 
     </span>
     <span class='ocr_line' id='line_1_5' title="bbox 317 599 1894 659; baseline 0 -14"><span class='ocrx_word' id='word_1_26' title='bbox 317 607 359 645; x_wconf 92' lang='lat' dir='ltr'>et</span> <span class='ocrx_word' id='word_1_27' title='bbox 398 603 615 659; x_wconf 84' lang='lat' dir='ltr'>eleganter</span> <span class='ocrx_word' id='word_1_28' title='bbox 654 601 956 643; x_wconf 86' lang='lat' dir='ltr'>contrahantur</span> <span class='ocrx_word' id='word_1_29' title='bbox 995 602 1054 643; x_wconf 89' lang='lat' dir='ltr'>ita</span> <span class='ocrx_word' id='word_1_30' title='bbox 1094 604 1143 642; x_wconf 88' lang='lat' dir='ltr'>ut</span> <span class='ocrx_word' id='word_1_31' title='bbox 1174 605 1322 657; x_wconf 88' lang='lat' dir='ltr'>sponte</span> <span class='ocrx_word' id='word_1_32' title='bbox 1358 600 1583 643; x_wconf 87' lang='lat' dir='ltr'>videantur</span> <span class='ocrx_word' id='word_1_33' title='bbox 1608 599 1894 645; x_wconf 30' lang='lat' dir='ltr'>&#39;nuncianum</span> 
     </span>
     <span class='ocr_line' id='line_1_6' title="bbox 317 669 1895 727; baseline -0.001 -13"><span class='ocrx_word' id='word_1_34' title='bbox 317 687 367 714; x_wconf 82' lang='lat' dir='ltr'>ex</span> <span class='ocrx_word' id='word_1_35' title='bbox 410 671 572 723; x_wconf 86' lang='lat' dir='ltr'>altera),</span> <span class='ocrx_word' id='word_1_36' title='bbox 619 671 722 712; x_wconf 87' lang='lat' dir='ltr'>dum</span> <span class='ocrx_word' id='word_1_37' title='bbox 764 685 865 727; x_wconf 91' lang='lat' dir='ltr'>ergo</span> <span class='ocrx_word' id='word_1_38' title='bbox 890 670 1014 713; x_wconf 58' lang='lat' dir='ltr'>,illud</span> <span class='ocrx_word' id='word_1_39' title='bbox 1055 670 1280 714; x_wconf 88' lang='lat' dir='ltr'>consilium</span> <span class='ocrx_word' id='word_1_40' title='bbox 1311 674 1499 727; x_wconf 82' lang='lat' dir='ltr'>paratur,</span> <span class='ocrx_word' id='word_1_41' title='bbox 1530 669 1696 714; x_wconf 74' lang='lat' dir='ltr'>Thebes</span> <span class='ocrx_word' id='word_1_42' title='bbox 1722 670 1895 716; x_wconf 65' lang='lat' dir='ltr'>aduenit</span> 
     </span>
     <span class='ocr_line' id='line_1_7' title="bbox 316 740 1896 798; baseline 0 -14"><span class='ocrx_word' id='word_1_43' title='bbox 316 743 466 798; x_wconf 90' lang='lat' dir='ltr'>hospes</span> <span class='ocrx_word' id='word_1_44' title='bbox 507 756 557 783; x_wconf 87' lang='lat' dir='ltr'>ex</span> <span class='ocrx_word' id='word_1_45' title='bbox 599 740 736 793; x_wconf 86' lang='lat' dir='ltr'>Italia,</span> <span class='ocrx_word' id='word_1_46' title='bbox 778 740 936 783; x_wconf 85' lang='lat' dir='ltr'>multas</span> <span class='ocrx_word' id='word_1_47' title='bbox 978 754 1236 798; x_wconf 85' lang='lat' dir='ltr'>magnasque</span> <span class='ocrx_word' id='word_1_48' title='bbox 1279 755 1423 783; x_wconf 89' lang='lat' dir='ltr'>secum</span> <span class='ocrx_word' id='word_1_49' title='bbox 1463 741 1600 784; x_wconf 86' lang='lat' dir='ltr'>ferens</span> <span class='ocrx_word' id='word_1_50' title='bbox 1628 741 1819 794; x_wconf 70' lang='lat' dir='ltr'>divitias,</span> <span class='ocrx_word' id='word_1_51' title='bbox 1849 745 1896 784; x_wconf 81' lang='lat' dir='ltr'>et</span> 
     </span>
     <span class='ocr_line' id='line_1_8' title="bbox 317 810 1894 868; baseline 0 -13"><span class='ocrx_word' id='word_1_52' title='bbox 317 813 558 855; x_wconf 87' lang='lat' dir='ltr'>adessentne</span> <span class='ocrx_word' id='word_1_53' title='bbox 589 811 744 854; x_wconf 80' lang='lat' dir='ltr'>Thebis</span> <span class='ocrx_word' id='word_1_54' title='bbox 773 812 999 867; x_wconf 85' lang='lat' dir='ltr'>inquisivit</span> <span class='ocrx_word' id='word_1_55' title='bbox 1029 811 1297 868; x_wconf 86' lang='lat' dir='ltr'>Polymnidis</span> <span class='ocrx_word' id='word_1_56' title='bbox 1329 810 1421 854; x_wconf 90' lang='lat' dir='ltr'>filii.</span> <span class='ocrx_word' id='word_1_57' title='bbox 1461 811 1610 868; x_wconf 88' lang='lat' dir='ltr'>Neque</span> <span class='ocrx_word' id='word_1_58' title='bbox 1639 810 1894 863; x_wconf 65' lang='lat' dir='ltr'>incendus,</span> 
     </span>
     <span class='ocr_line' id='line_1_9' title="bbox 316 881 1893 940; baseline -0.001 -14"><span class='ocrx_word' id='word_1_59' title='bbox 316 883 560 940; x_wconf 80' lang='lat' dir='ltr'>Caphisiam</span> <span class='ocrx_word' id='word_1_60' title='bbox 584 882 1019 938; x_wconf 82' lang='lat' dir='ltr'>Epaminondamque,</span> <span class='ocrx_word' id='word_1_61' title='bbox 1044 884 1209 925; x_wconf 91' lang='lat' dir='ltr'>invenit</span> <span class='ocrx_word' id='word_1_62' title='bbox 1235 882 1350 925; x_wconf 90' lang='lat' dir='ltr'>domi</span> <span class='ocrx_word' id='word_1_63' title='bbox 1372 881 1444 924; x_wconf 90' lang='lat' dir='ltr'>sed</span> <span class='ocrx_word' id='word_1_64' title='bbox 1470 886 1513 924; x_wconf 88' lang='lat' dir='ltr'>et</span> <span class='ocrx_word' id='word_1_65' title='bbox 1537 885 1704 939; x_wconf 80' lang='lat' dir='ltr'>patrem</span> <span class='ocrx_word' id='word_1_66' title='bbox 1726 884 1893 940; x_wconf 77' lang='lat' dir='ltr'>ipsum:</span> 
     </span>
     <span class='ocr_line' id='line_1_10' title="bbox 316 952 1895 1010; baseline 0 -15"><span class='ocrx_word' id='word_1_67' title='bbox 316 968 428 996; x_wconf 90' lang='lat' dir='ltr'>nunc</span> <span class='ocrx_word' id='word_1_68' title='bbox 475 957 656 1009; x_wconf 88' lang='lat' dir='ltr'>quatuor</span> <span class='ocrx_word' id='word_1_69' title='bbox 698 952 764 994; x_wconf 90' lang='lat' dir='ltr'>illi</span> <span class='ocrx_word' id='word_1_70' title='bbox 812 967 855 996; x_wconf 88' lang='lat' dir='ltr'>se</span> <span class='ocrx_word' id='word_1_71' title='bbox 903 953 1126 995; x_wconf 85' lang='lat' dir='ltr'>conferunt</span> <span class='ocrx_word' id='word_1_72' title='bbox 1173 953 1224 996; x_wconf 90' lang='lat' dir='ltr'>ad</span> <span class='ocrx_word' id='word_1_73' title='bbox 1266 952 1475 995; x_wconf 77' lang='lat' dir='ltr'>libertatis</span> <span class='ocrx_word' id='word_1_74' title='bbox 1517 952 1895 1010; x_wconf 57' lang='lat' dir='ltr'>assertoresnapud</span> 
     </span>
     <span class='ocr_line' id='line_1_11' title="bbox 317 1021 1895 1080; baseline -0.001 -13"><span class='ocrx_word' id='word_1_75' title='bbox 317 1025 543 1067; x_wconf 82' lang='lat' dir='ltr'>Simmiam</span> <span class='ocrx_word' id='word_1_76' title='bbox 585 1024 862 1080; x_wconf 83' lang='lat' dir='ltr'>disputantes.</span> <span class='ocrx_word' id='word_1_77' title='bbox 906 1024 1131 1079; x_wconf 89' lang='lat' dir='ltr'>Hospitem</span> <span class='ocrx_word' id='word_1_78' title='bbox 1172 1023 1299 1065; x_wconf 88' lang='lat' dir='ltr'>illum</span> <span class='ocrx_word' id='word_1_79' title='bbox 1341 1023 1444 1079; x_wconf 89' lang='lat' dir='ltr'>quid</span> <span class='ocrx_word' id='word_1_80' title='bbox 1485 1022 1666 1066; x_wconf 79' lang='lat' dir='ltr'>Thebas.</span> <span class='ocrx_word' id='word_1_81' title='bbox 1689 1021 1895 1067; x_wconf 76' lang='lat' dir='ltr'>adduxit?</span> 
     </span>
     <span class='ocr_line' id='line_1_12' title="bbox 318 1093 1896 1151; baseline 0 -13"><span class='ocrx_word' id='word_1_82' title='bbox 318 1098 426 1138; x_wconf 89' lang='lat' dir='ltr'>Ante</span> <span class='ocrx_word' id='word_1_83' title='bbox 452 1094 613 1138; x_wconf 90' lang='lat' dir='ltr'>multos</span> <span class='ocrx_word' id='word_1_84' title='bbox 639 1108 770 1137; x_wconf 88' lang='lat' dir='ltr'>annos</span> <span class='ocrx_word' id='word_1_85' title='bbox 795 1094 933 1151; x_wconf 88' lang='lat' dir='ltr'>Lysis,</span> <span class='ocrx_word' id='word_1_86' title='bbox 961 1096 1127 1150; x_wconf 87' lang='lat' dir='ltr'>sapiens</span> <span class='ocrx_word' id='word_1_87' title='bbox 1153 1093 1228 1137; x_wconf 90' lang='lat' dir='ltr'>ille</span> <span class='ocrx_word' id='word_1_88' title='bbox 1252 1094 1563 1150; x_wconf 84' lang='lat' dir='ltr'>Pythagoreus,</span> <span class='ocrx_word' id='word_1_89' title='bbox 1590 1096 1659 1137; x_wconf 81' lang='lat' dir='ltr'>ita</span> <span class='ocrx_word' id='word_1_90' title='bbox 1676 1098 1728 1138; x_wconf 75' lang='lat' dir='ltr'>ut</span> <span class='ocrx_word' id='word_1_91' title='bbox 1750 1100 1896 1138; x_wconf 70' lang='lat' dir='ltr'>emes</span> 
     </span>
     <span class='ocr_line' id='line_1_13' title="bbox 316 1164 1896 1221; baseline 0.001 -13"><span class='ocrx_word' id='word_1_92' title='bbox 316 1166 435 1208; x_wconf 89' lang='lat' dir='ltr'>illius</span> <span class='ocrx_word' id='word_1_93' title='bbox 483 1168 618 1208; x_wconf 83' lang='lat' dir='ltr'>sectae</span> <span class='ocrx_word' id='word_1_94' title='bbox 663 1164 918 1221; x_wconf 83' lang='lat' dir='ltr'>philosophi,</span> <span class='ocrx_word' id='word_1_95' title='bbox 965 1180 1015 1208; x_wconf 83' lang='lat' dir='ltr'>ex</span> <span class='ocrx_word' id='word_1_96' title='bbox 1065 1164 1189 1208; x_wconf 88' lang='lat' dir='ltr'>Italia</span> <span class='ocrx_word' id='word_1_97' title='bbox 1233 1165 1427 1221; x_wconf 85' lang='lat' dir='ltr'>aufugit;</span> <span class='ocrx_word' id='word_1_98' title='bbox 1470 1164 1628 1208; x_wconf 78' lang='lat' dir='ltr'>Thebis</span> <span class='ocrx_word' id='word_1_99' title='bbox 1666 1172 1896 1216; x_wconf 41' lang='lat' dir='ltr'>eumdem!</span> 
     </span>
     <span class='ocr_line' id='line_1_14' title="bbox 318 1235 1894 1293; baseline 0 -14"><span class='ocrx_word' id='word_1_100' title='bbox 318 1240 609 1293; x_wconf 86' lang='lat' dir='ltr'>cognoverunt</span> <span class='ocrx_word' id='word_1_101' title='bbox 650 1237 776 1278; x_wconf 89' lang='lat' dir='ltr'>amici</span> <span class='ocrx_word' id='word_1_102' title='bbox 818 1237 922 1287; x_wconf 90' lang='lat' dir='ltr'>eius,</span> <span class='ocrx_word' id='word_1_103' title='bbox 963 1237 1135 1291; x_wconf 88' lang='lat' dir='ltr'>iamque</span> <span class='ocrx_word' id='word_1_104' title='bbox 1175 1237 1220 1277; x_wconf 89' lang='lat' dir='ltr'>in</span> <span class='ocrx_word' id='word_1_105' title='bbox 1261 1250 1309 1278; x_wconf 91' lang='lat' dir='ltr'>eo</span> <span class='ocrx_word' id='word_1_106' title='bbox 1352 1239 1472 1278; x_wconf 89' lang='lat' dir='ltr'>erant</span> <span class='ocrx_word' id='word_1_107' title='bbox 1508 1239 1558 1278; x_wconf 91' lang='lat' dir='ltr'>ut</span> <span class='ocrx_word' id='word_1_108' title='bbox 1589 1235 1894 1279; x_wconf 70' lang='lat' dir='ltr'>domum-eum</span> 
     </span>
     <span class='ocr_line' id='line_1_15' title="bbox 317 1305 1896 1363; baseline 0.001 -14"><span class='ocrx_word' id='word_1_109' title='bbox 317 1307 575 1358; x_wconf 85' lang='lat' dir='ltr'>reducerent,</span> <span class='ocrx_word' id='word_1_110' title='bbox 619 1320 718 1349; x_wconf 91' lang='lat' dir='ltr'>cum</span> <span class='ocrx_word' id='word_1_111' title='bbox 760 1308 955 1349; x_wconf 86' lang='lat' dir='ltr'>certiores</span> <span class='ocrx_word' id='word_1_112' title='bbox 996 1306 1105 1348; x_wconf 89' lang='lat' dir='ltr'>fiunt</span> <span class='ocrx_word' id='word_1_113' title='bbox 1147 1321 1245 1349; x_wconf 91' lang='lat' dir='ltr'>eum</span> <span class='ocrx_word' id='word_1_114' title='bbox 1287 1307 1347 1348; x_wconf 91' lang='lat' dir='ltr'>ibi</span> <span class='ocrx_word' id='word_1_115' title='bbox 1379 1307 1530 1349; x_wconf 89' lang='lat' dir='ltr'>obiisse</span> <span class='ocrx_word' id='word_1_116' title='bbox 1559 1311 1656 1363; x_wconf 84' lang='lat' dir='ltr'>post</span> <span class='ocrx_word' id='word_1_117' title='bbox 1680 1305 1896 1363; x_wconf 36' lang='lat' dir='ltr'>*placidam</span> 
     </span>
     <span class='ocr_line' id='line_1_16' title="bbox 318 1376 1896 1434; baseline 0 -14"><span class='ocrx_word' id='word_1_118' title='bbox 318 1380 506 1434; x_wconf 89' lang='lat' dir='ltr'>quietem</span> <span class='ocrx_word' id='word_1_119' title='bbox 546 1379 590 1419; x_wconf 92' lang='lat' dir='ltr'>in</span> <span class='ocrx_word' id='word_1_120' title='bbox 622 1391 790 1420; x_wconf 90' lang='lat' dir='ltr'>summa</span> <span class='ocrx_word' id='word_1_121' title='bbox 822 1379 1015 1420; x_wconf 89' lang='lat' dir='ltr'>omnium</span> <span class='ocrx_word' id='word_1_122' title='bbox 1045 1391 1188 1419; x_wconf 91' lang='lat' dir='ltr'>rerum</span> <span class='ocrx_word' id='word_1_123' title='bbox 1220 1377 1478 1420; x_wconf 86' lang='lat' dir='ltr'>abundantia</span> <span class='ocrx_word' id='word_1_124' title='bbox 1506 1382 1738 1434; x_wconf 69' lang='lat' dir='ltr'>peractam.</span> <span class='ocrx_word' id='word_1_125' title='bbox 1782 1376 1896 1434; x_wconf 70' lang='lat' dir='ltr'>Ergo</span> 
     </span>
     <span class='ocr_line' id='line_1_17' title="bbox 318 1446 1898 1504; baseline -0.001 -13"><span class='ocrx_word' id='word_1_126' title='bbox 318 1463 430 1491; x_wconf 88' lang='lat' dir='ltr'>nunc</span> <span class='ocrx_word' id='word_1_127' title='bbox 479 1448 530 1490; x_wconf 84' lang='lat' dir='ltr'>ad</span> <span class='ocrx_word' id='word_1_128' title='bbox 577 1462 729 1504; x_wconf 91' lang='lat' dir='ltr'>corpus</span> <span class='ocrx_word' id='word_1_129' title='bbox 778 1448 965 1490; x_wconf 86' lang='lat' dir='ltr'>defuncti</span> <span class='ocrx_word' id='word_1_130' title='bbox 1013 1447 1243 1504; x_wconf 84' lang='lat' dir='ltr'>petendum</span> <span class='ocrx_word' id='word_1_131' title='bbox 1284 1447 1479 1504; x_wconf 87' lang='lat' dir='ltr'>legatum</span> <span class='ocrx_word' id='word_1_132' title='bbox 1519 1446 1658 1492; x_wconf 88' lang='lat' dir='ltr'>illum.</span> <span class='ocrx_word' id='word_1_133' title='bbox 1686 1449 1898 1491; x_wconf 66' lang='lat' dir='ltr'>miserunt</span> 
     </span>
     <span class='ocr_line' id='line_1_18' title="bbox 319 1517 1897 1576; baseline -0.001 -14"><span class='ocrx_word' id='word_1_134' title='bbox 319 1534 416 1562; x_wconf 91' lang='lat' dir='ltr'>cum</span> <span class='ocrx_word' id='word_1_135' title='bbox 442 1532 598 1576; x_wconf 81' lang='lat' dir='ltr'>magna</span> <span class='ocrx_word' id='word_1_136' title='bbox 630 1520 808 1575; x_wconf 87' lang='lat' dir='ltr'>pecunia</span> <span class='ocrx_word' id='word_1_137' title='bbox 838 1518 889 1561; x_wconf 89' lang='lat' dir='ltr'>ad</span> <span class='ocrx_word' id='word_1_138' title='bbox 922 1518 1250 1561; x_wconf 83' lang='lat' dir='ltr'>remunerandos</span> <span class='ocrx_word' id='word_1_139' title='bbox 1282 1518 1471 1574; x_wconf 87' lang='lat' dir='ltr'>hospites</span> <span class='ocrx_word' id='word_1_140' title='bbox 1504 1520 1579 1574; x_wconf 87' lang='lat' dir='ltr'>qui</span> <span class='ocrx_word' id='word_1_141' title='bbox 1607 1517 1897 1573; x_wconf 69' lang='lat' dir='ltr'>venerandum</span> 
     </span>
     <span class='ocr_line' id='line_1_19' title="bbox 318 1588 1896 1646; baseline -0.001 -14"><span class='ocrx_word' id='word_1_142' title='bbox 318 1591 577 1646; x_wconf 87' lang='lat' dir='ltr'>magistrum</span> <span class='ocrx_word' id='word_1_143' title='bbox 603 1594 721 1632; x_wconf 86' lang='lat' dir='ltr'>tanta</span> <span class='ocrx_word' id='word_1_144' title='bbox 747 1589 974 1632; x_wconf 85' lang='lat' dir='ltr'>coluissent</span> <span class='ocrx_word' id='word_1_145' title='bbox 999 1591 1169 1645; x_wconf 87' lang='lat' dir='ltr'>pietate.</span> <span class='ocrx_word' id='word_1_146' title='bbox 1196 1588 1420 1646; x_wconf 88' lang='lat' dir='ltr'>Polymnis</span> <span class='ocrx_word' id='word_1_147' title='bbox 1447 1603 1546 1632; x_wconf 92' lang='lat' dir='ltr'>cum</span> <span class='ocrx_word' id='word_1_148' title='bbox 1572 1589 1674 1633; x_wconf 79' lang='lat' dir='ltr'>filiis</span> <span class='ocrx_word' id='word_1_149' title='bbox 1697 1588 1896 1633; x_wconf 66' lang='lat' dir='ltr'>illinunt.</span> 
     </span>
     <span class='ocr_line' id='line_1_20' title="bbox 319 1659 1898 1717; baseline 0.001 -14"><span class='ocrx_word' id='word_1_150' title='bbox 319 1661 410 1704; x_wconf 88' lang='lat' dir='ltr'>Iam</span> <span class='ocrx_word' id='word_1_151' title='bbox 448 1661 559 1716; x_wconf 88' lang='lat' dir='ltr'>quod</span> <span class='ocrx_word' id='word_1_152' title='bbox 591 1660 644 1702; x_wconf 89' lang='lat' dir='ltr'>ad</span> <span class='ocrx_word' id='word_1_153' title='bbox 675 1675 825 1717; x_wconf 89' lang='lat' dir='ltr'>corpus</span> <span class='ocrx_word' id='word_1_154' title='bbox 856 1662 1004 1716; x_wconf 85' lang='lat' dir='ltr'>magni</span> <span class='ocrx_word' id='word_1_155' title='bbox 1034 1659 1154 1702; x_wconf 88' lang='lat' dir='ltr'>illius</span> <span class='ocrx_word' id='word_1_156' title='bbox 1185 1661 1449 1717; x_wconf 79' lang='lat' dir='ltr'>Pythagorei</span> <span class='ocrx_word' id='word_1_157' title='bbox 1483 1662 1681 1717; x_wconf 79' lang='lat' dir='ltr'>pertinet,</span> <span class='ocrx_word' id='word_1_158' title='bbox 1712 1659 1823 1704; x_wconf 79' lang='lat' dir='ltr'>illud</span> <span class='ocrx_word' id='word_1_159' title='bbox 1851 1661 1898 1703; x_wconf 86' lang='lat' dir='ltr'>in</span> 
     </span>
     <span class='ocr_line' id='line_1_21' title="bbox 319 1731 1896 1788; baseline 0 -14"><span class='ocrx_word' id='word_1_160' title='bbox 319 1731 489 1774; x_wconf 89' lang='lat' dir='ltr'>Italiam</span> <span class='ocrx_word' id='word_1_161' title='bbox 516 1731 733 1774; x_wconf 84' lang='lat' dir='ltr'>transferri</span> <span class='ocrx_word' id='word_1_162' title='bbox 757 1731 1085 1787; x_wconf 84' lang='lat' dir='ltr'>haudquaquam</span> <span class='ocrx_word' id='word_1_163' title='bbox 1112 1745 1217 1787; x_wconf 91' lang='lat' dir='ltr'>opus</span> <span class='ocrx_word' id='word_1_164' title='bbox 1244 1745 1332 1774; x_wconf 92' lang='lat' dir='ltr'>esse</span> <span class='ocrx_word' id='word_1_165' title='bbox 1349 1733 1437 1774; x_wconf 90' lang='lat' dir='ltr'>suis</span> <span class='ocrx_word' id='word_1_166' title='bbox 1453 1731 1565 1775; x_wconf 89' lang='lat' dir='ltr'>vidit</span> <span class='ocrx_word' id='word_1_167' title='bbox 1581 1731 1714 1775; x_wconf 83' lang='lat' dir='ltr'>oculis</span> <span class='ocrx_word' id='word_1_168' title='bbox 1731 1731 1896 1788; x_wconf 78' lang='lat' dir='ltr'>hospes.</span> 
     </span>
     <span class='ocr_line' id='line_1_22' title="bbox 319 1800 1897 1858; baseline 0.001 -14"><span class='ocrx_word' id='word_1_169' title='bbox 319 1802 497 1845; x_wconf 87' lang='lat' dir='ltr'>Noctem</span> <span class='ocrx_word' id='word_1_170' title='bbox 529 1803 642 1844; x_wconf 88' lang='lat' dir='ltr'>enim</span> <span class='ocrx_word' id='word_1_171' title='bbox 674 1803 718 1843; x_wconf 89' lang='lat' dir='ltr'>in</span> <span class='ocrx_word' id='word_1_172' title='bbox 750 1801 941 1857; x_wconf 88' lang='lat' dir='ltr'>sepulcro</span> <span class='ocrx_word' id='word_1_173' title='bbox 973 1801 1105 1857; x_wconf 87' lang='lat' dir='ltr'>degit,</span> <span class='ocrx_word' id='word_1_174' title='bbox 1137 1802 1331 1858; x_wconf 88' lang='lat' dir='ltr'>precibus</span> <span class='ocrx_word' id='word_1_175' title='bbox 1363 1803 1686 1858; x_wconf 83' lang='lat' dir='ltr'>cerimoniisque</span> <span class='ocrx_word' id='word_1_176' title='bbox 1714 1800 1897 1852; x_wconf 76' lang='lat' dir='ltr'>deditus,</span> 
     </span>
     <span class='ocr_line' id='line_1_23' title="bbox 319 1871 1897 1929; baseline 0.001 -14"><span class='ocrx_word' id='word_1_177' title='bbox 319 1874 603 1929; x_wconf 85' lang='lat' dir='ltr'>cognovitque</span> <span class='ocrx_word' id='word_1_178' title='bbox 630 1874 709 1914; x_wconf 90' lang='lat' dir='ltr'>rite</span> <span class='ocrx_word' id='word_1_179' title='bbox 735 1872 953 1915; x_wconf 85' lang='lat' dir='ltr'>conditum</span> <span class='ocrx_word' id='word_1_180' title='bbox 981 1886 1121 1914; x_wconf 90' lang='lat' dir='ltr'>senem</span> <span class='ocrx_word' id='word_1_181' title='bbox 1148 1871 1452 1928; x_wconf 88' lang='lat' dir='ltr'>philosophum</span> <span class='ocrx_word' id='word_1_182' title='bbox 1477 1871 1670 1928; x_wconf 80' lang='lat' dir='ltr'>nihilque</span> <span class='ocrx_word' id='word_1_183' title='bbox 1695 1871 1897 1916; x_wconf 63' lang='lat' dir='ltr'>sidetana</span> 
     </span>
     <span class='ocr_line' id='line_1_24' title="bbox 320 1942 1898 2000; baseline 0.001 -15"><span class='ocrx_word' id='word_1_184' title='bbox 320 1957 467 1986; x_wconf 89' lang='lat' dir='ltr'>earum</span> <span class='ocrx_word' id='word_1_185' title='bbox 501 1956 643 1985; x_wconf 87' lang='lat' dir='ltr'>rerum</span> <span class='ocrx_word' id='word_1_186' title='bbox 675 1956 779 1998; x_wconf 89' lang='lat' dir='ltr'>quas</span> <span class='ocrx_word' id='word_1_187' title='bbox 810 1942 1182 1999; x_wconf 82' lang='lat' dir='ltr'>Pythagoreorum</span> <span class='ocrx_word' id='word_1_188' title='bbox 1213 1944 1400 1998; x_wconf 82' lang='lat' dir='ltr'>requirat</span> <span class='ocrx_word' id='word_1_189' title='bbox 1428 1943 1590 1999; x_wconf 85' lang='lat' dir='ltr'>religio.</span> <span class='ocrx_word' id='word_1_190' title='bbox 1624 1942 1898 2000; x_wconf 69' lang='lat' dir='ltr'>Reetntergo</span> 
     </span>
     <span class='ocr_line' id='line_1_25' title="bbox 321 2012 1898 2069; baseline 0 -13"><span class='ocrx_word' id='word_1_191' title='bbox 321 2018 370 2056; x_wconf 92' lang='lat' dir='ltr'>ut</span> <span class='ocrx_word' id='word_1_192' title='bbox 395 2027 573 2056; x_wconf 86' lang='lat' dir='ltr'>munera</span> <span class='ocrx_word' id='word_1_193' title='bbox 597 2012 675 2055; x_wconf 86' lang='lat' dir='ltr'>illa</span> <span class='ocrx_word' id='word_1_194' title='bbox 697 2018 808 2055; x_wconf 91' lang='lat' dir='ltr'>recte</span> <span class='ocrx_word' id='word_1_195' title='bbox 832 2013 1120 2069; x_wconf 87' lang='lat' dir='ltr'>disponantur.</span> <span class='ocrx_word' id='word_1_196' title='bbox 1148 2013 1294 2069; x_wconf 91' lang='lat' dir='ltr'>Neque</span> <span class='ocrx_word' id='word_1_197' title='bbox 1319 2013 1369 2055; x_wconf 92' lang='lat' dir='ltr'>de</span> <span class='ocrx_word' id='word_1_198' title='bbox 1391 2027 1438 2056; x_wconf 88' lang='lat' dir='ltr'>ea</span> <span class='ocrx_word' id='word_1_199' title='bbox 1459 2027 1504 2056; x_wconf 90' lang='lat' dir='ltr'>re</span> <span class='ocrx_word' id='word_1_200' title='bbox 1520 2013 1593 2057; x_wconf 89' lang='lat' dir='ltr'>diu</span> <span class='ocrx_word' id='word_1_201' title='bbox 1611 2013 1898 2069; x_wconf 80' lang='lat' dir='ltr'>quaerendum</span> 
     </span>
     <span class='ocr_line' id='line_1_26' title="bbox 322 2083 1899 2142; baseline 0.001 -17"><span class='ocrx_word' id='word_1_202' title='bbox 322 2098 411 2126; x_wconf 88' lang='lat' dir='ltr'>esse</span> <span class='ocrx_word' id='word_1_203' title='bbox 441 2098 539 2126; x_wconf 89' lang='lat' dir='ltr'>mox</span> <span class='ocrx_word' id='word_1_204' title='bbox 571 2083 781 2140; x_wconf 83' lang='lat' dir='ltr'>intelligit</span> <span class='ocrx_word' id='word_1_205' title='bbox 812 2083 986 2139; x_wconf 88' lang='lat' dir='ltr'>hospes:</span> <span class='ocrx_word' id='word_1_206' title='bbox 1019 2083 1241 2140; x_wconf 88' lang='lat' dir='ltr'>Polymnis</span> <span class='ocrx_word' id='word_1_207' title='bbox 1273 2085 1388 2126; x_wconf 90' lang='lat' dir='ltr'>enim</span> <span class='ocrx_word' id='word_1_208' title='bbox 1420 2083 1590 2127; x_wconf 81' lang='lat' dir='ltr'>exulem</span> <span class='ocrx_word' id='word_1_209' title='bbox 1615 2083 1819 2142; x_wconf 82' lang='lat' dir='ltr'>Lysidem</span> <span class='ocrx_word' id='word_1_210' title='bbox 1846 2083 1899 2127; x_wconf 79' lang='lat' dir='ltr'>ad</span> 
     </span>
     <span class='ocr_line' id='line_1_27' title="bbox 323 2154 1899 2211; baseline 0.001 -14"><span class='ocrx_word' id='word_1_211' title='bbox 323 2169 366 2198; x_wconf 90' lang='lat' dir='ltr'>se</span> <span class='ocrx_word' id='word_1_212' title='bbox 397 2156 555 2211; x_wconf 89' lang='lat' dir='ltr'>recepit</span> <span class='ocrx_word' id='word_1_213' title='bbox 587 2168 669 2197; x_wconf 91' lang='lat' dir='ltr'>non</span> <span class='ocrx_word' id='word_1_214' title='bbox 701 2155 883 2210; x_wconf 86' lang='lat' dir='ltr'>benigno</span> <span class='ocrx_word' id='word_1_215' title='bbox 915 2154 1056 2197; x_wconf 91' lang='lat' dir='ltr'>solum</span> <span class='ocrx_word' id='word_1_216' title='bbox 1087 2155 1159 2197; x_wconf 89' lang='lat' dir='ltr'>sed</span> <span class='ocrx_word' id='word_1_217' title='bbox 1191 2156 1321 2197; x_wconf 87' lang='lat' dir='ltr'>etiam</span> <span class='ocrx_word' id='word_1_218' title='bbox 1353 2154 1774 2199; x_wconf 84' lang='lat' dir='ltr'>honorificentissimo</span> <span class='ocrx_word' id='word_1_219' title='bbox 1805 2155 1899 2199; x_wconf 82' lang='lat' dir='ltr'>hos·</span> 
     </span>
     <span class='ocr_line' id='line_1_28' title="bbox 320 2224 1900 2283; baseline 0 -15"><span class='ocrx_word' id='word_1_220' title='bbox 320 2227 450 2282; x_wconf 87' lang='lat' dir='ltr'>pitio:</span> <span class='ocrx_word' id='word_1_221' title='bbox 478 2239 575 2268; x_wconf 91' lang='lat' dir='ltr'>suos</span> <span class='ocrx_word' id='word_1_222' title='bbox 602 2227 718 2268; x_wconf 91' lang='lat' dir='ltr'>enim</span> <span class='ocrx_word' id='word_1_223' title='bbox 744 2227 783 2267; x_wconf 90' lang='lat' dir='ltr'>ei</span> <span class='ocrx_word' id='word_1_224' title='bbox 810 2225 925 2267; x_wconf 88' lang='lat' dir='ltr'>dedit</span> <span class='ocrx_word' id='word_1_225' title='bbox 952 2225 1187 2268; x_wconf 86' lang='lat' dir='ltr'>educandos</span> <span class='ocrx_word' id='word_1_226' title='bbox 1215 2224 1337 2276; x_wconf 90' lang='lat' dir='ltr'>filios,</span> <span class='ocrx_word' id='word_1_227' title='bbox 1354 2227 1545 2269; x_wconf 85' lang='lat' dir='ltr'>maxima</span> <span class='ocrx_word' id='word_1_228' title='bbox 1559 2239 1728 2283; x_wconf 85' lang='lat' dir='ltr'>semper</span> <span class='ocrx_word' id='word_1_229' title='bbox 1741 2227 1900 2282; x_wconf 77' lang='lat' dir='ltr'>pietate</span> 
     </span>
     <span class='ocr_line' id='line_1_29' title="bbox 321 2295 1899 2352; baseline 0 -14"><span class='ocrx_word' id='word_1_230' title='bbox 321 2295 623 2352; x_wconf 87' lang='lat' dir='ltr'>philosophum</span> <span class='ocrx_word' id='word_1_231' title='bbox 655 2300 718 2338; x_wconf 85' lang='lat' dir='ltr'>est</span> <span class='ocrx_word' id='word_1_232' title='bbox 749 2300 997 2352; x_wconf 89' lang='lat' dir='ltr'>prosecutus</span> <span class='ocrx_word' id='word_1_233' title='bbox 1021 2300 1077 2347; x_wconf 84' lang='lat' dir='ltr'>et,</span> <span class='ocrx_word' id='word_1_234' title='bbox 1106 2296 1217 2352; x_wconf 89' lang='lat' dir='ltr'>quod</span> <span class='ocrx_word' id='word_1_235' title='bbox 1241 2298 1550 2352; x_wconf 88' lang='lat' dir='ltr'>gravissimum</span> <span class='ocrx_word' id='word_1_236' title='bbox 1576 2301 1654 2348; x_wconf 85' lang='lat' dir='ltr'>est,</span> <span class='ocrx_word' id='word_1_237' title='bbox 1679 2301 1770 2341; x_wconf 74' lang='lat' dir='ltr'>tam</span> <span class='ocrx_word' id='word_1_238' title='bbox 1797 2296 1899 2339; x_wconf 85' lang='lat' dir='ltr'>hene</span> 
     </span>
     <span class='ocr_line' id='line_1_30' title="bbox 320 2366 1898 2424; baseline 0.001 -15"><span class='ocrx_word' id='word_1_239' title='bbox 320 2368 412 2422; x_wconf 89' lang='lat' dir='ltr'>ipse</span> <span class='ocrx_word' id='word_1_240' title='bbox 452 2367 504 2409; x_wconf 92' lang='lat' dir='ltr'>ab</span> <span class='ocrx_word' id='word_1_241' title='bbox 546 2381 594 2409; x_wconf 91' lang='lat' dir='ltr'>eo</span> <span class='ocrx_word' id='word_1_242' title='bbox 637 2381 807 2409; x_wconf 89' lang='lat' dir='ltr'>omnem</span> <span class='ocrx_word' id='word_1_243' title='bbox 850 2366 998 2409; x_wconf 87' lang='lat' dir='ltr'>didicit</span> <span class='ocrx_word' id='word_1_244' title='bbox 1042 2368 1294 2422; x_wconf 83' lang='lat' dir='ltr'>sapientiam</span> <span class='ocrx_word' id='word_1_245' title='bbox 1324 2367 1673 2424; x_wconf 74' lang='lat' dir='ltr'>Pythagoricum,</span> <span class='ocrx_word' id='word_1_246' title='bbox 1706 2371 1768 2419; x_wconf 86' lang='lat' dir='ltr'>ut,</span> <span class='ocrx_word' id='word_1_247' title='bbox 1799 2381 1898 2410; x_wconf 89' lang='lat' dir='ltr'>cum</span> 
     </span>
     <span class='ocr_line' id='line_1_31' title="bbox 323 2436 1897 2494; baseline 0.001 -16"><span class='ocrx_word' id='word_1_248' title='bbox 323 2436 485 2493; x_wconf 87' lang='lat' dir='ltr'>placida</span> <span class='ocrx_word' id='word_1_249' title='bbox 526 2440 661 2479; x_wconf 87' lang='lat' dir='ltr'>morte</span> <span class='ocrx_word' id='word_1_250' title='bbox 702 2439 894 2480; x_wconf 91' lang='lat' dir='ltr'>omnium</span> <span class='ocrx_word' id='word_1_251' title='bbox 939 2452 1080 2480; x_wconf 92' lang='lat' dir='ltr'>rerum</span> <span class='ocrx_word' id='word_1_252' title='bbox 1112 2442 1230 2480; x_wconf 85' lang='lat' dir='ltr'>satur</span> <span class='ocrx_word' id='word_1_253' title='bbox 1259 2439 1512 2493; x_wconf 83' lang='lat' dir='ltr'>exspirasset</span> <span class='ocrx_word' id='word_1_254' title='bbox 1543 2439 1732 2481; x_wconf 77' lang='lat' dir='ltr'>animam</span> <span class='ocrx_word' id='word_1_255' title='bbox 1759 2437 1897 2494; x_wconf 78' lang='lat' dir='ltr'>Lysis,</span> 
     </span>
     <span class='ocr_line' id='line_1_32' title="bbox 322 2507 1899 2566; baseline 0.001 -17"><span class='ocrx_word' id='word_1_256' title='bbox 322 2510 365 2549; x_wconf 89' lang='lat' dir='ltr'>in</span> <span class='ocrx_word' id='word_1_257' title='bbox 408 2521 455 2550; x_wconf 94' lang='lat' dir='ltr'>eo</span> <span class='ocrx_word' id='word_1_258' title='bbox 497 2507 783 2564; x_wconf 89' lang='lat' dir='ltr'>componendo</span> <span class='ocrx_word' id='word_1_259' title='bbox 824 2509 955 2551; x_wconf 87' lang='lat' dir='ltr'>etiam</span> <span class='ocrx_word' id='word_1_260' title='bbox 997 2522 1146 2551; x_wconf 86' lang='lat' dir='ltr'>arcana</span> <span class='ocrx_word' id='word_1_261' title='bbox 1188 2509 1459 2565; x_wconf 80' lang='lat' dir='ltr'>Pythagorae</span> <span class='ocrx_word' id='word_1_262' title='bbox 1500 2513 1739 2565; x_wconf 36' lang='lat' dir='ltr'>praecepta·</span> <span class='ocrx_word' id='word_1_263' title='bbox 1760 2511 1899 2566; x_wconf 75' lang='lat' dir='ltr'>posset</span> 
     </span>
     <span class='ocr_line' id='line_1_33' title="bbox 325 2578 1898 2635; baseline 0.001 -16"><span class='ocrx_word' id='word_1_264' title='bbox 325 2578 558 2620; x_wconf 89' lang='lat' dir='ltr'>observare.</span> <span class='ocrx_word' id='word_1_265' title='bbox 587 2578 669 2621; x_wconf 81' lang='lat' dir='ltr'>Sed</span> <span class='ocrx_word' id='word_1_266' title='bbox 695 2593 805 2621; x_wconf 89' lang='lat' dir='ltr'>nunc</span> <span class='ocrx_word' id='word_1_267' title='bbox 829 2593 894 2621; x_wconf 88' lang='lat' dir='ltr'>res</span> <span class='ocrx_word' id='word_1_268' title='bbox 911 2580 1050 2621; x_wconf 87' lang='lat' dir='ltr'>obstat</span> <span class='ocrx_word' id='word_1_269' title='bbox 1067 2592 1195 2635; x_wconf 86' lang='lat' dir='ltr'>quam</span> <span class='ocrx_word' id='word_1_270' title='bbox 1210 2580 1388 2622; x_wconf 89' lang='lat' dir='ltr'>minime</span> <span class='ocrx_word' id='word_1_271' title='bbox 1403 2582 1718 2635; x_wconf 79' lang='lat' dir='ltr'>exspectaverat</span> <span class='ocrx_word' id='word_1_272' title='bbox 1731 2578 1898 2635; x_wconf 84' lang='lat' dir='ltr'>hospes.</span> 
     </span>
     <span class='ocr_line' id='line_1_34' title="bbox 323 2648 1898 2706; baseline 0.001 -17"><span class='ocrx_word' id='word_1_273' title='bbox 323 2648 418 2690; x_wconf 90' lang='lat' dir='ltr'>Non</span> <span class='ocrx_word' id='word_1_274' title='bbox 464 2648 603 2691; x_wconf 90' lang='lat' dir='ltr'>solum</span> <span class='ocrx_word' id='word_1_275' title='bbox 649 2651 740 2705; x_wconf 91' lang='lat' dir='ltr'>ipse</span> <span class='ocrx_word' id='word_1_276' title='bbox 782 2663 906 2692; x_wconf 86' lang='lat' dir='ltr'>senex</span> <span class='ocrx_word' id='word_1_277' title='bbox 948 2649 1171 2706; x_wconf 90' lang='lat' dir='ltr'>Polymnis</span> <span class='ocrx_word' id='word_1_278' title='bbox 1212 2648 1408 2705; x_wconf 88' lang='lat' dir='ltr'>filiusque</span> <span class='ocrx_word' id='word_1_279' title='bbox 1449 2651 1540 2692; x_wconf 89' lang='lat' dir='ltr'>eius</span> <span class='ocrx_word' id='word_1_280' title='bbox 1571 2648 1898 2705; x_wconf 78' lang='lat' dir='ltr'>Epaminondas,</span> 
     </span>
     <span class='ocr_line' id='line_1_35' title="bbox 325 2719 1900 2776; baseline 0.001 -17"><span class='ocrx_word' id='word_1_281' title='bbox 325 2720 517 2760; x_wconf 90' lang='lat' dir='ltr'>omnium</span> <span class='ocrx_word' id='word_1_282' title='bbox 560 2723 768 2775; x_wconf 93' lang='lat' dir='ltr'>quotquot</span> <span class='ocrx_word' id='word_1_283' title='bbox 807 2725 908 2762; x_wconf 89' lang='lat' dir='ltr'>sunt</span> <span class='ocrx_word' id='word_1_284' title='bbox 940 2721 1132 2762; x_wconf 87' lang='lat' dir='ltr'>virorum</span> <span class='ocrx_word' id='word_1_285' title='bbox 1163 2721 1457 2776; x_wconf 85' lang='lat' dir='ltr'>gravissimus,</span> <span class='ocrx_word' id='word_1_286' title='bbox 1497 2719 1569 2763; x_wconf 81' lang='lat' dir='ltr'>sed</span> <span class='ocrx_word' id='word_1_287' title='bbox 1596 2721 1727 2762; x_wconf 76' lang='lat' dir='ltr'>etiam</span> <span class='ocrx_word' id='word_1_288' title='bbox 1758 2720 1900 2762; x_wconf 89' lang='lat' dir='ltr'>minor</span> 
     </span>
     <span class='ocr_line' id='line_1_36' title="bbox 325 2789 1896 2846; baseline 0.001 -17"><span class='ocrx_word' id='word_1_289' title='bbox 325 2794 427 2830; x_wconf 88' lang='lat' dir='ltr'>natu</span> <span class='ocrx_word' id='word_1_290' title='bbox 458 2789 588 2831; x_wconf 88' lang='lat' dir='ltr'>frater</span> <span class='ocrx_word' id='word_1_291' title='bbox 619 2791 710 2832; x_wconf 87' lang='lat' dir='ltr'>eius</span> <span class='ocrx_word' id='word_1_292' title='bbox 743 2789 975 2846; x_wconf 75' lang='lat' dir='ltr'>Cephisiae,</span> <span class='ocrx_word' id='word_1_293' title='bbox 1009 2790 1108 2833; x_wconf 90' lang='lat' dir='ltr'>licet</span> <span class='ocrx_word' id='word_1_294' title='bbox 1138 2790 1212 2833; x_wconf 87' lang='lat' dir='ltr'>ille</span> <span class='ocrx_word' id='word_1_295' title='bbox 1248 2790 1402 2833; x_wconf 89' lang='lat' dir='ltr'>luxum</span> <span class='ocrx_word' id='word_1_296' title='bbox 1439 2789 1784 2846; x_wconf 75' lang='lat' dir='ltr'>opulentiamque</span> <span class='ocrx_word' id='word_1_297' title='bbox 1803 2803 1896 2832; x_wconf 86' lang='lat' dir='ltr'>-non</span> 
     </span>
     <span class='ocr_line' id='line_1_37' title="bbox 325 2858 1899 2917; baseline 0.001 -16"><span class='ocrx_word' id='word_1_298' title='bbox 325 2859 426 2901; x_wconf 78' lang='lat' dir='ltr'>adeo</span> <span class='ocrx_word' id='word_1_299' title='bbox 467 2862 649 2902; x_wconf 84' lang='lat' dir='ltr'>aversari</span> <span class='ocrx_word' id='word_1_300' title='bbox 680 2865 802 2903; x_wconf 84' lang='lat' dir='ltr'>antea</span> <span class='ocrx_word' id='word_1_301' title='bbox 832 2863 949 2903; x_wconf 87' lang='lat' dir='ltr'>visus</span> <span class='ocrx_word' id='word_1_302' title='bbox 981 2863 1050 2912; x_wconf 86' lang='lat' dir='ltr'>sit,</span> <span class='ocrx_word' id='word_1_303' title='bbox 1084 2861 1317 2917; x_wconf 89' lang='lat' dir='ltr'>quidquam</span> <span class='ocrx_word' id='word_1_304' title='bbox 1349 2861 1600 2903; x_wconf 84' lang='lat' dir='ltr'>divitiarum</span> <span class='ocrx_word' id='word_1_305' title='bbox 1629 2860 1711 2903; x_wconf 88' lang='lat' dir='ltr'>sibi</span> <span class='ocrx_word' id='word_1_306' title='bbox 1738 2858 1899 2903; x_wconf 77' lang='lat' dir='ltr'>oblata·-</span> 
     </span>
    </p>
   </div>
   <div class='ocr_carea' id='block_1_3' title="bbox 325 2930 1899 3056">
    <p class='ocr_par' dir='ltr' id='par_1_3' title="bbox 325 2930 1899 3056">
     <span class='ocr_line' id='line_1_38' title="bbox 326 2930 1899 2987; baseline 0.001 -17"><span class='ocrx_word' id='word_1_307' title='bbox 326 2944 421 2971; x_wconf 86' lang='lat' dir='ltr'>rum</span> <span class='ocrx_word' id='word_1_308' title='bbox 462 2932 647 2986; x_wconf 87' lang='lat' dir='ltr'>accipere</span> <span class='ocrx_word' id='word_1_309' title='bbox 689 2930 862 2973; x_wconf 87' lang='lat' dir='ltr'>nolunt:</span> <span class='ocrx_word' id='word_1_310' title='bbox 906 2933 948 2972; x_wconf 87' lang='lat' dir='ltr'>in</span> <span class='ocrx_word' id='word_1_311' title='bbox 981 2933 1159 2987; x_wconf 89' lang='lat' dir='ltr'>pristina</span> <span class='ocrx_word' id='word_1_312' title='bbox 1188 2945 1264 2974; x_wconf 86' lang='lat' dir='ltr'>sua</span> <span class='ocrx_word' id='word_1_313' title='bbox 1295 2931 1527 2987; x_wconf 87' lang='lat' dir='ltr'>dilectaque</span> <span class='ocrx_word' id='word_1_314' title='bbox 1557 2934 1805 2986; x_wconf 81' lang='lat' dir='ltr'>paupertate</span> <span class='ocrx_word' id='word_1_315' title='bbox 1836 2931 1899 2973; x_wconf 93' lang='lat' dir='ltr'>vi-</span> 
     </span>
     <span class='ocr_line' id='line_1_39' title="bbox 325 2999 838 3056; baseline 0.002 -14"><span class='ocrx_word' id='word_1_316' title='bbox 325 3013 423 3042; x_wconf 82' lang='lat' dir='ltr'>vere</span> <span class='ocrx_word' id='word_1_317' title='bbox 454 2999 620 3041; x_wconf 88' lang='lat' dir='ltr'>malunt</span> <span class='ocrx_word' id='word_1_318' title='bbox 651 3015 838 3056; x_wconf 85' lang='lat' dir='ltr'>pergere.</span> 
     </span>
    </p>
   </div>
  </div>
 </body>
</html>
