2002 3372
868 227 954 270 211

38 374 42 382 ι
114 363 160 392 se
206 349 364 393 honore
405 363 431 392 a
471 348 711 392 clarissimo
753 348 830 392 illo
873 348 1159 394 Chaeronensi
1202 351 1401 396 affectum
1449 356 1606 398 sentiet
1648 357 1717 397 vir

113 419 364 472 consularis,
395 421 471 476 qui
502 421 548 463 in
579 421 672 463 eius
700 419 845 463 libello
878 421 1040 476 primas
1070 425 1213 478 partes
1245 428 1361 481 agat,
1387 439 1525 482 neque
1553 425 1718 468 dubita-

44 526 49 538 ,,
113 505 213 536 mus
237 493 341 550 quin
367 491 547 535 daturus
574 492 631 534 sit
655 504 829 548 operam
858 496 908 534 ut
934 491 1108 536 libellus
1134 493 1221 546 ille,
1249 496 1293 538 in
1321 495 1460 539 multa
1487 496 1717 553 discriptus

114 577 139 608 a
181 562 367 607 literatis
398 564 488 606 suis
520 564 655 606 servis
687 561 963 619 exemplaria,
997 565 1197 608 omnibus
1228 567 1465 610 innotescat
1496 567 1716 619 Romanis,

114 635 272 694 quibus
301 635 436 679 bonae
466 639 579 678 artes
610 634 726 678 cordi
757 639 858 678 sunt
890 636 1048 692 quique
1079 637 1125 679 in
1158 637 1378 694 republica
1411 639 1604 683 Romana
1635 641 1719 696 pri·

113 708 303 751 marium
333 710 481 750 tenent
509 705 668 750 locum.
701 705 927 763 Simulque
958 707 1058 750 hinc
1084 707 1291 752 discimus
1318 724 1418 753 cum
1447 711 1604 767 quibus
1632 711 1718 754 fere

112 781 222 824 viris
262 778 424 822 Romae
466 777 808 821 familiaritatem
851 780 1110 822 contraxerit
1150 779 1424 834 Plutarchus,
1475 797 1583 839 quos
1629 784 1718 825 iam

115 850 405 896 Chaeroneam
454 864 652 894 reversus
699 848 837 893 colere
884 853 927 892 et
974 854 1175 906 patronos
1222 851 1376 896 habere
1424 853 1719 910 philosophiae

18 911 37 964 ¹j
113 935 216 966 suae
254 922 457 979 perrexit.
499 920 699 964 Tacitum
740 919 1020 977 Pliniumque
1052 923 1213 966 amicos
1244 923 1398 966 habuit
1428 929 1471 968 et
1503 929 1719 982 praeterea

10 1006 11 1011 ¹
41 1038 43 1042 ,
112 1005 262 1038 omnes
289 1006 396 1049 quos
421 1006 571 1036 eorum
599 993 759 1035 amicos
785 1005 836 1034 ex
863 991 1000 1034 Plinii
1028 994 1281 1048 praesertim
1307 994 1500 1051 epistolis
1523 997 1717 1053 cognitos

7 1084 10 1116 1
39 1112 41 1115 ,
109 1065 334 1117 habemus,
373 1066 420 1107 in
462 1077 696 1121 eorumque
728 1077 909 1106 numero
942 1067 985 1106 et
1016 1065 1162 1120 ipsum
1194 1066 1433 1122 principem
1467 1066 1716 1111 Traianum.

6 1125 8 1132 ⁸
33 1135 43 1158 ³
111 1136 262 1194 Neque
301 1137 391 1179 iam
422 1135 674 1179 dubitamus
706 1135 809 1191 quin
842 1136 1016 1192 egregie
1049 1134 1344 1180 Volkmannus
1376 1137 1490 1194 apud
1521 1137 1717 1181 Plinium

32 1259 34 1261 .
106 1207 178 1263 (v,
213 1207 283 1260 5)=

169 1279 344 1324 aderam
377 1277 647 1329 Arrionillae,
679 1277 874 1321 Timonis
905 1279 1046 1329 uxori,
1078 1281 1235 1335 rogatu
1267 1278 1447 1323 Aruleni
1479 1280 1651 1324 Rustici

28 1365 31 1368 ·
107 1364 186 1409 pro
227 1351 374 1407 inepto
416 1354 459 1393 et
495 1348 679 1393 ridiculo
713 1350 886 1392 nomine
919 1349 1172 1392 Arrionillae
1203 1352 1443 1394 restituerit
1473 1352 1715 1408 Aristyllae,

105 1435 269 1466 nomen
299 1425 343 1466 et
374 1421 480 1464 bene
512 1419 728 1464 Graecum
754 1424 798 1464 et
824 1435 977 1464 verum
1005 1420 1201 1464 Timonis
1229 1424 1387 1466 uxoris.
1422 1423 1534 1467 Nam
1561 1423 1716 1467 Timon

19 1485 22 1487 Δ
110 1490 188 1537 ille
228 1506 283 1536 ne
312 1496 458 1550 potest
487 1491 664 1549 quidem
696 1491 892 1535 diversus
923 1505 1014 1535 esse
1045 1506 1070 1534 a
1101 1491 1326 1536 Plutarchi
1358 1493 1489 1537 fratre
1520 1493 1714 1546 Timone,

111 1563 327 1622 siquidem
357 1565 403 1606 in
426 1563 660 1619 praeceptis
691 1563 975 1617 coniuqabibus,
1010 1577 1111 1607 vere
1138 1577 1266 1607 aureo
1293 1563 1456 1617 libello,
1485 1565 1589 1609 haec
1616 1565 1718 1608 Plu-

24 1639 25 1643 ’
108 1635 282 1679 tarchue
328 1634 382 1679 ad
429 1634 685 1692 discipulam
732 1648 856 1678 suam
898 1635 1072 1678 scribit:
1122 1635 1204 1686 „ad
1245 1634 1414 1679 cultum
1456 1636 1716 1680 muliebrem

109 1706 226 1764 quod
263 1708 434 1759 attinet,
475 1709 626 1750 auctor
664 1706 746 1749 tibi
787 1720 886 1749 sum
928 1709 979 1749 ut
1022 1705 1140 1749 fideli
1181 1721 1325 1751 serves
1365 1710 1576 1752 memoria
1609 1723 1715 1766 quae

109 1777 346 1823 Timoxena
388 1779 560 1836 scripsit
589 1776 870 1836 Aristyllae'’.
903 1776 997 1821 Iam
1028 1778 1098 1821 hic
1130 1779 1266 1835 ipsius
1298 1778 1522 1823 Plutarchi
1553 1780 1716 1838 signifi-

22 1860 26 1866 ²
109 1851 199 1894 cari
239 1863 434 1903 uxorem,
475 1863 607 1907 quam
647 1848 931 1893 Timoxenam
971 1850 1104 1892 fuisse
1136 1852 1310 1894 nomine
1343 1865 1419 1907 pro
1451 1855 1566 1895 certo
1597 1854 1717 1896 novi-

26 1955 27 1958 ,
110 1935 224 1974 mus,
265 1923 363 1979 quis
403 1921 508 1965 adeo
548 1922 813 1965 contumacis
855 1925 920 1964 est
961 1922 1256 1978 perversitatis
1298 1925 1349 1965 ut
1390 1937 1547 1980 negare
1578 1922 1718 1968 velit?

109 1991 270 2037 Hercle
301 1994 340 2036 si
369 2007 447 2036 non
479 2006 604 2036 suam
635 1992 706 2035 hic
738 1993 1000 2036 nominasset
1032 2006 1225 2045 uxorem,
1257 1992 1302 2036 id
1335 1993 1507 2037 disertis
1538 1994 1717 2038 dixisset

27 2075 29 2077 ’
108 2064 254 2109 verbis
296 2062 572 2108 Plutarchus.
604 2063 723 2121 Ergo
759 2064 970 2107 scribebat
1001 2063 1136 2107 libros
1168 2063 1395 2108 Plutarchi
1429 2079 1554 2116 uxor,
1585 2066 1715 2122 idque

108 2148 249 2192 neque
286 2136 428 2179 nescio
470 2149 608 2192 neque
649 2136 788 2178 invito
819 2136 991 2186 marito,
1023 2134 1097 2177 sed
1131 2135 1342 2179 scribebat
1371 2135 1423 2179 de
1455 2136 1582 2180 rebus
1613 2151 1718 2194 quas

105 2204 211 2250 solie
241 2206 414 2250 feminis
444 2209 567 2250 notas
608 2220 699 2250 esse
726 2220 895 2250 necesse
928 2209 1005 2257 est,
1038 2219 1177 2263 neque
1210 2207 1422 2250 scribebat
1453 2208 1614 2265 populo
1645 2209 1719 2252 sed

23 2291 25 2305 ²
106 2277 285 2322 feminis
325 2277 585 2334 quibuscum
627 2281 721 2320 arta
763 2281 853 2320 erat
883 2275 1179 2320 familiaritate
1211 2279 1371 2331 iuncta,
1403 2280 1621 2335 imprimis
1652 2279 1720 2323 illi

110 2347 286 2391 mulieri
317 2361 448 2405 quam
479 2349 526 2391 in
557 2349 834 2392 matrimonio
867 2348 1050 2391 habebat
1081 2350 1150 2391 sui
1182 2348 1406 2392 Plutarchi
1438 2350 1581 2394 frater.
1616 2351 1716 2394 Pro-

110 2419 224 2463 fecto
264 2420 303 2463 si
333 2432 525 2477 unquam
557 2419 746 2476 prodibit
778 2419 977 2472 diarium,
1011 2421 1134 2462 cuius
1167 2420 1253 2463 hoc·
1279 2422 1337 2463 sit
1368 2423 1637 2478 propositum
1670 2427 1721 2465 ut

27 2492 30 2497 ’
116 2489 382 2544 „mulierum
413 2491 589 2535 motus''
622 2490 696 2534 ille
728 2492 803 2547 qui
830 2491 988 2534 dicitur
1013 2493 1103 2534 suis
1131 2492 1213 2534 sibi
1240 2497 1482 2535 coerceatur
1508 2495 1719 2546 terminis,

114 2561 346 2607 Turnum
377 2563 417 2606 ei
448 2563 575 2606 detur
606 2576 763 2607 nomen
796 2576 958 2607 censeo.

174 2633 260 2678 Sed
299 2634 354 2679 ad
386 2633 673 2678 Plutarchum
706 2635 882 2691 eiusque
917 2635 967 2676 de
998 2634 1216 2677 cohibenda
1247 2636 1312 2677 ira
1345 2635 1470 2679 redeo
1502 2635 1717 2680 libellum.

113 2705 182 2749 Ad
214 2706 338 2750 cuius
368 2705 494 2750 hosce
526 2705 640 2750 locos
671 2719 806 2763 pauca
837 2708 1039 2749 annotata
1071 2704 1220 2749 velim.

174 2791 218 2834 p.
252 2775 341 2820 453
361 2778 412 2820 A.
463 2775 760 2829 „Prudenter”
809 2778 871 2819 ait
919 2778 1131 2833 „pictores
1178 2791 1256 2820 sua
1305 2792 1433 2835 opera
1479 2778 1715 2823 identidem

113 2849 376 2900 examinant,
407 2862 484 2906 per
514 2847 689 2906 aliquod
722 2849 927 2904 temporis
959 2847 1241 2892 intervallum
1276 2848 1358 2892 sibi
1389 2864 1474 2893 non
1506 2852 1625 2895 visa:
1657 2854 1718 2896 sic

110 2920 230 2963 enim
261 2921 408 2963 minus
433 2933 504 2963 eos
530 2918 688 2963 fallunt
716 2917 961 2962 tabularum
988 2933 1165 2963 suarum
1192 2921 1303 2964 vitia
1330 2935 1460 2978 quam
1488 2923 1526 2964 si
1551 2936 1722 2980 semper

111 3003 182 3034 eas
213 2994 313 3034 ante
346 2989 492 3034 oculos
523 2989 774 3035 haberent''.
807 2989 920 3034 Tum
952 2992 1013 3035 sic
1044 2992 1211 3049 pergit:
