2002 3372
877 215 963 259 107

115 338 359 385 multarum
399 341 560 384 artium
592 337 1006 397 disciplinarumque
1038 342 1167 396 atque
1197 340 1300 383 adeo
1331 340 1545 384 amicitiae
1577 342 1620 383 et
1650 345 1719 392 φι-

119 408 378 467 λανθρωῆοις
399 410 446 465 ¹),
488 414 656 455 mutato
694 412 869 454 nomine
910 411 980 455 hic
1021 412 1113 469 ipse
1145 416 1290 469 pastor
1321 409 1628 456 Chaeronensis
1659 409 1719 454 lo·

117 484 281 542 quitur,
321 497 407 541 quo
446 497 574 527 nemo
615 484 757 541 mag-is
789 485 954 527 amavit
987 483 1215 541 epularum
1248 487 1291 527 et
1323 484 1622 527 conviviorum
1654 484 1718 527 iu-

115 554 397 600 cunditatem.
439 553 603 598 Deinde
647 579 704 587 -
749 558 792 598 et
834 555 913 598 hoc
956 557 1135 613 gravius
1166 581 1223 589 —
1258 559 1486 613 postquam
1528 556 1720 598 narravit

79 648 81 651 >
115 626 254 671 Arimi
276 625 382 684 quid
407 625 490 670 sibi
506 627 710 677 evenerit,
728 626 923 670 Pittacus
940 626 990 670 de
1008 627 1218 673 miraculis
1234 629 1294 671 sic
1312 627 1503 684 disputat
1520 626 1626 679 (163
1641 626 1716 680 D):

55 699 58 730 J
116 697 283 752 ,maht
320 699 367 742 in
408 697 615 742 credendo
655 697 699 742 et
740 699 787 741 in
817 713 903 742 non
935 699 1141 743 credendo
1174 699 1352 743 modum
1387 703 1530 743 teneas
1560 698 1718 742 intelli-

57 775 59 778 ’
115 764 309 829 ‘gendum
345 767 426 814 tibi
457 770 516 813 sit
546 769 648 828 quid
679 771 852 814 intersit
881 772 995 814 inter
1027 772 1073 814 τὸ
1106 771 1307 815 ἀδύνατον
1339 775 1382 814 et
1415 771 1460 814 τὸ
1493 770 1716 818 deciman?

114 840 320 900 seditque
346 841 602 898 Anacharsis
626 841 680 895 (E
692 841 768 895 F):
800 843 979 900 „quidni
1007 842 1121 886 Deus
1147 857 1231 886 non
1258 842 1401 886 solum
1422 846 1566 893 vento,
1594 855 1716 899 aqua,

114 915 218 974 igne
246 913 321 958 sed
351 914 484 957 etiam
512 913 771 957 animalibus
799 918 949 958 utatur
972 914 1320 958 instrumentis''.
1352 915 1502 958 Nonne
1529 914 1609 957 hoc
1634 914 1719 970 ipsi

108 979 350 1030 ‘Platamho
385 985 762 1042 persuasissimum
794 986 891 1037 fuit,
924 1001 1064 1030 nonne
1095 1001 1219 1043 saepe
1251 986 1356 1029 alibi
1388 986 1439 1029 de
1472 986 1718 1042 quaestione

74 1075 78 1079 ·
114 1054 194 1102 ills
223 1055 478 1100 difficillima
506 1057 552 1100 in
584 1056 763 1100 eandem
798 1059 1054 1101 sententiam
1087 1056 1354 1114 disputavit?
1384 1058 1456 1110 (cf.
1489 1056 1610 1100 Brut.
1645 1055 1716 1107 39,

50 1154 56 1171 ,·
116 1127 238 1175 Caes.
273 1127 344 1181 66,
376 1126 459 1172 Dio
492 1127 534 1180 2,
567 1127 704 1172 Marc.
739 1128 781 1180 4,
816 1127 912 1173 Cor.
947 1129 1005 1172 24
1023 1143 1084 1186 sq.
1119 1128 1240 1173 Cam.
1277 1129 1303 1172 6
1337 1127 1424 1182 aL).

175 1199 370 1258 Denique
401 1213 508 1243 num
539 1199 743 1244 credibile
776 1204 842 1243 est
872 1200 974 1244 libri
1008 1205 1097 1244 tam
1129 1200 1357 1244 artificiose
1389 1200 1543 1242 structi
1575 1202 1718 1242 aucto-

45 1314 47 1319 .
113 1285 206 1316 rem
234 1270 369 1316 latere
400 1270 605 1315 maluisse
636 1276 734 1329 post
759 1273 1011 1329 scriptorem
1039 1275 1262 1316 vetustum
1290 1271 1577 1325 (Volkmanno
1604 1272 1719 1313 enim

114 1346 287 1388 auctore
322 1342 553 1386 Convivium
582 1343 822 1402 Porphyrio
850 1347 915 1386 est
941 1345 1171 1401 posterius)
1199 1357 1327 1400 quam
1356 1356 1528 1399 operam
1557 1341 1721 1384 dedisse

37 1466 39 1468 ,
114 1418 174 1459 τιέ-
194 1405 327 1473 uuam
351 1415 551 1463 maxime
581 1418 625 1459 et
654 1415 908 1472 aequalibus
939 1420 983 1459 et
1013 1417 1195 1472 posteris
1225 1411 1535 1457 innotesceret?

153 1477 270 1531 Ἰεὶῑι
292 1485 364 1531 ‘ad
402 1482 582 1530 'alteram
614 1486 746 1530 huius
776 1487 930 1544 capitis
962 1490 1129 1543 partem
1161 1487 1253 1543 ipse
1286 1484 1396 1528 mihi
1428 1483 1723 1527 Volkmannus

35 1599 43 1625 ᾗ
114 1559 346 1603 transitum
378 1561 512 1616 parat.
548 1557 596 1601 In
631 1560 823 1602 oratione
843 1557 876 1612 ²)
909 1558 1018 1601 nihil
1051 1561 1117 1601 est
1147 1557 1260 1614 quod
1291 1571 1368 1600 nos
1400 1556 1451 1599 de
1485 1554 1720 1598 Plutarcho

32 1676 34 1679 ,
116 1633 289 1674 auctore
313 1628 529 1674 ‘dubitare
570 1633 711 1688 cogat,
753 1630 840 1673 nisi
882 1631 991 1674 forte
1033 1629 1078 1672 id
1120 1628 1234 1686 quod
1277 1628 1330 1672 ad
1363 1626 1596 1685 legendum
1630 1631 1720 1670 tam

35 1715 38 1762 j
113 1699 253 1745 facilis
292 1699 363 1745 hic
403 1700 512 1745 liber
553 1705 630 1745 est.
673 1701 786 1745 Nam
828 1703 903 1759 qui
946 1701 1084 1745 dicere
1126 1701 1263 1758 possit
1293 1698 1590 1743 Volkmannus
1631 1702 1718 1741 tam

107 1777 369 1831 corruptum
410 1772 464 1817 ad
505 1787 581 1817 nos
612 1775 856 1831 pervenisse
894 1773 1125 1816 Convivium
1157 1777 1207 1816 ut
1236 1773 1311 1816 vix
1343 1775 1387 1815 te
1419 1771 1518 1814 inde
1549 1771 1723 1814 intrices

30 1894 33 1896 ,
113 1846 295 1889 minime
337 1844 552 1903 intelligo.
596 1845 761 1904 Inspice
792 1847 1112 1889 annotationem
1146 1846 1354 1896 criticam,
1387 1843 1555 1888 videbis
1585 1844 1723 1886 rarius

110 1911 182 1961 hio
222 1915 356 1975 quam
384 1917 430 1960 in
462 1916 615 1960 multis
646 1916 745 1961 aliis
775 1917 897 1961 libris
928 1918 1113 1961 haesisse
1146 1918 1264 1962 viros
1297 1917 1455 1960 doctos.
1490 1915 1586 1972 Ipse
1619 1929 1719 1959 vero

72 2027 74 2029 ,
112 1987 188 2047 qii
218 1992 284 2033 tot
313 1989 402 2032 iam
428 2002 563 2033 annos
594 1991 639 2032 in
667 1989 901 2033 Plutarcho
930 1993 1047 2032 totus
1073 1991 1170 2041 sim,
1199 1989 1448 2046 saepissime
1473 2001 1544 2030 me
1571 1989 1718 2030 etiam-

111 2073 226 2105 nunc
245 2072 249 2075 ·
269 2054 420 2104 timere
458 2060 596 2104 fateor
636 2066 686 2104 ut
729 2064 844 2104 recte
876 2075 977 2104 eum
1009 2060 1271 2118 intelligam,
1299 2061 1344 2103 in
1377 2058 1586 2104 Convivio
1617 2073 1718 2102 vero
1780 2070 1786 2076 ·

108 2126 185 2179 vix
212 2145 405 2190 unquam
432 2132 542 2176 mihi
567 2130 682 2176 ill'ud
712 2131 880 2176 accidit.
910 2133 1051 2176 Pauca
1078 2146 1181 2189 ergo
1208 2132 1279 2175 hic
1305 2145 1474 2188 quoque
1491 2130 1717 2174 annotabo.

175 2202 318 2248 146D
347 2203 614 2258 (Periander)
646 2204 759 2255 μετὰ
792 2204 877 2255 γὰρ
910 2205 978 2247 τὸν
1006 2188 1138 2256 νἔρεινιίκ
1172 2208 1246 2252 τῆς
1279 2203 1432 2254 μητρὸς
1466 2202 1592 2245 αὑτοῦ
1628 2218 1717 2254 προ-

107 2273 259 2328 εμένης
285 2274 354 2318 τὸν
380 2275 472 2327 βίον
499 2275 702 2328 ἑκουσίως,
736 2275 780 2317 οὐ
809 2276 980 2323 τεθυκὼς
1010 2281 1060 2329 τῇ
1090 2275 1312 2330 Ἀφροδίτῃ
1339 2273 1434 2317 τότε
1460 2278 1612 2327 πρῶτον
1757 2311 1760 2314 ⁴

113 2345 273 2402 ὅρμησε
307 2378 317 2390 .
337 2379 347 2391 .
367 2379 376 2390 .
397 2379 407 2390 .
440 2346 675 2399 θεραπεύειν
709 2347 782 2395 τὴν
815 2346 914 2390 θεόν.

26 2451 46 2478 7
173 2418 314 2463 Prava
346 2419 564 2463 distinctio
594 2419 697 2462 haec
728 2419 916 2462 reddidit
948 2433 1075 2462 sensu
1101 2432 1230 2462 cassa.
1263 2417 1367 2462 Dele
1394 2417 1592 2476 vig-ulam
1620 2421 1716 2474 post

22 2508 25 2517 =
110 2489 303 2539 ἓιιουσόως
333 2494 377 2534 et
406 2504 515 2548 pone
548 2494 644 2548 post
675 2491 913 2544 'Amposslm

173 2560 315 2606 146F
359 2561 408 2606 ln
451 2561 720 2605 decantatam
763 2560 1130 2605 narratiunculam
1164 2561 1215 2604 de
1248 2560 1399 2604 Biante
1431 2563 1474 2603 et
1505 2574 1604 2617 rege
1635 2561 1715 2603 Ae-

27 2635 29 2637 ’
111 2635 268 2692 gyptio
309 2631 426 2678 ultro
457 2634 618 2678 vitium
659 2633 813 2677 intulit
845 2633 982 2676 editor
1012 2631 1202 2676 Graecus
1233 2633 1305 2682 τὴν
1338 2636 1534 2683 γλῶτταν
1569 2630 1715 2682 ἐξελὼν

113 2704 328 2758 ἐξέπεμψε
358 2703 539 2763 legendo
570 2719 649 2762 pro
682 2706 755 2754 τὴν
787 2715 861 2757 γλ.
895 2704 1043 2755 ἐξελὼν
1075 2704 1258 2757 ἔπεμψε.

155 2839 192 2883 1)
214 2839 331 2872 Nonne
354 2839 565 2872 Plutarchum
589 2838 732 2881 agnoscis
755 2838 789 2870 in
812 2837 898 2870 hisce
923 2837 1000 2878 (158
1017 2837 1070 2878 C):
1098 2834 1341 2876 παρακειμένης
1364 2834 1546 2878 τραπέζης,
1566 2833 1602 2872 ἣν
1621 2833 1714 2867 ἀναι-

18 2888 25 2938 J
109 2895 219 2937 ροῦσιν
241 2892 414 2936 αἰρομένης
437 2894 562 2936 τροφῆς
589 2893 708 2934 φιλίων
735 2892 812 2925 θεῶν
837 2892 949 2933 βωμὸν
974 2888 1076 2924 οὖσαν
1101 2890 1157 2923 καὶ
1180 2890 1310 2934 ξενίωνΡ

153 2949 191 2992 2)
218 2949 322 2992 Atque
342 2949 440 2982 ctiam
463 2950 497 2983 in
520 2960 676 2988 sermone,
701 2959 775 2980 nam
799 2947 969 2980 barbarum
997 2947 1082 2979 istud
1107 2943 1191 2990 ἥμην
1215 2946 1293 2988 (146
1307 2945 1345 2986 C)
1368 2949 1400 2978 et
1423 2944 1498 2977 alibi
1522 2944 1641 2987 legitur
1661 2945 1712 2978 ubi

111 3015 176 3038 non
199 3006 368 3048 exspectes.
