2002 3372
855 878 1142 932 CAPUT
1184 877 1340 934 XIV.

914 1277 970 1307 DE
1000 1276 1286 1309 GURIOSI'PA'I'E.

366 1428 524 1471 Statim
555 1427 727 1471 libellus
759 1428 826 1471 hic
857 1430 903 1470 in
930 1429 1144 1471 codicibus
1172 1428 1297 1471 illum
1327 1428 1377 1471 de
1402 1427 1657 1484 loquacitate
1683 1429 1889 1484 sequitur,

307 1505 349 1542 et
390 1501 472 1541 nisi
515 1498 582 1542 vel
622 1500 770 1541 statim
812 1504 1059 1555 sequeretur
1102 1499 1169 1542 vel
1209 1501 1402 1555 proxime
1443 1497 1720 1556 praecederet,
1760 1511 1786 1541 a
1813 1513 1890 1542 suo

307 1585 408 1613 eum
450 1569 540 1612 loco
583 1570 793 1612 aberrasse
835 1569 1131 1620 clamaremus,
1174 1584 1258 1613 non
1301 1571 1416 1612 enim
1458 1569 1505 1611 hi
1543 1568 1680 1612 libelli
1710 1570 1891 1612 inter'se

307 1642 476 1695 seiungi
516 1644 708 1695 possunt,
751 1643 841 1682 tam
883 1640 1017 1682 simili
1059 1644 1158 1683 sunt
1200 1644 1467 1697 argumento,
1511 1643 1598 1682 tam
1643 1639 1798 1682 similis
1828 1646 1892 1682 est

308 1711 422 1754 color
460 1715 586 1766 atque
623 1712 823 1752 universa
855 1712 1024 1766 species.
1059 1710 1170 1763 Quid
1203 1711 1314 1767 quod
1344 1711 1577 1753 orationem
1609 1711 1664 1752 ad
1691 1710 1893 1752 auditores

309 1782 480 1823 habitam
514 1795 603 1823 esse
631 1781 743 1823 hunc
769 1781 931 1824 librum
957 1781 1157 1824 disertius
1185 1784 1327 1832 etiam,
1357 1783 1392 1824 si
1418 1781 1509 1824 fieri
1533 1785 1687 1838 potest,
1703 1786 1890 1838 apparet.

308 1852 428 1904 Quod
453 1853 513 1895 ita
539 1853 729 1895 evenisse
759 1855 823 1895 est
850 1866 925 1895 cur
951 1852 1227 1909 gaudeamus.
1256 1852 1318 1895 De
1342 1851 1574 1894 curiositate
1593 1853 1706 1894 enim
1731 1851 1891 1894 librum

308 1922 470 1964 lecturis
498 1922 765 1965 destinatum
784 1922 906 1965 facile
934 1922 1092 1979 fingere
1119 1923 1240 1966 nobis
1268 1937 1509 1979 possumne.
1543 1922 1608 1966 Ne
1624 1922 1702 1966 hoc
1719 1922 1892 1979 quidem

306 1992 551 2035 incredibile
583 1991 785 2048 aliquem,
818 1995 891 2048 qui
926 2007 969 2036 se
999 1993 1076 2036 illo
1109 1994 1258 2037 morbo
1289 1993 1478 2036 laborare
1507 2007 1606 2036 cum
1637 1993 1892 2036 detrimento

307 2077 383 2105 suo
427 2066 536 2105 esset
579 2066 790 2118 expertuS,
822 2064 978 2106 mentis
1011 2064 1224 2107 medicum
1257 2063 1410 2106 adiisse
1442 2067 1491 2106 ut
1521 2062 1597 2106 illo
1627 2062 1890 2116 liberaretur,

307 2133 666 2190 quemadmodum
708 2134 885 2176 Paccius
926 2135 1068 2177 animo
1099 2135 1372 2191 perturbatus
1403 2138 1445 2177 et
1476 2135 1627 2176 anxius
1659 2134 1712 2177 ab
1744 2147 1793 2177 eo
1824 2147 1894 2190 pe-

306 2206 409 2248 tivit
451 2208 501 2246 ut
543 2205 623 2247 sibi
665 2206 798 2247 animi
840 2204 1033 2248 redderet
1066 2205 1436 2262 tranquillitatem,
1470 2204 1633 2256 deinde,
1667 2207 1916 2261 postquam-

305 2289 381 2330 pro
426 2275 733 2317 medicamento
774 2273 970 2317 libellum
1004 2275 1056 2318 ab
1089 2289 1137 2318 eo
1170 2277 1411 2331 accepisset,
1445 2288 1615 2331 operam
1647 2273 1811 2317 dedisse
1842 2278 1892 2316 ut

304 2347 347 2387 in
380 2359 508 2401 quam
541 2345 826 2401 plurimorum
858 2345 933 2388 ille
966 2347 1204 2402 perveniret
1237 2360 1401 2388 manus.
1433 2345 1596 2388 Eodem
1627 2346 1740 2387 enim
1765 2344 1892 2388 modo

304 2416 419 2458 idem
461 2415 533 2458 ille
577 2416 753 2458 Paccius
793 2415 930 2459 libelli
973 2418 1022 2458 de
1063 2416 1362 2472 tranquillitate
1402 2416 1528 2457 animi
1569 2417 1614 2458 in
1655 2429 1698 2458 se
1735 2416 1890 2471 recepit

305 2487 602 2542 patrocinium.
638 2486 728 2538 Quo
761 2486 885 2529 modo
918 2501 1017 2529 vero
1049 2488 1098 2528 de
1124 2487 1368 2540 qarrulitate
1398 2486 1519 2538 liber,
1552 2487 1588 2528 si
1618 2485 1791 2540 smptus
1827 2489 1892 2528 est

304 2556 615 2607 tantummodo,
659 2555 835 2599 lectores
875 2558 1067 2600 invenire
1111 2555 1280 2613 potuit?
1322 2555 1404 2600 Cui
1445 2555 1572 2599 illum
1612 2555 1892 2614 philosophus

305 2627 495 2669 dedicare
537 2640 666 2669 ausus
709 2625 842 2669 esset?
888 2626 992 2679 Quis
1031 2641 1112 2670 non
1155 2628 1222 2669 vir
1262 2626 1488 2682 opulentus
1530 2631 1573 2669 et
1605 2625 1759 2668 nobilis
1790 2639 1889 2668 eum

305 2698 385 2739 sibi
413 2697 595 2740 dedicari
623 2698 842 2747 vetuisset,
870 2711 921 2739 ne
947 2697 1116 2740 ridiculi
1137 2697 1257 2739 illius
1282 2699 1377 2739 vitii
1400 2700 1618 2753 tamquam
1643 2695 1890 2752 exemplum

305 2769 481 2822 proponi
516 2765 758 2809 videretur?
789 2767 905 2823 Ergo
937 2769 986 2809 cle
1013 2767 1255 2821 ‚qm-rulitate
1288 2768 1406 2823 prius
1438 2767 1609 2809 habitam
1640 2768 1889 2818 orationem,

305 2836 466 2887 deinde,
509 2851 608 2879 cum
651 2840 791 2879 orator
833 2851 925 2879 eam
960 2837 1189 2879 admodum
1224 2837 1394 2893 probari
1425 2837 1636 2888 sensisset,
1668 2836 1815 2878 editam
1847 2841 1891 2880 et

304 2920 369 2947 res
411 2908 502 2962 ipsa
540 2906 695 2949 clamat
737 2912 779 2949 et
811 2910 997 2950 testatur
1029 2921 1181 2959 sermo,
1214 2921 1296 2963 quo
1330 2911 1475 2950 auctor
1505 2920 1607 2949 usus
1637 2910 1714 2949 est.
1746 2906 1813 2949 Ad
1841 2906 1889 2949 li·
