2002 3372
1154 198 1181 240 4
1994 180 2002 250 1

436 323 556 366 Unde
597 322 745 378 pedem
786 322 868 363 huc
910 319 1059 362 intulit
1099 319 1271 375 Illyrica
1310 320 1387 363 illa
1426 319 1771 377 Hierapolitana?
1804 321 1870 373 ,Et
1900 321 1952 371 de
1999 350 2002 355 ι

377 408 459 449 qua
491 394 610 436 nobis
641 388 1182 448 cogitandumEurydice?
1218 391 1307 442 „De
1334 390 1467 434 altera
1495 391 1698 449 Philippi,
1728 389 1958 439 Alexandri

376 466 522 521 magni
554 465 698 520 patris,
733 461 892 504 uxore''
923 461 1274 517 Wyttenbachius
1306 463 1380 511 ait,
1415 476 1549 518 „quae
1581 462 1665 505 fuit
1695 461 1881 520 myrlea,
1913 465 1955 505 et

377 550 472 578 cum
502 549 525 577 a
552 521 797 590 parentibus
822 533 1024 574 Audatam
1050 533 1276 588 accepisset
1293 546 1460 583 nomen,
1483 546 1507 574 a
1523 531 1724 590 Philippo
1740 532 1954 591 Eurydice

376 610 439 648 est
464 603 716 661 appellata.''
744 603 826 646 Sed
852 602 973 646 nulla
1000 617 1188 659 unquam
1213 604 1258 646 in
1285 602 1435 660 Illyria
1463 604 1565 646 urbs
1587 603 1828 661 Hierapolis
1855 604 1954 658 fuit,

376 681 487 719 certe
514 690 538 717 a
559 675 676 717 nullo
694 676 895 730 scriptore
912 678 1282 717 commemoratur.
1311 674 1373 716 De
1391 689 1480 726 suo,
1498 674 1542 716 id
1559 677 1623 717 est
1638 674 1690 718 de
1704 666 1853 726 nihilo,
1871 674 1956 718 Eu-

375 747 547 804 rydicen
572 760 667 788 cum
691 745 803 788 bella
824 746 905 787 ista
929 744 1148 788 historiola
1166 745 1289 786 finxit
1305 745 1527 797 ρητοριδεύς
1543 746 1807 802 1108181311180
1821 744 1955 788 bellos

375 818 450 860 hos
476 821 622 873 panxit
649 817 917 859 hexametros
943 819 1322 872 pentametrosque,
1349 831 1429 858 uon
1448 816 1498 858 de
1513 815 1652 872 lapide
1668 815 1894 873 sepulcrali
1904 817 1954 859 *in

376 902 502 930 suum
543 886 738 930 libellum
771 887 1003 929 transtulit.
1036 887 1092 929 Et
1125 886 1268 943 quales
1300 890 1399 929 sunt
1429 884 1520 928 illi!
1556 887 1707 944 Aspice
1737 888 1954 943 primum:

377 959 468 1010 οὐχὶ
504 959 731 1000 κλαύσεται
762 973 913 1002 versus
944 972 1114 1001 caesura
1144 972 1287 1000 carens
1321 961 1363 1000 et
1395 959 1468 1014 qui
1501 972 1598 1001 eum
1629 956 1858 1002 conflavit?
1899 957 1956 1001 Et

376 1031 450 1086 qui
482 1027 642 1071 sermo!
676 1029 807 1071 τόνδ’
841 1028 1020 1078 ἀνέθηκε.
1063 1029 1181 1072 Num
1214 1027 1347 1070 λίθονῖ
1379 1027 1461 1071 Sed
1492 1030 1586 1085 quis
1617 1027 1720 1072 talia
1749 1027 1954 1076 vocabula

376 1098 567 1143 omitt-it?
610 1100 796 1156 Experto
837 1100 1006 1151 credite,
1053 1114 1174 1142 nemo
1218 1101 1300 1141 nisi
1340 1100 1413 1155 qui
1454 1113 1657 1142 versuum
1686 1097 1955 1143 Graecorum

375 1171 679 1214 Latinorumve
706 1171 994 1214 faciendorum
1021 1172 1159 1227 prima
1185 1171 1285 1212 facit
1309 1171 1514 1213 tirocinia.
1543 1169 1653 1214 Cum
1669 1171 1798 1215 verbo
1812 1173 1955 1214 autem

377 1243 542 1289 ἀνέθηκε
585 1244 814 1285 necessario
855 1242 1120 1299 iungendum
1159 1242 1362 1292 Μούσαις,
1395 1240 1507 1297 (111οᾶ
1538 1243 1599 1284 sic
1629 1243 1674 1284 in
1703 1243 1830 1285 initio
1859 1255 1957 1298 pen-

376 1315 547 1355 tametri
588 1315 775 1370 positum
819 1317 1039 1369 tamquam
1082 1314 1118 1355 si
1159 1326 1256 1354 cum
1288 1312 1537 1368 sequentibus
1567 1311 1809 1356 cohaereret
1839 1325 1958 1356 vocae

377 1384 502 1426 bulis.
530 1383 654 1435 Tum,
681 1386 774 1426 iure
801 1384 972 1440 quidem
1000 1384 1153 1426 εὔιστον
1179 1385 1224 1425 in
1252 1386 1372 1426 textu
1392 1382 1746 1439 Wyttenbachius
1763 1384 1955 1435 retinuit,

379 1455 450 1497 sed
483 1455 584 1511 quid
616 1469 662 1497 eo
694 1459 903 1510 poetaster
936 1454 1120 1497 voluerit
1154 1458 1203 1496 ut
1235 1456 1416 1496 sciamus
1448 1445 1708 1498 divinatione
1739 1467 1846 1511 opus
1876 1457 1954 1497 est.

379 1527 440 1570 De
468 1541 511 1569 re
538 1529 652 1569 enim
678 1526 918 1568 adhibuisse
944 1527 1102 1568 videtur
1128 1539 1253 1581 quam
1282 1526 1387 1568 scire
1413 1539 1497 1568 non
1519 1524 1642 1576 nolis,
1665 1526 1786 1568 cuins
1808 1528 1851 1568 te
1871 1539 1953 1568 non

378 1598 548 1655 pudeat,
589 1612 671 1654 qua
700 1597 909 1654 glorieris.
954 1596 1077 1653 Cepit
1108 1611 1209 1653 ergo
1241 1598 1383 1639 animo
1413 1597 1521 1639 bona
1553 1600 1688 1638 mater
1716 1595 1954 1638 desiderium

379 1669 490 1725 quod
531 1668 663 1711 latere
706 1670 883 1710 minime
926 1667 1069 1710 vellet.
1112 1667 1344 1711 Cuiusnam
1376 1668 1450 1717 rei,
1484 1668 1671 1723 quaeris:
1703 1665 1950 1724 literarum-1

379 1741 557 1791 Mirum,
588 1739 741 1790 hercle,
769 1739 1023 1782 desiderium
1058 1743 1099 1781 et
1132 1738 1242 1794 quod
1273 1752 1490 1794 nunquam
1522 1739 1567 1780 in
1599 1741 1740 1781 mente
1770 1737 1955 1780 hominis

379 1816 528 1855 natum
572 1814 647 1854 est.
692 1809 835 1852 Multo
878 1812 1033 1852 rectius
1076 1813 1118 1852 et
1158 1812 1333 1851 naturae
1365 1810 1683 1851 convenientius
1714 1808 1794 1852 sub
1825 1807 1952 1851 finem

379 1883 561 1926 declarat
601 1896 644 1924 se
685 1881 908 1923 literarum
949 1879 1242 1923 discendarum
1275 1880 1454 1931 laborem,
1486 1893 1675 1936 gravem,
1707 1883 1758 1922 ut
1788 1880 1949 1936 opinor,

379 1959 421 1996 et
465 1952 747 1995 iniucundum
794 1952 1037 2007 suscepisse.
1088 1950 1169 1993 Sed
1214 1954 1428 2006 praeterea
1472 1949 1590 1992 nulla
1635 1963 1680 1993 re
1719 1950 1952 1994 secundum

379 2024 588 2066 distichon
619 2024 749 2079 priori
779 2026 975 2078 praestat.
1009 2022 1045 2063 A
1073 2022 1280 2077 magistro
1308 2035 1384 2063 suo
1409 2022 1452 2062 in
1479 2020 1582 2063 ludo
1606 2019 1794 2074 literar-io
1819 2022 1957 2066 audiit

379 2094 584 2152 puerulus
627 2093 831 2135 memoriae
871 2093 1171 2134 instrumentum
1218 2096 1260 2134 et
1306 2092 1509 2133 memoriae
1550 2091 1781 2147 effectricem
1817 2091 1901 2136 dici
1931 2107 1957 2136 a

379 2167 514 2222 poetis
553 2165 710 2215 literas,
755 2168 797 2206 et
828 2164 1003 2206 fortasse
1035 2162 1196 2205 nobiles
1226 2161 1325 2204 illos
1357 2161 1557 2219 Aeschyli
1587 2161 1761 2206 edidicit
1791 2150 1952 2216 rersus,

378 2238 453 2278 ubi
481 2236 757 2278 Prometheus
784 2234 967 2277 declarat
994 2248 1036 2277 se
1062 2239 1105 2276 et
1132 2233 1214 2276 alia
1240 2232 1471 2275 utilissima
1494 2234 1704 2277 iuvenisse
1729 2237 1774 2278 et
1794 2227 1960 2278 dedisse

379 2307 622 2350 hominibus

1130 2364 1392 2416 γραμμάτων
1426 2381 1472 2406 τε
1503 2364 1701 2413 συνθέσεις

620 2440 782 2488 μνήμης
806 2437 836 2489 ¹)
869 2436 1062 2479 ἁπάντων
1095 2437 1361 2487 μουσομήτορ
1394 2435 1564 2486 ἐργάνην

381 2524 561 2566 cumque
602 2511 751 2564 utique
791 2507 907 2550 istud
949 2507 1190 2559 γράμματα
1233 2506 1314 2557 γάρ
1356 2507 1460 2549 iusti
1501 2507 1736 2550 hexametri
1773 2477 1948 2550 initium

381 2582 470 2625 fieri
498 2582 678 2631 deberet,
707 2580 859 2623 adiecit
886 2585 1067 2628 μνημεῖα
1094 2578 1240 2630 λόγων,
1269 2592 1375 2634 quae
1404 2579 1529 2621 verba
1554 2592 1628 2620 vix
1635 2582 1807 2632 poscunt
1822 2579 1954 2635 signi-

379 2653 502 2695 ficare
543 2651 588 2694 id
619 2650 731 2707 quod
762 2654 884 2706 poeta
917 2649 1067 2700 voluit,
1101 2653 1142 2691 et
1173 2649 1241 2691 hic
1272 2652 1383 2691 certe
1413 2649 1677 2704 ineptissime
1709 2647 1948 2692 adduntur:

427 2799 457 2838 1)
481 2797 647 2839 Spernitur
671 2806 752 2827 nunc
775 2811 819 2820 —
841 2794 1016 2825 communis
1041 2804 1075 2825 ea
1098 2804 1165 2825 sors
1188 2794 1358 2826 lectionum
1382 2804 1458 2836 quas
1477 2804 1551 2826 sana
1570 2804 1659 2826 mens
1677 2794 1812 2836 requirit
1833 2811 1875 2818 —
1895 2804 1959 2826 cer-

380 2853 502 2884 tissima
532 2852 606 2882 haec
640 2850 817 2882 Hei-manni
848 2849 1035 2887 emendatio,
1067 2851 1098 2880 et
1130 2849 1300 2880 secundum
1330 2849 1468 2880 codicem
1499 2849 1604 2880 editur
1627 2851 1683 2881 aut
1706 2847 1832 2889 μνήμην
1857 2848 1896 2888 θ’,
1922 2851 1958 2881 ut

382 2906 550 2938 memoriae
581 2909 697 2942 artem,
732 2906 825 2945 atque
855 2904 933 2934 adeo
962 2904 1061 2945 ipsam
1095 2903 1279 2934 memoriam
1311 2903 1459 2935 invenisse
1490 2903 1697 2935 Prometheus
1730 2903 1862 2942 dicatur,
1905 2905 1961 2935 aut

383 2960 521 3001 μνήμην,
546 2960 628 3002 quod
653 2969 781 3001 prorsus
803 2968 892 2990 seusu
916 2967 1035 2989 cassum
1058 2960 1114 2989 est.
