2002 3372
1065 216 1153 260 220

314 351 388 379 cur
420 351 467 379 ea
499 336 551 378 ad
583 350 681 378 eum
710 335 949 378 scribantur
973 334 1068 379 luce
1095 335 1250 379 clarius
1277 338 1395 379 nobis
1423 339 1610 392 apparet.
1645 335 1755 388 Quid
1781 337 1896 380 enim

311 407 481 448 intersit
527 407 637 448 inter
680 405 926 448 hodiernam
969 405 1178 449 librorum
1221 407 1478 449 edendorum
1520 407 1728 448 rationem
1770 409 1898 462 atque

313 477 547 531 antiquam,
574 477 656 517 nisi
683 475 854 518 aliunde
882 479 1032 518 notum
1057 480 1179 527 esset,
1206 476 1305 519 hinc
1328 477 1484 519 discere
1512 490 1742 532 possemus.
1773 475 1896 519 Nunc

314 559 566 601 quocunque
606 545 725 588 nobis
757 544 866 588 libro
899 559 1005 601 opus
1037 551 1102 589 est
1133 546 1257 590 facile
1290 561 1390 590 eum
1423 560 1569 603 parare
1601 546 1722 589 nobis
1753 558 1896 602 possu-

312 630 423 666 mus,
456 617 654 671 quamvis
687 629 822 671 neque
854 617 1071 672 scriptoris
1102 631 1237 673 neque
1266 617 1365 661 libri
1397 618 1533 673 ipsius
1564 620 1714 660 notum
1747 616 1896 660 habea-

311 700 408 728 mus
447 700 615 728 nomen.
659 686 755 738 Sed,
790 700 1050 742 quamquam
1082 701 1175 730 raro
1207 688 1251 730 id
1282 687 1344 740 fit,
1376 688 1467 730 fieri
1498 692 1640 731 tamen
1671 689 1812 743 potest
1843 690 1894 730 ut

311 756 355 798 id
396 756 509 811 quod
550 758 793 812 quaerimus
837 759 1011 800 omnino
1053 759 1260 814 scriptum
1301 759 1357 800 sit
1398 772 1631 814 nunquam.
1674 756 1787 801 Tum
1817 761 1893 800 aut

311 827 621 882 expectandum
662 828 782 870 nobis
825 831 889 870 est
927 833 1001 870 aut
1042 817 1284 871 carendum.
1326 828 1507 872 Meliore
1539 829 1767 872 utebantur
1795 842 1893 872 con·

311 896 469 939 ditione
510 903 675 940 veteres
718 896 869 940 Graeci
911 898 1189 955 Romanique,
1235 900 1483 955 praesertim
1515 900 1588 955 qui
1617 898 1746 955 paulo
1777 902 1895 955 erant

309 965 607 1022 opulentiores.
653 967 867 1024 Quidquid
908 967 1050 1025 leg-ere
1094 968 1292 1011 volebant
1324 973 1367 1012 et
1397 969 1447 1012 de
1479 983 1729 1025 quacunque
1758 982 1817 1020 re,
1849 969 1894 1012 id

308 1041 358 1078 ut
403 1038 658 1080 scriberetur
704 1039 788 1094 ipsi
833 1033 990 1081 fiebant
1037 1043 1243 1082 auctores.
1291 1040 1432 1095 Atque
1478 1043 1553 1082 aut
1600 1039 1894 1096 praesentibus

307 1108 498 1149 nummis
545 1109 762 1164 scriptoris
810 1110 1190 1152 remunerabantur
1235 1109 1422 1153 laborem
1470 1109 1762 1166 studiumque,
1802 1113 1891 1162 aut,

307 1190 412 1231 quae
436 1179 571 1220 maior
594 1192 767 1229 merces,
791 1178 951 1221 librum
968 1181 1061 1222 eius
1077 1181 1123 1221 in
1140 1180 1277 1223 multa
1293 1180 1614 1223 describendum
1631 1179 1891 1236 exemplaria

306 1250 349 1288 et
388 1248 432 1289 in
474 1246 615 1290 lucem
656 1249 941 1291 emittendum
985 1250 1201 1293 curabant.
1244 1250 1302 1293 Et
1335 1256 1453 1294 erant
1484 1250 1613 1294 multi
1643 1251 1718 1307 qui
1748 1249 1890 1307 legere

306 1317 547 1372 cupiebant,
594 1333 677 1361 non
719 1318 857 1361 solum
898 1324 947 1362 ut
990 1320 1196 1364 doctiores
1236 1336 1387 1364 verum
1429 1324 1562 1365 etiam
1602 1325 1652 1365 ut
1691 1319 1889 1364 meliores

308 1386 469 1437 fierent,
501 1402 636 1444 neque
667 1388 840 1432 deerant
870 1391 914 1431 in
946 1394 1126 1447 utroque
1157 1405 1311 1448 genere
1341 1394 1416 1448 qui
1445 1396 1616 1449 possent
1639 1392 1818 1435 scribere
1843 1391 1888 1434 id

308 1457 420 1513 quod
446 1459 492 1499 in
517 1473 607 1500 rem
633 1463 896 1515 praesentem
921 1461 1088 1504 faceret.
1113 1461 1338 1506 Scribendo
1356 1463 1558 1507 docebant
1574 1461 1889 1520 „philosophi'',

307 1527 379 1570 sed
412 1530 550 1585 magis
583 1530 713 1572 etiam
746 1530 929 1572 mentium
961 1532 1109 1574 morbos
1140 1534 1344 1576 curabant
1375 1533 1592 1576 scribendo
1623 1537 1665 1577 et
1690 1534 1750 1576 sic
1775 1546 1890 1589 prae-

306 1599 468 1650 sertim,
511 1603 558 1641 ut
589 1614 669 1656 ego
701 1603 863 1656 opinor,
896 1616 1155 1659 quamquam
1186 1607 1230 1646 et
1260 1606 1495 1660 praesentia
1523 1618 1601 1647 sua
1631 1603 1889 1648 adiuvabant

305 1667 477 1720 multos,
510 1671 724 1726 insignem
756 1670 874 1714 illam
908 1674 951 1714 in
985 1674 1075 1716 vita
1107 1674 1331 1717 hominum
1362 1675 1444 1717 sibi
1475 1674 1677 1731 parabant
1707 1675 1885 1718 auctori-

304 1741 451 1790 tatem,
493 1753 599 1795 quae
642 1746 799 1797 quanta
840 1743 970 1786 fuerit
1010 1758 1135 1787 nemo
1177 1745 1408 1789 Plutarcho
1451 1745 1606 1790 melius
1636 1745 1768 1789 docet.
1802 1744 1885 1787 Hic

303 1822 404 1852 vero
446 1809 618 1853 libellus
669 1813 771 1867 quin
802 1827 948 1856 revera
979 1828 1158 1871 aegrum
1191 1818 1478 1872 pei-sanaverit
1510 1831 1594 1859 non
1624 1815 1884 1867 dubitamus,

302 1894 403 1936 ergo
445 1895 556 1924 nunc
598 1896 765 1939 quoque
808 1883 928 1927 utilis
970 1899 1059 1929 esse
1103 1891 1254 1942 potest,
1296 1889 1349 1930 iis
1392 1889 1642 1945 praesertim
1683 1888 1758 1944 qui
1795 1885 1884 1929 illis

301 1950 493 1994 laborant
520 1954 694 2004 morbis,
720 1968 824 2010 quos
851 1955 930 1998 hoc
958 1960 1147 2013 tempore
1174 1962 1293 2001 natos
1321 1958 1454 2015 vulgo
1481 1958 1679 2009 creditur,
1701 1971 1883 2014 quorum

302 2021 372 2064 hic
405 2036 514 2064 unus
548 2027 753 2067 tractatur
783 2029 1052 2082 curaturque.
1087 2027 1197 2080 Quid
1228 2031 1342 2072 enim
1375 2031 1436 2072 rei
1467 2027 1559 2072 est?
1593 2028 1787 2086 Scriptus
1819 2031 1884 2071 est

303 2092 453 2136 Paccio
493 2094 677 2144 cuidam,
722 2095 898 2139 Paccius
940 2112 1039 2141 eum
1071 2100 1153 2142 sibi
1186 2102 1408 2156 expetivit,
1441 2102 1509 2144 vir
1538 2102 1584 2144 in
1615 2101 1719 2144 urbe
1750 2099 1885 2143 Roma

304 2177 386 2205 non
418 2164 621 2207 obscurus
655 2170 696 2208 et
727 2165 865 2210 laudis
897 2167 1150 2226 honorisque
1176 2170 1355 2226 cupidus
1381 2174 1440 2224 (v.
1469 2185 1508 2227 p.
1537 2170 1623 2213 465
1637 2171 1674 2213 A
1683 2185 1695 2223 ;
1725 2169 1882 2221 467D;

304 2232 516 2287 46830),
554 2235 627 2278 sed
658 2238 971 2292 apparitoribus
1003 2241 1142 2282 utitur
1173 2242 1361 2292 morosis,
1393 2240 1649 2294 difficilibus,
1681 2239 1883 2297 queruIiS,

301 2305 624 2348 contumacibus
636 2319 646 2357 ς
691 2307 771 2349 hoc
812 2321 912 2349 eum
953 2311 1042 2351 tam
1086 2309 1320 2353 sollicitum
1362 2312 1622 2368 anxiumque
1662 2310 1799 2355 reddit
1833 2314 1882 2354 ut

301 2374 456 2417 efficaci
501 2376 583 2417 sibi
630 2391 735 2432 opus
781 2392 870 2420 esse
913 2379 1099 2422 remedio
1138 2382 1293 2423 sentiat
1333 2396 1385 2424 ne
1424 2396 1596 2437 prorsus
1636 2383 1775 2437 impar
1806 2381 1881 2424 fiat

299 2447 479 2496 muneri,
518 2460 600 2501 quo
633 2447 841 2504 fungitur,
877 2448 945 2491 vel
976 2451 1105 2492 etiam
1136 2452 1295 2494 incidat
1324 2453 1369 2494 in
1402 2453 1599 2495 morbum
1629 2466 1806 2509 gravem
1838 2456 1881 2495 et

298 2517 540 2559 exitiosum.
587 2518 726 2573 Atque
769 2518 877 2561 illud
920 2534 944 2563 a
986 2520 1215 2565 Plutarcho
1247 2524 1369 2578 petit,
1402 2525 1477 2579 qui
1509 2537 1638 2580 quam
1669 2522 1879 2580 praeclare

297 2588 510 2629 mentium
552 2588 706 2630 medici
729 2588 757 2641 ¹)
799 2590 1048 2646 fungeretur
1089 2607 1263 2635 munere
1306 2608 1523 2649 nunquam
1566 2595 1722 2636 certius
1763 2593 1877 2636 dedit

297 2657 614 2709 documentum,
648 2672 775 2714 quam
808 2674 906 2702 cum
937 2661 1049 2704 hunc
1079 2662 1131 2705 ad
1164 2677 1262 2705 eum
1293 2663 1717 2716 mitteretlibellum,
1744 2674 1877 2720 equo

298 2740 387 2770 sero
414 2733 513 2770 nata
538 2731 764 2784 posteritas
791 2745 957 2787 quoque
985 2736 1120 2775 totam
1144 2733 1266 2776 illam
1293 2735 1429 2777 a'rtem
1446 2736 1643 2790 virosque
1665 2735 1875 2791 egregios,

298 2798 371 2852 qui
402 2812 445 2840 se
477 2800 516 2840 ei
547 2798 652 2841 olim
683 2799 900 2854 dederunt,
933 2805 1073 2858 potest
1105 2817 1369 2860 cognoscere.

347 2949 374 2988 l)
401 2949 472 2990 Ipsa
496 2948 588 2980 verba
614 2947 731 2988 ψυχῆς
755 2948 866 2990 ἰατρός
889 2951 941 2982 h-ic
964 2952 1113 2993 leguntur
1135 2964 1167 2995 p.
1190 2955 1233 2985 46
1246 2955 1304 2986 51).
