2002 3372
1090 184 1179 229 284

342 306 458 350 locus
514 305 787 349 convincendi
833 306 939 348 vim.
995 305 1072 348 Est
1117 307 1232 349 enim
1279 306 1575 350 huiuscemodi
1620 306 1726 360 (522
1753 307 1806 350 A.
1835 307 1926 360 B.):
1984 285 1993 372 1

406 376 571 434 „Cyrus
599 375 835 418 Pantheam
861 374 1004 418 videre
1031 375 1185 428 noluit,
1215 391 1399 433 cumque
1426 376 1726 433 dignissimam
1752 381 1925 434 aspectu
1991 385 1993 400 ·

344 461 436 490 eam
479 448 659 502 Araspes
700 446 897 488 dixisset:
930 459 1024 488 eam
1054 447 1192 502 ipsam
1225 448 1277 490 ob
1311 460 1497 498 causam,
1530 448 1685 503 inquit,
1717 461 1798 505 ego
1830 461 1925 491 eam
1991 447 1994 490 3

344 516 560 559 vitandam
601 529 773 568 censeo;
816 517 852 557 si
895 517 1009 558 enim
1051 530 1163 559 nunc
1207 531 1301 574 ego,
1343 530 1367 560 a
1407 521 1451 559 te
1482 521 1713 574 permotus,
1745 517 1798 561 ad
1829 531 1923 561 eam
1989 534 1996 576 ξ

343 587 596 638 accederem,
639 588 731 641 ipsa
773 589 916 641 postea
959 586 1136 629 fortasse
1178 587 1287 629 mihi
1329 591 1378 629 ut
1418 586 1602 630 redirem
1643 587 1926 644 persuaderet,
1990 599 1997 645 3

343 659 538 713 quamvis
565 671 699 699 essem
725 658 909 713 negotiis
933 656 1177 708 distractus;
1207 661 1301 700 tum
1328 657 1475 700 sedens
1502 657 1615 714 apud
1641 671 1734 701 eam
1749 671 1927 714 eamque

342 727 553 770 admirans
598 728 954 783 gravissimarum
1002 741 1143 770 rerum
1195 730 1364 784 tempus
1406 728 1641 783 perderem.
1688 727 1928 772 Alexander
1995 774 1998 775 ⁷

342 811 508 853 quoque
541 797 659 840 Darii
690 811 880 848 uxorem,
913 799 1035 840 cuius
1068 799 1112 840 in
1145 792 1215 841 ore
1247 799 1441 841 omnium
1473 802 1564 841 erat
1589 799 1740 850 forma,
1765 799 1810 842 in
1836 812 1929 842 con·
1997 848 1999 852 Α

342 871 533 923 spectum
577 881 704 910 suum
746 869 889 910 venire
932 869 1092 919 vetuit3
1127 867 1179 910 ad
1210 871 1393 911 matrem
1426 869 1529 919 eius,
1560 869 1648 911 iam
1681 881 1825 920 anum,
1856 882 1927 912 ve-

340 939 482 981 niebat
524 952 659 994 saepe,
702 938 773 981 sed
806 938 1034 981 formosam
1066 938 1189 980 illam
1221 942 1264 981 et
1295 942 1432 981 aetate
1463 938 1685 981 florentem
1715 938 1927 996 adspicere

341 1008 568 1051 mulierem
597 1023 678 1052 non
711 1008 905 1051 audebat.
937 1010 995 1050 At
1026 1024 1109 1060 nos,
1142 1023 1242 1051 cum
1274 1008 1509 1051 mulierum
1539 1008 1709 1052 lecticas
1740 1009 1927 1066 specula-

341 1093 440 1121 mur
482 1083 537 1121 et‘
565 1093 588 1121 a
619 1080 813 1122 fenestris
846 1093 993 1122 earum
1027 1078 1170 1122 oculos
1202 1083 1365 1122 nostros
1396 1094 1482 1122 non
1513 1093 1740 1136 possumus
1769 1080 1925 1124 abstra-

341 1149 453 1201 here,
497 1149 604 1192 nihil
646 1150 764 1192 nobis
795 1163 964 1219 peccare
997 1150 1205 1201 videmur,
1238 1153 1280 1193 et
1311 1154 1455 1193 tamen
1486 1151 1574 1193 iam
1605 1153 1707 1193 tunc
1737 1149 1926 1194 laborare

341 1222 569 1276 incipimus
599 1219 761 1263 lubrico
779 1219 853 1263 1110
870 1221 1016 1263 morbo
1034 1219 1208 1263 curandi
1227 1234 1275 1263 ea
1290 1233 1397 1276 quae
1413 1219 1523 1262 nihil
1539 1219 1591 1263 ad
1607 1234 1684 1263 nos
1699 1220 1924 1264 attinent.”

401 1292 486 1333 Nos
512 1292 573 1333 ait
598 1292 882 1347 gravissimus
904 1290 976 1333 ille
999 1289 1291 1346 philosophus,
1309 1293 1384 1333 aut
1400 1292 1491 1346 ipse
1506 1291 1593 1333 iam
1611 1291 1924 1348 sexagenarius,

342 1367 416 1406 aut
443 1388 497 1394 -
525 1362 569 1404 id
602 1361 714 1417 quod
746 1375 835 1404 rem
867 1363 1008 1418 magis
1035 1362 1165 1404 etiam
1193 1361 1474 1404 admiratione
1501 1361 1676 1418 dignam
1702 1360 1842 1404 reddit
1868 1385 1924 1394 —-

343 1434 754 1490 quinquagenarius:
798 1446 880 1475 non
924 1433 1091 1475 dubitat
1133 1435 1269 1475 semet
1300 1445 1434 1474 unum
1466 1431 1625 1488 fingere
1656 1445 1678 1474 e
1708 1431 1925 1475 fatuorum

339 1506 522 1546 istorum
549 1517 728 1546 numero
755 1505 828 1558 qui
860 1503 944 1545 huc
980 1502 1086 1545 illuc
1123 1516 1198 1559 per
1235 1502 1386 1545 urbem
1422 1501 1602 1545 volitent
1637 1506 1686 1544 ut
1722 1502 1926 1546 formosas

340 1575 601 1630 investigent
629 1573 1053 1630 contemplanturque
1077 1572 1292 1616 mulieres.
1319 1572 1397 1615 Est
1413 1574 1452 1615 ei
1469 1573 1576 1615 tanti
1594 1571 1827 1616 dummodo
1843 1573 1925 1616 sibi

340 1646 559 1701 contingat
601 1649 650 1686 ut
691 1646 751 1686 sic
794 1643 1127 1687 adolescentulos
1159 1643 1324 1699 aliquos
1356 1643 1536 1686 abducat
1567 1657 1591 1686 a
1622 1642 1924 1687 consuetudine

340 1729 467 1770 quam
495 1714 676 1770 periculi
708 1714 876 1770 plenam
908 1729 997 1757 0000
1029 1716 1121 1757 iure
1154 1715 1234 1757 sibi
1266 1714 1393 1757 habet
1424 1715 1810 1770 persuasissimum.

400 1786 511 1828 Nam
556 1785 667 1840 quod
714 1785 764 1827 de
806 1799 849 1827 re
890 1786 1098 1827 amatoria
1141 1783 1346 1827 nonnulla
1387 1785 1592 1840 praecipit
1632 1797 1738 1840 quae
1778 1787 1925 1827 nostra

339 1858 475 1898 aetate
497 1869 626 1903 ,nemo
660 1855 786 1911 paulo
818 1856 990 1912 gravior
1022 1856 1079 1897 sit
1111 1855 1375 1911 probaturus,
1403 1854 1512 1897 nihil
1544 1868 1593 1897 ea
1617 1868 1697 1904 res,
1729 1854 1804 1897 ubi
1834 1857 1923 1897 tan-

339 1929 433 1968 tum
466 1929 528 1968 est
560 1925 822 1968 saeculorum
853 1924 1145 1977 intervallum,
1177 1926 1304 1968 habet
1337 1925 1448 1981 quod
1479 1925 1803 1968 admirationem
1834 1939 1923 1968 mo-

339 2000 450 2040 veat.
494 1996 563 2039 Sic
606 1996 718 2051 quod
761 1996 811 2038 de
856 2010 1076 2046 „concessa
1119 1996 1297 2039 venere”
1342 1995 1463 2038 docet
1506 2001 1725 2051 tamquam
1757 1997 1921 2052 optimo

339 2066 537 2109 adulterii
576 2066 762 2109 remedio
804 2068 951 2109 statim
994 2067 1115 2109 nobis
1154 2068 1199 2108 in
1231 2069 1418 2109 mentem
1453 2069 1573 2108 vocat
1603 2066 1921 2122 spurcissimam

339 2137 550 2192 quandam
593 2137 763 2180 Horatii
805 2139 978 2180 satiram
1012 2162 1066 2170 —-
1100 2137 1238 2180 multo
1280 2138 1436 2180 castior
1476 2141 1618 2179 tamen
1659 2137 1729 2179 hic
1771 2135 1923 2180 Graeci

338 2209 470 2250 nostri
512 2221 639 2263 quam
683 2207 800 2250 illius
831 2207 1014 2250 Romani
1046 2209 1194 2251 oratio.
1227 2207 1310 2250 Sed
1340 2221 1475 2263 neque
1505 2206 1625 2249 lubet
1654 2220 1791 2263 neque
1820 2205 1922 2249 licet

338 2278 406 2320 hic
439 2277 601 2320 diutius
628 2278 869 2329 subsistere,
897 2278 1018 2320 nobis
1046 2279 1149 2320 satis
1176 2279 1233 2320 sit
1258 2291 1455 2334 quaerere
1483 2278 1669 2333 quomodo
1694 2278 1922 2333 impugnet

337 2349 535 2390 morbum
576 2362 703 2404 quem
742 2362 841 2404 prae
871 2350 1018 2391 ceteris
1052 2349 1249 2390 omnibus
1282 2347 1505 2390 vitandum
1538 2360 1628 2389 esse
1657 2346 1739 2389 sibi
1768 2347 1921 2389 habeat

336 2419 728 2474 persuasissimum:
763 2418 1005 2461 videbimus
1035 2432 1120 2461 una
1150 2418 1226 2460 illa
1257 2432 1301 2460 re
1328 2443 1384 2450 —
1412 2431 1540 2474 quam
1572 2415 1713 2460 tamen
1741 2418 1920 2460 minime

336 2488 475 2531 levem
508 2503 597 2531 esse
627 2488 823 2531 lubenter
854 2488 1032 2531 concedo
1066 2513 1122 2520 —
1155 2492 1329 2544 excepta
1359 2488 1473 2531 idem
1507 2488 1576 2530 hic
1608 2489 1786 2530 sensisse
1817 2487 1917 2529 Plu-

337 2559 533 2601 tarchum
565 2559 674 2614 quod
709 2559 786 2601 hac
818 2562 955 2601 aetate
987 2560 1142 2601 sentiat
1174 2560 1315 2614 quivis
1347 2559 1474 2601 homo
1505 2572 1586 2600 nou
1617 2557 1737 2600 levis.

397 2629 613 2671 Amabilem
654 2644 697 2672 se
730 2634 896 2685 semper
926 2630 1098 2685 praebet
1129 2633 1401 2686 magistrum,
1434 2627 1843 2671 adolescentulorum
1873 2641 1918 2670 se

337 2713 503 2755 quoque
547 2698 738 2752 laborare
782 2701 913 2750 vitiis,
957 2701 1155 2754 quamvis
1197 2713 1263 2741 res
1305 2700 1362 2741 sit
1401 2697 1674 2749 incredibilis,
1715 2696 1917 2740 simulare

336 2784 417 2811 non
450 2773 632 2820 veretur,
666 2773 708 2812 01,
734 2769 864 2812 0111101
891 2771 949 2812 010
977 2784 1045 2812 000
1071 2770 1267 2812 admonet
1294 2773 1342 2811 ut
1368 2770 1538 2824 penitus
1561 2769 1744 2810 sentiant
1770 2781 1917 2810 omnes

335 2839 443 2881 illud
470 2840 518 2881 de
546 2854 627 2895 quo
654 2841 798 2896 agitur
826 2842 981 2883 vitium
1009 2854 1137 2896 quam
1166 2841 1223 2882 sit
1248 2853 1511 2895 perversum,
1540 2852 1669 2894 quam
1686 2837 1914 2880 ridiculum

336 2913 462 2964 atque
504 2910 747 2952 absurdum.
791 2910 994 2964 Eccemplis
1025 2925 1125 2954 vero
1157 2924 1257 2953 eum
1290 2910 1369 2952 hoc
1402 2909 1546 2952 docere
1578 2922 1685 2964 quae
1716 2908 1811 2950 ideo
1842 2921 1916 2951 au-
