2002 3372
868 207 951 251 147

124 352 126 354 ’
167 330 360 389 Denique
403 334 519 374 totus
563 330 673 372 mihi
715 330 783 372 hic
823 329 933 372 liber
973 332 1017 373 in
1050 329 1293 386 philosophi
1324 330 1462 371 nostri
1492 330 1585 372 vita
1618 332 1706 370 tam

35 403 37 406 ’
104 400 321 462 insignem
348 405 491 446 tenere
516 401 658 445 locum
688 403 807 444 visus
835 407 898 444 est
926 407 975 444 ut
1005 403 1050 444 in
1077 401 1187 444 libro
1213 399 1443 445 vernacule
1471 401 1628 456 scripto
1657 399 1707 442 de

105 470 328 530 Plutarchi
355 475 447 518 vita
463 474 718 530 scriptisque
734 475 953 530 integram
971 475 1063 516 eius
1080 473 1224 516 darem
1241 473 1639 528 interpretationem
1662 470 1706 524 ¹).

106 546 245 600 Quam
289 543 450 590 Graece
481 546 765 589 nescientium
799 558 926 587 causa
960 546 1164 601 scriptam
1198 546 1328 587 etiam
1362 543 1475 586 docti
1507 545 1709 599 poterunt

105 616 324 662 consulere
355 616 583 675 philologi,
617 618 692 672 qui
719 615 892 673 Belgice
920 618 1078 673 scripta
1104 615 1269 672 legunt.
1304 614 1551 659 Ceterorum
1581 627 1708 656 causa

32 679 34 690 ³
84 689 158 743 >de
188 688 374 747 singulis
406 689 510 732 locis
543 688 645 731 haec
679 688 869 731 observo.

171 759 310 804 316D
346 747 440 803 Ἴων
482 761 558 810 μὲν
601 756 666 802 οὖν
711 759 728 802 ὅ
763 762 930 808 ποιητὴς
967 759 1006 800 ἐν
1041 765 1123 804 τοῖς
1157 759 1260 811 δίχα
1293 759 1442 809 μέτρου
1475 757 1543 799 καὶ
1579 772 1708 799 κατοι-

109 831 291 884 λογάδην
325 833 438 882 αὐτῷ
468 830 779 883 γεγραμμένοις
813 831 940 884 φησὶν
967 831 1260 881 ἀνομοιότατον
1288 832 1470 883 πρᾶγμα
1499 835 1549 882 τῇ
1579 829 1709 883 σοφίᾳ

110 904 183 952 τὴν
214 903 349 956 τύχην
381 899 505 945 οὖσαν
537 901 786 951 ὁμοιοτάτων
822 902 1087 954 πραγμάτων
1118 903 1338 953 γίγνεσθαι
1371 901 1626 952 δημιουργόν.

170 975 307 1018 Acute
340 973 600 1017 Abreschius
630 975 714 1017 ista
747 976 928 1024 πρᾶγμα
963 978 1007 1016 et
1038 974 1304 1025 πραγμάτων
1333 972 1507 1015 delevit.
1540 971 1623 1015 Sed
1649 972 1709 1013 in-

33 1038 35 1042 ⁴
107 1045 265 1090 sulsius
307 1047 439 1089 etiam
481 1049 614 1088 restat
655 1045 881 1088 emblema.
926 1045 1030 1098 Quis
1074 1047 1188 1088 enim
1226 1058 1415 1101 unquam
1449 1045 1509 1086 sic
1539 1042 1710 1086 locutus

32 1142 35 1145 Δ
108 1122 196 1162 est:
229 1118 334 1171 δίχα
365 1117 514 1170 μέτρου
547 1118 616 1159 καὶ
652 1115 983 1168 καταλογάδηνῗ
1025 1117 1175 1160 Solum
1208 1116 1416 1159 ultimum
1448 1115 1711 1159 vocabulum

110 1187 307 1234 maneat!

175 1335 309 1382 3170
350 1337 451 1380 Νυνὶ
497 1336 541 1378 δέ
584 1353 650 1387 μοι
695 1335 793 1378 δοκῶ
838 1339 907 1378 τοῦ
942 1335 1240 1386 προβλήματος
1274 1333 1406 1386 ὥσπερ
1439 1334 1522 1376 ,ἐπὸ
1556 1339 1711 1382 σκοπῆς

111 1406 288 1462 καθορᾶν
324 1440 364 1452 ..
385 1440 394 1452 .
415 1441 424 1452 .
457 1408 532 1457 τήν
566 1425 611 1449 τε
645 1409 795 1460 Τύχην
829 1407 896 1449 καὶ
930 1410 1003 1455 τὴν
1036 1409 1204 1457 Ἀρετὴν
1237 1406 1504 1459 βαδιζούσας.

156 1479 363 1538 Egregie
407 1481 476 1523 hic
523 1479 997 1527 Du'ebnerus·on07r123.›;
1039 1480 1245 1522 restituit.
1294 1479 1377 1521 Pro
1420 1481 1490 1519 τοῦ
1533 1477 1713 1529 προβλή-

113 1568 250 1602 ματος
292 1552 342 1596 Β.
385 1553 584 1610 proponit
617 1552 691 1602 πρὸ
727 1554 796 1593 τοῦ
828 1551 1025 1601 βήματος
1059 1550 1139 1601 vel,
1173 1550 1217 1593 id
1250 1550 1363 1606 quod
1394 1550 1592 1606 equidem
1627 1564 1710 1592 non

110 1622 311 1682 intelligo
341 1623 446 1682 quid
477 1625 548 1676 sit,
580 1623 656 1674 πρό
689 1639 759 1665 του
790 1622 1000 1673 βήματος,
1034 1627 1162 1679 atque
1193 1621 1306 1664 illud
1331 1623 1588 1678 coniungere
1616 1619 1713 1663 vult

110 1709 214 1740 cum
241 1698 435 1754 sequenti
462 1695 731 1749 βαδιζούσας.
762 1693 937 1737 oraculi
962 1695 1098 1737 instar
1114 1695 1197 1736 ista
1212 1693 1352 1737 lectio.
1382 1693 1496 1735 Mihi
1514 1692 1712 1748 displicet

112 1767 202 1821 πρό,
235 1767 348 1825 quod
379 1769 423 1810 in
456 1767 541 1810 ἀπό
573 1771 793 1809 mutatum
825 1768 870 1809 in
901 1770 1073 1809 textum
1103 1766 1271 1808 hiatum
1307 1765 1565 1808 introducat.
1611 1763 1712 1806 Plu-

58 1847 61 1851 '
111 1838 308 1882 tal-chum
341 1837 532 1896 eleganti
563 1839 643 1881 hac
670 1842 886 1881 structura
914 1852 1042 1881 usum
1070 1839 1243 1894 opinor:
1272 1834 1404 1888 ὥσπερ
1432 1837 1515 1879 ἀπὸ
1543 1841 1711 1884 σκοπιῆς

113 1913 184 1954 τοῦ
211 1911 420 1963 βήματος,
449 1924 532 1967 qua
559 1914 610 1953 ut
635 1924 804 1966 semper
834 1911 895 1952 ita
922 1909 995 1953 vel
1022 1910 1211 1952 maxime
1237 1909 1338 1951 dum
1370 1910 1483 1951 hunc
1512 1909 1714 1951 scriberet

109 1981 272 2026 librum
304 1981 564 2026 delectatum
598 1996 699 2025 eum
731 1996 820 2025 esse
854 1981 1008 2024 efficias
1042 1996 1093 2025 ex
1126 1982 1194 2024 his
1226 1980 1355 2024 locis:
1388 1979 1560 2032 (3210)
1589 1981 1713 2022 καθά-

111 2069 188 2107 περ
230 2055 270 2097 ἐν
309 2055 479 2098 κλύδωνι
513 2055 655 2108 θολερῷ
690 2060 740 2107 τῇ
773 2059 849 2096 τῶν
884 2055 1102 2105 προσοίκων
1136 2054 1264 2108 ἔχθρα
1297 2056 1341 2095 et
1372 2051 1479 2107 (323
1492 2052 1546 2106 E)
1580 2049 1712 2103 ὥσπερ

111 2127 168 2175 εἷς
202 2125 326 2170 τόπον
358 2125 543 2179 α’μαυρὸν
575 2128 643 2170 τὸν
676 2126 856 2168 παλαιὸν
887 2126 1043 2179 χρόνον.

173 2263 307 2308 3181?
355 2264 424 2307 καὶ
467 2263 590 2317 τάχα
633 2280 710 2306 που
751 2271 801 2317 τῇ
849 2263 960 2317 τύχῃ
1003 2264 1076 2312 τὴν
1119 2263 1304 2315 α’νδρείαν
1342 2260 1654 2313 παρωνόμασεν,
1690 2258 1715 2314 ᾗ

113 2341 307 2379 πλεῖστον
339 2337 396 2384 εἷς
426 2328 475 2378 τὸ
508 2338 622 2378 νικοῖν
655 2334 790 2389 τύχης
823 2336 1010 2384 μέτεστι.

175 2407 233 2451 Η.
277 2407 582 2459 παρωνόμασαν
624 2406 733 2464 legit
775 2411 825 2449 ut
863 2407 965 2450 haec
997 2406 1195 2450 evaderet
1229 2406 1461 2448 sententia:
1495 2405 1713 2457 (Romani)

47 2481 49 2486 '
116 2480 157 2522 ei
198 2478 405 2522 dedorunt
447 2493 604 2522 nomen
637 2477 894 2534 fortitudini
937 2477 1077 2520 simile
1121 2481 1134 2526 (
1137 2478 1318 2533 fortuna
1361 2491 1385 2519 a
1416 2476 1586 2532 fortis).
1630 2475 1712 2518 Sed

116 2550 275 2595 refellit
316 2565 418 2594 eum
460 2550 572 2608 quod
606 2549 744 2592 3221)
778 2549 964 2606 legitur:
1000 2550 1045 2591 τὸ
1078 2555 1150 2597 τῆς
1184 2549 1391 2600 Ἀνδρείας
1428 2550 1577 2600 Τύχης
1612 2548 1711 2599 ἱερὸν

117 2622 196 2666 ὑπὸ
229 2623 416 2675 Μαρκίου
442 2621 607 2672 ’Ἄγκου
636 2654 645 2664 .
667 2654 676 2664 .
696 2653 706 2664 .
727 2653 736 2664 .
765 2621 914 2671 ἱδρυθὲν
940 2621 1009 2662 καὶ
1039 2621 1271 2670 ὀνομασθέν.
1307 2619 1544 2675 Utrobique
1572 2620 1713 2661 Ancus

115 2693 302 2738 Martius
331 2693 533 2738 dicendus
565 2697 630 2736 est
659 2693 862 2736 Fortunae
906 2692 1031 2734 Virili
1065 2691 1279 2748 templum
1311 2692 1532 2734 struxisse.
1575 2690 1633 2733 Et
1664 2695 1714 2733 ut

73 2823 79 2830 ¹
105 2765 245 2824 sorbis
289 2770 347 2810 et‘
369 2766 596 2823 fortitudo,
644 2766 706 2807 ita
746 2764 882 2806 virilis
923 2768 960 2806 et
1001 2763 1130 2805 virtus
1170 2765 1282 2806 inter
1323 2777 1368 2805 se
1400 2767 1500 2805 sunt
1533 2766 1713 2818 cognata

114 2836 323 2882 vocabula
369 2836 668 2894 (intelligenda
714 2840 860 2879 autem
910 2835 1106 2888 ἀνδρεία).
1155 2833 1238 2877 Sed
1281 2835 1540 2891 pertinacius
1582 2834 1713 2876 etiam

161 2992 198 3036 l)
223 2993 270 3025 De
292 2992 464 3025 Avondzon
488 2991 542 3023 des
566 2990 792 3029 Hefflendoms,
818 2990 856 3022 2⁶
881 2988 963 3021 druk
988 2988 1004 3020 Ι
1029 2999 1059 3031 p.
1083 2989 1270 3021 341-356.
