2002 3372
1128 240 1184 283 82

364 369 520 415 menta,
565 377 664 420 ergo
708 363 837 405 etiam
879 375 998 403 mens
1039 364 1198 404 exstat:
1243 364 1310 404 An
1355 360 1565 413 „ironice”
1608 360 1771 403 dictum
1803 360 1943 404 totum

361 435 470 477 illud
512 433 636 475 καλὸν
677 432 734 483 ἦν,
779 434 828 476 ὡς
873 430 1007 482 ἔοικεν,
1049 431 1316 482 εὐλαβεῖσθαι
1348 433 1420 480 τὴν
1452 431 1634 479 αἴσθησιν
1664 433 1865 487 putemus
1895 433 1946 472 ut

363 506 441 547 hoc
483 504 594 546 dicat
636 502 914 545 Plutarchus:
967 501 1217 557 „praecia-2,
1260 502 1413 554 hercle,
1455 502 1563 544 foret
1606 502 1824 558 sapientia,
1865 499 1943 543 tali

362 578 615 631 argumento
647 577 828 622 motum,
861 571 996 614 dicere
1028 586 1111 615 non
1141 572 1294 615 audere
1325 572 1437 615 ullos
1463 586 1552 615 esse
1580 569 1783 615 sensus'’?
1814 570 1944 613 Inter·
2000 624 2002 626 ,

363 647 494 701 pretis
535 644 754 686 Didotiani
795 656 843 684 ea
879 642 1010 684 fuisse
1042 644 1249 686 sententia
1284 643 1463 701 videtur.
1496 643 1577 686 Sed
1609 643 1780 686 omnino
1808 655 1944 698 neque

361 716 431 758 hic
462 729 596 770 neque
629 727 809 769 usquam
844 716 935 755 toto
964 712 1108 755 libello
1140 714 1372 770 quidquam
1404 715 1543 757 acerbi
1574 714 1703 756 habet
1729 713 1945 769 scriptoris

362 800 445 828 vox
478 789 533 835 et,
566 786 611 826 ni
641 783 775 834 fallor,
807 797 883 839 pro
916 784 964 829 ὡς
994 783 1115 825 ἔοικεν
1141 787 1428 840 requireretur
1454 782 1567 834 οἶμαι
1594 783 1865 840 praecedente
1889 798 1942 834 γε

361 855 444 906 vel,
477 854 587 911 quod
618 856 662 896 in
694 853 856 896 deliciis
886 858 950 896 est
980 853 1210 897 Plutarcho
1245 855 1345 904 ἦπου
1377 859 1491 908 (ante
1518 856 1644 897 καλόν
1670 853 1941 911 ponendum).

361 925 552 980 Denique
592 928 738 966 metuo
777 927 827 965 ut
857 923 947 966 ullo
979 925 1106 967 modo
1140 925 1408 975 εὐλαβεῖσθαι
1441 925 1678 982 significare
1709 923 1939 982 quidquam

359 997 490 1051 possit
522 994 640 1037 aliud
672 1008 801 1050 quam
834 1009 971 1036 cavere
1001 996 1178 1051 aliquam
1210 1011 1302 1047 rem,
1331 999 1373 1039 et
1401 996 1593 1052 apodosis
1619 994 1696 1038 illa
1724 995 1940 1047 „ironica”

360 1066 597 1123 postularet
627 1066 801 1108 reiicere.

421 1137 477 1179 98
495 1137 528 1178 F
559 1137 607 1178 In
636 1137 833 1179 omnibus
860 1137 985 1179 rebus
1012 1151 1119 1194 quae
1144 1138 1306 1180 viribus
1325 1137 1392 1180 vel
1411 1137 1636 1181 velocitate
1652 1138 1836 1196 corporis
1853 1150 1943 1194 per-

359 1210 547 1264 aguntur
570 1207 794 1250 brutorum
813 1221 899 1249 sors
917 1207 1069 1250 melior
1086 1222 1213 1263 quam
1231 1212 1374 1250 nostra
1389 1212 1470 1259 est;
1490 1209 1680 1262 ἐμπειρίᾳ
1697 1207 1740 1250 δὲ
1759 1208 1825 1250 καὶ
1845 1209 1942 1259 μνή-

360 1294 417 1330 μῃ
442 1278 508 1319 καὶ
529 1278 656 1331 σοφία
676 1278 743 1318 καὶ
763 1277 890 1329 τέχνῃ
908 1281 999 1319 κατ’
1017 1278 1304 1329 Ἀναξαγόραν
1323 1283 1435 1329 σφῶν
1455 1281 1492 1319 τ’
1511 1278 1642 1320 αὐτῶν
1659 1280 1853 1331 χρώμεθα
1871 1281 1938 1322 καὶ

359 1349 587 1399 βλίττομεν
616 1348 683 1389 καὶ
713 1349 957 1398 ἀμέλγομεν
985 1349 1052 1390 καὶ
1082 1350 1257 1400 φέρομεν
1286 1350 1354 1390 καὶ
1382 1349 1540 1399 ἄγομεν
1557 1349 1940 1399 συλλαμβάνοντες.

420 1419 522 1471 Quis
566 1419 758 1461 dubitare
799 1422 939 1474 potest
970 1421 1073 1474 quin
1106 1420 1318 1475 Sauppius
1349 1434 1424 1475 pro
1457 1424 1571 1471 σφῶν
1603 1433 1806 1477 reponens
1837 1420 1939 1474 ἔργῳ

361 1491 503 1545 ipsum
547 1488 656 1530 illud
702 1489 864 1531 dederit
906 1489 1018 1544 quod
1050 1489 1308 1532 Plutarchus
1340 1488 1552 1533 voluerit?
1582 1490 1691 1548 Legi
1720 1505 1939 1548 nunquam

357 1564 554 1615 poterunt
591 1558 780 1609 Moralia‚
813 1561 848 1601 si
880 1559 1019 1602 nullas
1050 1561 1131 1602 nisi
1164 1559 1278 1602 lenes
1308 1562 1351 1602 in
1385 1565 1553 1603 textum
1585 1563 1769 1617 recipere
1799 1575 1939 1605 emen·

356 1630 544 1672 dationes
577 1630 841 1672 audebimus.

417 1700 525 1742 99ss
575 1701 805 1756 Postquam
849 1702 1131 1743 narrationem
1173 1701 1320 1744 retulit
1364 1702 1413 1744 de
1446 1703 1606 1758 pictore
1637 1705 1710 1759 qui
1740 1718 1938 1760 spumam

354 1772 452 1826 equi
485 1785 606 1826 saepe
638 1771 794 1813 frustra
820 1772 995 1827 pingere
1022 1775 1197 1814 conatus
1225 1772 1396 1814 tandem
1424 1775 1646 1829 spongiam
1673 1776 1717 1816 in
1745 1775 1938 1818 tabulam

352 1844 486 1884 iratus
527 1843 730 1893 iniecerit,
774 1855 879 1896 quae
923 1842 1030 1884 forte
1071 1844 1211 1898 ipsum
1257 1842 1366 1885 illud
1404 1843 1586 1887 effecerit
1617 1845 1727 1900 quod
1760 1859 1826 1888 ars
1855 1861 1938 1890 non

354 1913 554 1968 potuerit,
589 1913 648 1954 sic
682 1914 845 1968 pergit:

415 1984 524 2024 τοῦτ’
559 1982 744 2034 ἔντεχνον
779 1982 914 2034 τύχης
946 1982 1064 2032 μόνον
1099 1984 1332 2035 ἱστορεῖται.
1367 1984 1505 2026 κανόσι
1541 1986 1607 2026 κα)
1641 1987 1838 2036 σταθμοῖς
1868 1988 1937 2030 καὶ

356 2053 514 2103 μέτροις
548 2053 615 2094 καὶ
649 2053 829 2104 ἀριθμοῖς
864 2057 1084 2105 πανταχοῦ
1118 2059 1312 2107 χρῶνται.

415 2123 507 2165 Non
550 2123 772 2165 cohaerent
813 2123 937 2175 haec;
981 2124 1052 2166 sed
1094 2129 1190 2167 ante
1224 2126 1362 2168 κανόσι
1395 2127 1666 2170 inserendum
1698 2133 1762 2172 est
1792 2126 1934 2171 τᾶλλα

355 2193 396 2234 δέ
438 2193 506 2235 vel
550 2193 760 2235 eiusmodi
803 2193 964 2250 aliquid
997 2199 1046 2237 ut
1078 2196 1343 2238 obtineamus
1373 2197 1416 2238 id
1449 2197 1560 2253 quod
1593 2201 1811 2242 contextui
1841 2214 1938 2242 con-

353 2264 573 2305 venienter
615 2263 686 2305 dat
725 2265 954 2319 interpres:
1001 2270 1196 2314 „ceterum
1238 2267 1418 2309 artifices
1459 2268 1635 2324 regulis,
1669 2269 1936 2325 ponderibus,

354 2335 566 2375 mensuris
597 2347 643 2375 ac
675 2335 864 2375 numeris
898 2335 1054 2390 ubique
1088 2335 1311 2379 utuntur''.

417 2403 472 2445 99
491 2402 523 2446 G
571 2404 694 2446 Artes
735 2408 834 2446 sunt
866 2405 1076 2448 humanae
1108 2409 1264 2449 mentis
1295 2407 1536 2464 fragmenta
1568 2423 1698 2465 parva
1730 2411 1935 2466 quaedam

353 2475 468 2516 vitae
501 2475 648 2516 usibus
681 2476 881 2530 inspersa,
910 2473 1039 2527 ὥσπερ
1069 2477 1297 2519 αἰνίττεται
1326 2479 1370 2521 τὸ
1399 2483 1476 2531 πῦρ
1505 2479 1580 2522 ὑπὸ
1607 2484 1675 2522 τοῦ
1702 2481 1935 2533 Προμηθέως

354 2546 534 2596 μερισθὲν
569 2545 674 2586 ἄλλο
707 2544 816 2596 ἄλλῃ
848 2547 1135 2597 διασπαρῆναι.

412 2615 554 2657 Semel
587 2616 885 2658 tantummodo
918 2621 1132 2672 praeterea
1159 2619 1271 2673 apud
1297 2618 1578 2662 Plutarchum
1605 2622 1783 2664 verbum
1810 2621 1937 2664 αἰνίτ·

353 2686 491 2725 τεσθαι
512 2686 676 2739 passive
702 2688 887 2741 ponitur,
916 2687 989 2728 sed
1013 2689 1058 2729 in
1077 2690 1263 2743 perfecto
1292 2693 1493 2745 tempore,
1522 2695 1570 2732 ut
1597 2691 1762 2733 insoliti
1787 2692 1938 2734 habeat

353 2755 472 2797 nihil.
507 2754 594 2798 Cic.
627 2756 681 2797 14
711 2771 742 2798 s.
771 2757 798 2798 f.
833 2758 983 2798 τούτων
1012 2789 1021 2800 .
1043 2790 1082 2800 ..
1111 2759 1333 2812 ᾐνιγμένων
1366 2761 1433 2801 ὑπ’
1463 2762 1601 2803 αὑτοῦ.
1636 2761 1718 2804 Hic
1749 2776 1858 2814 vero,
1886 2766 1936 2804 ut

353 2827 506 2866 existat
532 2825 641 2867 illud
670 2827 779 2882 quod
807 2833 918 2869 recte
943 2829 1152 2884 interpres
1181 2831 1375 2885 praebet:
1407 2831 1544 2886 „quod
1561 2833 1675 2887 ignis
1690 2832 1936 2875 Promethei

353 2897 549 2951 aenigma
575 2897 717 2938 innuit
742 2898 839 2939 hinc
864 2898 960 2940 inde
987 2899 1229 2954 dispersus'’
1258 2900 1392 2942 deleto
1420 2901 1600 2953 μερισθέν
1626 2901 1854 2959 legendum
1869 2906 1935 2944 est

356 2964 591 3016 διασπαρέν.
