2002 3372
878 340 966 384 369

120 454 346 523 propriam
379 463 573 522 denique,
617 468 839 520 tamquam
883 467 1026 506 centro
1062 467 1106 507 et
1137 463 1340 507 distantia
1372 463 1720 506 circumscribens

119 542 266 580 rerum
313 537 647 580 necessariarum
688 535 863 578 usum.’'
913 535 1051 588 Quam
1094 536 1240 592 inepte
1281 539 1324 578 et
1367 549 1465 578 vere
1496 534 1722 591 pueriliter

119 607 536 652 hiu·¹mamentum
574 605 683 650 illud
725 604 973 649 adhibetur!
1018 607 1084 649 An
1128 606 1363 664 quidquam
1398 606 1719 658 „abstractum”

117 672 448 732 istudl⁴³33centro
489 682 534 723 et
577 677 809 722 distantia'’
852 679 1028 735 praebet
1070 678 1182 735 quod
1224 692 1309 722 non
1340 693 1404 721 res
1437 678 1526 733 ipsa
1559 679 1604 721 in
1637 691 1720 735 qua

117 747 450 795 ciim⁴ss³maximc
490 762 716 794 versamur
755 749 896 793 multo
938 751 1078 807 magis
1124 751 1346 807 perspicue
1378 749 1562 794 declaret
1593 754 1720 806 atque

118 825 247 880 ponat
291 827 390 867 ante
434 821 607 866 oculos?
653 822 801 866 Nonne
843 821 979 864 insula
1021 822 1125 864 mari
1167 823 1298 864 cincta
1342 825 1467 865 sortis
1509 823 1720 865 humanae

118 894 247 938 certis
273 884 623 951 circumscriptae
653 893 810 937 finibus
841 893 1123 936 disertissima
1155 898 1218 937 est
1250 892 1426 952 imago?

122 965 322 1023 “imaque
351 965 488 1009 nihilo
519 967 661 1023 magis
691 967 834 1022 ipsum
867 979 1050 1023 agnosco
1080 964 1363 1008 Plutarchum
1389 967 1434 1008 in
1461 964 1603 1022 longis
1628 964 1718 1007 illis

117 1037 345 1081 homiuum
397 1035 677 1094 locorumque
724 1038 1139 1087 enumerationibus,
1197 1037 1353 1093 quibus
1399 1036 1719 1079 demonstratur

120 1107 707 1167 semper'praestautissimos
737 1110 856 1153 viros
889 1113 1040 1166 sponte
1066 1109 1251 1165 patriam
1277 1107 1503 1164 reliquisse
1527 1111 1570 1151 et
1597 1111 1718 1151 extra

117 1182 312 1239 postiam*
332 1180 447 1224 diem
481 1180 636 1224 obiisse
667 1193 933 1237 supremum.
975 1179 1089 1237 Lege
1131 1179 1240 1222 mibi
1278 1182 1419 1222 totum
1456 1183 1585 1236 caput
1615 1178 1716 1222 XIV

117 1255 170 1296 ee
181 1251 385 1296 ‘taedium
416 1251 573 1296 devora
604 1253 641 1295 si
671 1257 807 1308 potes.

149 1322 318 1368 *main
320 1323 446 1367 nini}
483 1327 577 1367 toto
607 1322 717 1366 libro
747 1324 970 1366 invenitur
1002 1322 1117 1379 quod
1149 1326 1313 1366 certum
1346 1321 1534 1379 aliquem
1568 1336 1715 1365 casum

118 1383 388 1454 certumque
400 1395 631 1439 hominem
674 1396 745 1438 cui
787 1395 972 1451 scriptus
1014 1396 1071 1437 sit
1110 1395 1233 1437 nobis
1265 1398 1490 1451 proponat.
1522 1394 1716 1436 Inanima

120 1463 231 1511 dunt
223 1456 406 1511 {villuia
446 1467 683 1525 exsanguia
723 1465 896 1524 frigida.
929 1465 1060 1509 Velut
1091 1480 1127 1509 c.
1160 1465 1220 1509 IV
1251 1470 1293 1508 et
1325 1467 1451 1508 initio
1483 1466 1622 1522 quinti
1655 1466 1716 1507 sic

119 1540 312 1598 uussstur
339 1529 509 1582 noster:
534 1560 535 1565 =

124 1612 151 1634 ·'·
179 1608 573 1669 &quemadmodum
611 1610 656 1652 in
692 1609 909 1653 comoedia
942 1609 1126 1666 quadam
1157 1610 1322 1652 amicus
1353 1610 1505 1661 amico,
1539 1607 1715 1651 adversa

119 1673 293 1743 fortuita
334 1684 598 1738 uem-'quem
640 1685 691 1724 ut
724 1685 868 1724 sumat
899 1682 1062 1723 animos
1094 1685 1239 1724 monet
1272 1684 1314 1723 et
1346 1681 1515 1723 fortiter
1545 1681 1716 1723 resistat

117 1747 361 1810 §offisque
383 1752 585 1796 modo‘id
617 1752 746 1796 faciat
776 1754 961 1810 roganti,
998 1751 1348 1809 „philosophice”
1381 1751 1622 1808 respondet,
1655 1753 1714 1793 sic

116 1831 206 1867 m
225 1828 394 1918 Q
403 1824 602 1921 fortunae
633 1824 881 1868 obnitamur
909 1825 972 1867 ita
1003 1823 1166 1881 agendo
1199 1828 1250 1866 ut
1281 1823 1556 1880 philosophos
1589 1837 1714 1879 agere

115 1899 327 1991 oportet.¹¹

199 1970 235 1991 >¹
302 1902 570 2025 Aquilone
599 1966 742 2018 flante,
774 1966 965 2009 undante
996 1966 1098 2023 quid
1130 1967 1312 2009 facimus
1344 1965 1472 2009 Iove?

310 2030 469 2083 Cum
501 2041 623 2083 veste
652 2042 816 2082 tectum
848 2040 1051 2095 petimus,
1082 2039 1230 2095 ignem
1262 2037 1478 2090 balneum,

356 2109 452 2154 Non
482 2109 726 2153 decidemus
759 2113 1063 2167 conquerentes
1096 2109 1209 2165 quod
1240 2109 1361 2166 pluat
1383 2110 1428 2162 ¹).

114 2179 213 2224 'ribi
252 2184 419 2240 quoque
449 2191 564 2224 nunc
595 2183 738 2239 magis
769 2194 897 2240 quam
933 2180 1014 2223 ulli
1047 2180 1122 2223 alii
1154 2180 1274 2224 adest
1304 2179 1486 2224 facultas
1519 2180 1563 2223 id
1597 2179 1710 2237 quod

114 2240 166 2295 iu·
192 2253 277 2296 tua
309 2252 408 2296 *vita
445 2252 615 2296 refrixit
658 2252 893 2296 suscitandi
934 2255 978 2295 et
1023 2251 1310 2304 calefaciendi,
1353 2266 1489 2309 neque
1532 2253 1584 2295 ad
1617 2266 1711 2295 eam

29 2346 32 2351 >
115 2327 221 2367 rem*
238 2322 447 2366 subsidiis
486 2324 750 2368 extrinsecus
791 2323 936 2366 allatis
973 2324 1055 2366 tibi
1086 2337 1193 2380 opus
1225 2327 1302 2373 est,
1336 2323 1568 2367 dummodo
1599 2327 1711 2366 recte

30 2427 31 2431 η
115 2395 253 2439 utaris
278 2395 333 2438 iis
363 2404 472 2452 quae
501 2395 632 2438 habes
662 2396 767 2452 ipse.
806 2394 918 2438 Nam
951 2394 1214 2438 medicorum
1248 2394 1542 2438 cucurbitulae
1583 2396 1626 2437 in
1668 2409 1711 2437 se

33 2492 35 2496 ι
113 2467 326 2523 recipiunt
367 2465 576 2523 quidquid
607 2467 652 2509 in
684 2481 856 2523 corpore
889 2468 1012 2523 pravi
1043 2471 1105 2510 est
1143 2471 1184 2510 et
1216 2468 1275 2510 sic
1308 2466 1525 2524 reliquum
1559 2480 1711 2523 corpus

113 2537 554 2594 levant'sanantque,
601 2537 672 2581 sed
720 2537 1025 2582 lamentatores
1071 2538 1346 2596 querulique,
1395 2539 1498 2581 dum
1545 2552 1711 2595 semper

34 2629 37 2636 ⁴
114 2607 368 2652 sortis'suae
390 2610 578 2666 pessima
598 2622 790 2666 quaeque
812 2609 1028 2667 colligunt
1047 2613 1332 2668 reputantque
1354 2613 1395 2653 et
1413 2610 1712 2666 amplexantur

114 2681 374 2732 tristissima,
413 2681 551 2724 etiam
593 2680 706 2737 quod
748 2680 856 2724 utile
889 2684 954 2724 est
987 2682 1068 2725 sibi
1099 2682 1256 2725 inutile
1289 2682 1471 2725 reddunt-
1502 2681 1629 2738 idque
1661 2695 1710 2724 eo

114 2755 314 2809 tempore
351 2765 435 2809 quo
480 2753 669 2795 maxime
710 2752 907 2809 prodesse
950 2757 1130 2810 poterat.
1175 2753 1269 2796 Duo
1310 2755 1425 2796 enim
1468 2752 1582 2795 dolia
1612 2754 1708 2804 ista,

38 2866 42 2870 ,
113 2822 254 2875 amice,
279 2828 398 2880 ’quae
438 2823 484 2865 iu
525 2822 641 2866 coelo
673 2826 786 2866 stare
816 2823 1032 2867 Homerus
1065 2824 1181 2876 dicit,
1215 2823 1399 2867 alterum
1431 2822 1608 2880 plenum
1641 2824 1710 2866 bo-

113 2892 529 2946 norum‚·malorum
559 2893 759 2946 alterum,
791 2909 875 2938 nou
908 2894 1073 2952 Iupiter
1103 2895 1292 2938 custodit
1322 2908 1492 2952 semper
1515 2894 1710 2938 adsidens

161 3066 197 3110 1)
222 3044 308 3100 'Cum
333 3066 497 3099 Meinekio
520 3067 632 3099 F.C.G.
658 3066 704 3098 IV
729 3078 758 3110 p.
785 3066 850 3101 672
874 3066 930 3099 illa
953 3078 1078 3110 quoque
1103 3068 1164 3108 πῦρ
1179 3066 1393 3108 -κλαίομεν
1418 3078 1434 3099 e
1458 3067 1618 3100 comoedia
1642 3079 1707 3100 esse

43 3136 45 3141 ·
113 3122 218 3161 eredo,
239 3121 294 3154 ned
317 3122 475 3164 quomodo
499 3122 644 3154 turbatos
668 3131 776 3154 versus
800 3121 832 3154 in
856 3121 1016 3164 integrum
1042 3116 1208 3155 restituam
1231 3133 1294 3155 non
1318 3123 1419 3155 video.

1467 3189 1509 3220 24
