2002 3372
1104 146 1160 189 56

345 272 591 327 praesertim
618 271 661 312 in
688 271 850 324 septem
877 267 1084 323 capitibus
1111 267 1275 322 primis.
1304 265 1484 322 Operam
1511 265 1635 306 6111111
1651 263 1724 306 dat
1739 262 1917 319 scriptor

346 346 394 383 ut
435 354 562 396 quam
603 341 788 382 maxime
831 338 981 380 idonea
1011 336 1169 379 refutet
1202 336 1485 392 disputatione
1517 332 1790 390 philosophos
1817 331 1916 385 11106

346 425 462 466 quos,
507 411 701 465 quamvis
744 407 882 449 multa
924 421 1022 449 cum
1053 408 1107 448 iis
1138 406 1290 449 habeat
1322 406 1576 456 communia,
1609 417 1789 460 prorsus
1809 402 1916 447 ferre

345 495 426 523 non
457 482 602 535 possit,
637 479 813 521 Stoicos.
847 477 1029 519 Accusat
1061 490 1130 519 sos
1162 476 1272 532 quod
1305 479 1439 519 totam
1473 474 1783 531 philosophiam
1818 483 1919 517 πολ-

345 555 422 592 λῶν
461 552 688 590 ἀτοπιῶν
720 548 1025 596 ἐμπεπλήκασὶ.
1047 600 1049 602 q
1070 547 1139 590 Sic
1170 549 1283 590 enim
1314 546 1544 602 legendum
1578 549 1626 588 ut
1656 549 1699 588 et
1732 542 1917 596 108913,

346 621 419 662 ubi
454 619 650 674 Epicurei
685 617 943 660 inducuntur
979 631 1152 660 suarum
1188 618 1272 673 ipsi
1308 617 1533 666 αἰσθόμενοι
1572 617 1760 661 ἀτοπιῶν.
1806 613 1918 658 Nam

346 690 453 746 quod
496 689 702 731 traditum
745 692 808 731 est
851 690 1034 739 ἀποριῶν,
1078 702 1146 730 eas
1187 702 1321 744 neque
1354 686 1612 729 Plutarchus
1641 696 1785 742 11611116
1799 686 1921 742 quis-

347 774 474 816 quam
514 761 784 814 antiquorum
826 758 1174 815 philosophorum
1216 759 1372 801 metuit
1412 770 1614 813 unquam.
1657 755 1807 801 Immo
1836 769 1919 815 quo

346 830 487 887 plures
519 830 681 882 οὶπορίοιι
715 843 762 872 60
794 829 935 885 plures
971 830 1122 881 λύσεις,
1157 843 1289 885 eoque
1318 830 1456 870 maior
1484 826 1689 870 16116.·
1764 870 1769 874 ,,
1925 838 1930 844 ·

405 902 545 955 Atque
586 914 731 942 omnes
769 899 868 942 illae
909 899 1149 942 Stoicorum
1190 899 1363 953 ineptiae
1403 898 1507 940 inde
1543 900 1779 943 nascuntur,
1811 896 1924 954 quod

347 972 617 1026 proverbium
646 970 754 1012 illud
784 972 1027 1026 ceteroquin
1059 970 1242 1026 prudens
1276 981 1531 1024 verumque.

526 1040 688 1096 lapides
717 1041 769 1083 ad
800 1043 1002 1084 amussim
1036 1041 1185 1098 dirige,
1218 1040 1331 1082 haud
1363 1041 1571 1082 amussim
1600 1038 1653 1082 ad
1683 1038 1760 1087 1106

348 1112 399 1154 611
438 1111 750 1168 philosophiam
790 1113 1050 1154 transferunt
1085 1112 1262 1167 ideoque
1293 1125 1388 1162 11011,
1420 1109 1778 1167 quemadmodum
1807 1120 1925 1166 opor-
1964 1168 1965 1171 Ἴ

348 1183 476 1233 161161,
518 1196 540 1224 6
581 1178 703 1224 rebu's
745 1196 847 1238 quas
889 1183 1113 1225 observant
1152 1195 1347 1224 normam
1378 1181 1588 1237 quandam
1607 1180 1819 1232 efficiunt,
1851 1179 1934 1223 sed.

348 1267 413 1295 res
453 1254 564 1308 ipsas
607 1252 849 1295 distrahunt
882 1256 1161 1309 torquentque
1193 1256 1243 1294 ut
1273 1266 1443 1294 normae
1474 1250 1764 1308 respondeant,
1795 1261 1924 1307 qnam

354 1325 647 1379 excogitarunt
677 1325 760 1379 ipsi
780 1321 824 1376 ¹).

409 1393 553 1450 Longe
585 1394 636 1436 ab
667 1395 748 1436 isto
780 1396 918 1450 rigore
942 1393 1084 1436 Stoico
1109 1393 1216 1436 lenis
1243 1399 1388 1436 noster
1411 1393 1686 1450 placidusque
1712 1393 1925 1436 mentium

352 1464 539 1506 medicus
567 1464 675 1506 afuit
701 1478 879 1519 semper.
915 1463 996 1506 Sed
1023 1478 1234 1520 nusquam
1260 1466 1400 1520 magis
1427 1477 1553 1520 quam
1579 1464 1648 1507 hic
1674 1465 1780 1509 mite
1797 1471 1925 1506 suum

351 1538 393 1577 et
425 1533 604 1576 amabile
635 1534 777 1590 prodit
805 1536 1041 1590 ingenium.
1075 1534 1122 1576 In
1156 1535 1231 1577 hoc
1263 1536 1376 1577 enim
1408 1533 1552 1578 libello
1581 1533 1743 1592 legitur
1766 1538 1936 1579 sentem

350 1603 452 1646 tiola
498 1603 586 1655 illa,
636 1618 718 1660 qua
764 1604 883 1647 nulla
923 1607 966 1647 in
1007 1606 1202 1647 omnibus
1242 1605 1329 1647 illis
1371 1604 1666 1648 voluminibus
1688 1605 1926 1649 'invenitur

350 1676 486 1730 aptior
526 1674 578 1716 ad
617 1674 856 1731 legentium
898 1677 1060 1718 animos
1101 1675 1368 1718 deleniendos
1397 1674 1816 1732 permulcendosqus.
1858 1675 1937 1719 A'n·

351 1760 432 1787 non
473 1759 663 1787 amemus
706 1745 1007 1802 philosophum
1048 1748 1121 1802 qui
1161 1748 1219 1789 sic
1249 1746 1486 1802 disputavit
1515 1749 1574 1802 (p.
1606 1746 1662 1789 85
1681 1745 1760 1799 D):·
1801 1749 1925 1798 „tum

350 1815 420 1858 vel
447 1817 632 1858 maxime
659 1815 812 1872 aliquis
839 1831 881 1859 se
907 1819 951 1859 in
979 1819 1140 1859 virtute
1168 1817 1393 1873 profecisse
1418 1816 1636 1874 intelligit,
1663 1830 1763 1860 cum
1784 1817 1926 1860 subito

352 1888 391 1928 ei
432 1887 475 1927 in
517 1891 705 1928 mentem
747 1889 866 1930 venit
907 1889 966 1930 sic
1007 1902 1150 1930 secum
1187 1887 1327 1943 loqui:
1362 1901 1487 1944 quam
1520 1887 1676 1931 vellem
1707 1891 1827 1944 pater
1857 1900 1927 1932 me

352 1970 472 1999 meus
505 1956 634 1998 talem
666 1957 808 2000 videre
840 1957 1107 2013 potuisset”?

413 2027 604 2070 Profecto
650 2042 759 2070 nunc
807 2033 898 2071 tota
937 2028 1012 2071 illa
1053 2043 1157 2085 gens
1199 2028 1501 2072 Ghaeronensis
1543 2029 1664 2072 nobis
1704 2031 1790 2072 stat
1820 2031 1935 2072 fanto*

353 2097 507 2148 oculos,
537 2100 758 2154 progenies
788 2098 862 2141 illa
892 2099 1102 2155 Lampria,
1131 2102 1323 2143 omnium
1351 2103 1557 2156 quotquot
1582 2099 1755 2142 fuerunt
1778 2104 1933 2142 senum

352 2167 625 2223 lepidissimo,
658 2168 799 2225 digna.

444 2238 526 2280 Sed
552 2241 737 2290 omnino,
765 2240 1122 2296 quemadmodum
1146 2242 1232 2283 iam
1259 2241 1464 2293 dicebam,
1491 2244 1555 2284 est
1581 2240 1701 2285 docta
1717 2239 1930 2285 1106111116-

354 2309 463 2350 tribe
491 2313 531 2350 et
558 2311 649 2351 viro
678 2310 800 2352 docto
827 2313 981 2366 scripta
1008 2317 1083 2353 est.
1112 2312 1274 2354 Desunt
1300 2311 1462 2354 flosculi
1483 2311 1551 2354 illi
1568 2304 1754 2363 oratorii,
1772 2310 1927 2368 quibus

354 2380 579 2435 capiuntur
610 2381 833 2433 auditor-⁶²83
865 2397 948 2423 non
979 2382 1193 2424 abundant
1224 2381 1575 2425 narratiunculae.
1611 2381 1667 2424 Et
1698 2395 1804 2439 quae
1834 2396 1925 2438 pro-

353 2455 569 2505 ponuntur
595 2476 650 2482 —
680 2451 785 2494 duae
810 2451 907 2494 illae
934 2457 1053 2495 sunt:
1070 2446 1137 2496 ‘de
1166 2453 1353 2510 Diogene
1381 2468 1505 2510 quem
1536 2466 1677 2496 mures
1702 2452 1753 2495 ad
1779 2466 1924 2495 sanam

355 2526 541 2563 mentem
583 2514 820 2578 redegerint
861 2522 933 2574 (77
954 2523 1004 2576 E)
1036 2528 1078 2566 61
1109 2524 1159 2566 de
1192 2524 1386 2580 Stilpone
1416 2526 1560 2580 ipsum
1591 2523 1718 2566 deum
1749 2521 1928 2566 feliciter

402 2674 436 2714 1)
471 2673 569 2704 Paulo
601 2672 759 2704 verbosius
792 2673 842 2704 hic
873 2674 999 2706 initium
1034 2675 1146 2717 capitis
1178 2676 1197 2707 2
1221 2674 1303 2707 ἀλλ’
1327 2674 1422 2715 ὀρθῶς
1445 2675 1505 2715 μὶν
1605 2672 1841 2715 ἐμπεπλήκασι
1867 2672 1926 2711 τὴν

355 2727 553 2768 φιλοσοφίαν
576 2728 681 2765 retuli,
705 2728 778 2769 quia
802 2728 977 2770 periculum
1003 2733 1048 2760 est
1074 2741 1111 2761 ne
1137 2741 1230 2772 prave
1254 2730 1437 2773 accipiatur.
1463 2730 1548 2762 Bene
1570 2729 1609 2761 ab
1632 2729 1806 2772 interprete
1829 2727 1927 2760 Dido-

355 2782 442 2812 tiano
475 2781 701 2813 intellec—,tuma
704 2783 849 2813 uffirmare
873 2793 935 2814 non
959 2784 1069 2816 ausim.
1104 2785 1154 2815 Sic
1178 2785 1318 2821 decurrit
1341 2785 1437 2817 illud.
1465 2787 1568 2816 ,recto
1591 2783 1714 2826 quidem
1736 2782 1831 2815 habet
1853 2793 1926 2826 pro-

356 2836 508 2873 verbium,
538 2836 595 2867 sed
625 2837 721 2868 Stoici
749 2836 794 2867 ita
827 2840 952 2877 agentes
977 2838 1209 2880 philosophiam
1233 2838 1444 2881 impleverunt
1467 2837 1626 2910 ineptiis&
1648 2837 1687 2870 In
1709 2836 1830 2869 deliciis
1854 2837 1927 2870 Pin-

355 2890 465 2920 tarcho
489 2890 563 2921 hacc
585 2890 784 2922 transitionis
808 2892 918 2932 figura.
