1930 3354
980 277 1067 322 688

238 445 290 480 De
315 443 426 491 genio
453 444 620 480 Socratis
633 470 879 481 .....
927 399 998 480 347
1052 445 1186 480 Decem
1212 446 1406 479 oratorum
1433 444 1534 480 vitae
1558 444 1573 459 *
1622 473 1633 483 .

238 502 290 537 De
316 501 462 536 invidia
487 505 526 537 et
547 502 631 537 odio
634 527 879 537 .....
927 501 993 537 311
1051 501 1221 549 Epistola
1247 500 1292 536 de
1318 501 1515 538 amicitia.
1567 530 1575 539 .
1624 531 1634 541 .
1681 531 1694 543 .

238 557 294 594 De
321 558 380 593 ira
401 583 879 596 .........
928 558 998 594 646
1052 559 1284 606 Fragmenta
1313 558 1460 595 incerta
1508 587 1517 596 .
1567 586 1577 595 .
1626 588 1635 598 .
1684 589 1693 598 .

239 617 292 652 De
318 616 416 652 Iside
441 618 481 651 et
505 616 653 652 Osiride
695 644 704 652 .
755 643 765 654 .
813 642 823 651 .
871 644 880 652 .
929 616 994 652 161
1053 616 1274 652 Homericae
1299 616 1590 654 exercitationes
1626 645 1636 655 .
1685 646 1694 655 .

239 675 291 710 De
316 674 485 709 latenter
509 674 669 709 vivendo
699 702 706 709 .
756 701 764 710 .
814 699 823 707 .
872 699 881 709 .
930 673 1000 709 609
1053 675 1240 710 Instituta
1265 674 1451 710 Laconica
1477 674 1492 689 *
1509 703 1518 712 .
1567 703 1577 711 .
1626 703 1635 712 .
1685 703 1694 713 .

239 731 295 767 De
321 731 452 766 liberis
477 731 684 767 educandis
707 730 721 744 '¹
757 757 765 765 .
815 759 823 767 .
874 759 882 767 .
978 730 1001 766 2
1054 731 1254 767 Institutio
1278 731 1433 767 Traiani
1451 759 1696 771 .....

241 789 293 824 De
319 788 479 824 libidine
504 792 544 824 et
570 789 824 836 aegritudine.
874 816 883 824 .
930 788 996 824 631
1054 790 1313 825 Lacaenarum
1328 789 1655 836 apophthegmata
1668 788 1696 827 ⁵.

240 846 294 882 De
319 845 565 892 malignitate
592 846 773 882 Herodoti
816 874 824 882 .
875 873 883 882 .
932 845 1003 881 504
1056 847 1219 882 Maxime
1245 857 1331 882 cum
1357 847 1592 894 principibus
1629 875 1637 884 .
1686 875 1696 884 .

242 903 294 939 De
320 903 454 938 metris
465 931 884 940 ........
933 903 1003 939 650
1056 904 1235 940 Mulieres
1261 903 1489 940 erudiendas
1513 915 1592 941 esse
1630 932 1638 942 .
1687 932 1698 942 .

243 961 295 996 De
321 961 468 996 musica
525 988 886 998 .......
934 960 1004 996 628
1058 962 1263 997 Mulierum
1288 961 1522 999 virtutes..
1572 990 1581 999 .
1630 989 1640 1009 ‚
1690 989 1699 999 .

242 1018 296 1054 De
322 1021 431 1065 parte
458 1030 507 1054 an
531 1019 663 1055 facult.
690 1018 810 1055 animi
831 1018 887 1054 af-
1057 1020 1138 1056 Non
1166 1030 1272 1066 posse
1281 1046 1700 1057 ........

291 1075 377 1112 fect.
410 1076 593 1112 subiecta.
644 1105 652 1112 .
703 1104 711 1112 .
761 1104 768 1112 .
796 1096 798 1099 ·
819 1104 828 1113 .
878 1104 886 1112 .
935 1076 1000 1111 631
1057 1077 1249 1112 Palallela
1269 1076 1412 1113 Graeca
1434 1079 1473 1113 et
1486 1078 1658 1114 Romana
1672 1076 1700 1115 *.

245 1134 298 1170 De
323 1133 446 1180 primo
471 1133 611 1181 frigido
644 1162 887 1171 .....
936 1133 1006 1169 563
1058 1133 1206 1170 Placita
1231 1134 1541 1182 philosophorum
1568 1135 1584 1149 *
1634 1163 1643 1172 .
1685 1131 1689 1145 ²

246 1191 298 1227 De
324 1191 488 1238 Pythiae
513 1192 678 1227 oraculis
703 1220 711 1228 .
762 1219 770 1227 .
821 1220 828 1227 .
879 1219 887 1228 .
936 1190 1007 1226 174
1060 1192 1279 1228 Platonicae
1305 1193 1546 1240 quaestiones
1575 1220 1584 1230 .
1634 1220 1642 1229 .
1691 1220 1701 1230 .

246 1249 299 1284 De
323 1251 430 1284 recta
454 1249 604 1285 ratione
629 1249 830 1285 audiendi.
880 1276 889 1285 .
961 1248 1008 1284 26
1059 1251 1268 1297 Praecepta
1291 1250 1373 1297 reip
1409 1262 1478 1298 ger

247 1306 299 1341 De
326 1317 364 1341 se
390 1306 515 1353 ipsum
527 1334 889 1343 .......
937 1306 1006 1342 317
1061 1309 1132 1344 Pro
1156 1307 1361 1343 nobilitate
1400 1335 1702 1344 ......

247 1364 300 1399 De
327 1375 410 1399 sera
436 1365 606 1400 numinis
631 1365 801 1400 vindicta
823 1393 830 1401 .
881 1392 889 1400 .
938 1363 1008 1399 325
1061 1366 1133 1402 Pro
1159 1365 1446 1413 pulchritudine
1460 1390 1703 1402 .....
1767 1404 1771 1412 ,
1803 1404 1807 1414 ¹

248 1421 301 1457 De
327 1422 499 1457 sollertia
525 1422 772 1458 animalium.
823 1450 830 1458 .
881 1450 890 1458 .
939 1421 1007 1457 567
1061 1424 1309 1468 Quaestiones
1334 1423 1547 1460 convivales
1577 1450 1587 1460 .
1622 1419 1645 1459 ¹.
1695 1420 1703 1459 .

248 1479 301 1514 De
328 1479 538 1515 Stoicorum
565 1479 833 1527 repugnantiis
882 1508 890 1516 .
939 1478 1009 1515 593
1062 1482 1310 1525 Quaestiones
1335 1481 1381 1517 de
1407 1481 1519 1517 Arati
1543 1479 1663 1528 signis
1683 1479 1725 1500 ·“

248 1537 301 1572 De
328 1537 599 1584 superstitione
649 1565 891 1574 .....
939 1536 1010 1572 112
1062 1540 1254 1583 Quomodo
1279 1539 1529 1576 adolescens.

249 1595 302 1631 De
327 1595 614 1642 tranquillitate
649 1622 892 1631 .....
941 1594 1010 1630 643
1064 1598 1256 1641 Quomodo
1281 1597 1470 1633 adulator.
1521 1624 1528 1632 .
1579 1624 1587 1632 .
1627 1603 1646 1632 f.
1676 1598 1704 1632 ’.
1772 1590 1774 1596 ’

250 1653 302 1688 De
330 1653 617 1700 tranquillitate
643 1653 774 1689 animi.
826 1680 833 1688 .
885 1680 892 1688 .
941 1651 1011 1687 219
1064 1656 1256 1699 Quomodo
1281 1655 1365 1703 quis
1390 1664 1478 1690 suos
1501 1654 1540 1690 in
1562 1653 1707 1691 virtute
1761 1654 1785 1673 ³

249 1711 303 1746 De
324 1711 469 1746 tuenda
490 1711 658 1746 sanitate
680 1712 893 1758 praecepta.
964 1709 1012 1745 95
1112 1714 1256 1750 sentiat
1283 1712 1473 1760 profectus
1521 1739 1531 1748 .
1581 1739 1589 1748 .
1639 1739 1648 1748 .
1676 1716 1706 1748 ¹.
1756 1708 1825 1762 55

251 1769 303 1805 De
330 1769 444 1804 unius
471 1769 510 1804 in
535 1780 613 1816 rep.
639 1769 738 1804 dom.
765 1768 780 1782 *
828 1795 835 1803 .
885 1795 894 1804 .
942 1766 1012 1802 469
1065 1774 1212 1819 Regum
1245 1774 1285 1806 et
1318 1771 1593 1817 impeiatorum
1618 1779 1709 1817 apo·
1756 1773 1757 1779 ’

253 1827 305 1862 De
331 1826 605 1862 vaticinatione
651 1852 894 1862 .....
943 1824 1013 1860 642
1113 1827 1405 1879 phthegmata
1463 1853 1707 1864 ,,,,,
1755 1825 1826 1871 116

252 1884 306 1919 De
331 1884 475 1919 virtute
502 1887 541 1919 et
570 1884 661 1919 vitio
710 1911 717 1919 ·
769 1911 777 1919 ·
828 1911 836 1919 ·
886 1910 894 1918 ·
967 1882 1014 1917 84
1067 1889 1218 1936 Septem
1235 1886 1470 1935 sapientium
1483 1867 1709 1922 convivium.
1757 1881 1827 1919 102

253 1942 306 1977 De
331 1942 475 1977 virtute
503 1942 639 1977 morali
663 1941 676 1955 *
710 1969 719 1977 ·
769 1969 778 1977 ·
828 1969 836 1977 ·
886 1968 895 1977 -
944 1939 1014 1975 203
1068 1946 1212 1983 Stoicos
1245 1944 1470 1981 absmdiora
1501 1942 1624 1991 poetis
1651 1940 1726 1978 di·-

254 2000 306 2035 De
332 1999 413 2034 vita
438 2002 478 2034 et
502 2000 605 2047 poesi
632 1999 785 2035 Homeri
827 2026 836 2034 .
886 2025 895 2034 .
943 1997 1014 2033 650
1115 2015 1198 2040 cere
1232 2026 1709 2040 .........
1757 1997 1827 2034 593

255 2057 307 2093 De
331 2057 489 2092 vitando
514 2068 601 2093 aere
626 2058 777 2093 alieno.
829 2084 837 2092 .
888 2084 895 2092 .
943 2054 1014 2090 492
1069 2063 1282 2099 Stromates
1291 2084 1709 2097 ........
1756 2055 1827 2092 638

255 2115 307 2150 De
334 2115 469 2150 vitioso
495 2115 637 2162 pudore
654 2141 896 2151 .....
907 2127 909 2130 ·
945 2111 1015 2148 303

1020 2354 1080 2408 ΙΙ

762 2474 954 2517 INDEX
985 2470 1272 2516 GRAEOUS.

633 2577 698 2610 Pag.
1440 2569 1505 2602 Peg.

256 2626 450 2666 αἰτιολογία
472 2622 554 2667 135,
578 2622 659 2667 165,
683 2621 763 2657 649.
1075 2618 1092 2658 ἦ
1117 2630 1179 2651 που
1202 2615 1282 2652 601.

258 2681 385 2716 ἀκούειν
410 2681 468 2726 15,
492 2680 550 2726 26,
574 2680 654 2716 483.
1075 2677 1135 2717 μὲν
1158 2673 1211 2708 οὖν
1234 2673 1291 2709 41.

260 2742 412 2784 διατριβή
434 2738 493 2774 28.
1076 2734 1206 2778 μεταξύ
1229 2731 1286 2767 36.

259 2800 437 2843 ἐπιχειρεῖν
461 2796 517 2835 30.
1077 2792 1206 2835 μηνύειν
1228 2788 1288 2824 19.

260 2859 436 2901 ἐφιστάναι
462 2857 520 2893 18.
1078 2851 1112 2890 νῆ
1137 2850 1202 2883 Δία
1225 2846 1282 2891 23,
1306 2845 1364 2891 39,
1387 2845 1446 2881 48.

259 2918 390 2959 ἀτρέμα
413 2920 453 2951 et
477 2917 582 2958 ἠρέμα
607 2911 763 2947 confusa
785 2909 842 2955 58,
862 2909 920 2954 60,
942 2908 1023 2944 130.
1079 2911 1161 2951 ὁμοῦ
1184 2921 1218 2940 τι
1242 2906 1365 2944 πάντες
1387 2903 1469 2948 435,
1493 2901 1563 2938 589
1587 2912 1624 2937 n.

260 2975 401 3009 ἐνταῦθα
425 2973 506 3018 117,
531 2972 612 3017 168,
634 2972 717 3018 177,
738 2967 819 3012 256,
840 2967 922 3012 333,
944 2967 1024 3003 343³
1079 2969 1095 3001 δ
1118 2966 1340 3008 προειρημένοι
1362 2961 1443 3006 141,
1465 2959 1546 2996 650.

308 3031 390 3076 371,
414 3030 496 3076 420,
520 3029 603 3064 446.
1079 3025 1312 3067 παρακείμενον
1334 3019 1391 3055 24.
