2002 3372
1102 218 1189 262 110

352 341 564 384 dationem
592 344 638 383 ut
665 341 710 382 in
737 342 905 382 textum
932 338 1189 396 recipiatur?
1216 340 1380 384 Editori
1405 341 1482 384 hoc
1510 354 1674 398 quoque
1697 340 1932 386 cavendum

352 416 415 454 est
446 426 499 454 ne
524 413 653 454 nimis
688 412 745 453 sit
776 414 926 454 cautus
957 413 1000 453 et
1031 412 1198 454 anxius.
1560 410 1562 412 ’

409 483 468 525 ib.
511 482 575 525 Ibi
607 496 708 539 ergo
737 482 990 524 Anacharsis
1017 482 1223 530 μεθυσθείς
1253 484 1444 539 poposcit
1470 478 1592 524 ἆθλον
1621 481 1689 524 καὶ
1715 481 1938 536 στέφανον.

409 552 580 595 Excidit
607 557 756 604 πρῶτος
787 556 883 595 ante
910 552 1118 603 μεθυσθείς
1136 552 1265 609 (quod
1292 553 1480 597 servavit
1506 553 1749 596 Athenaeus
1762 551 1934 607 43¹7·E>‚

349 623 422 666 sed
461 625 543 666 isto
584 623 652 665 καὶ
697 622 901 675 στέφανον
932 622 1088 666 melius
1117 624 1370 667 carebimus.
1402 623 1527 680 Apud
1559 623 1829 668 Athenaeum
1858 638 1934 681 pro

350 690 471 736 ἆθλον
502 693 663 750 legitur
695 695 925 746 νικητήριον.

412 763 549 807 156ss
598 766 670 814 την
711 764 891 818 οἰνοχόην
933 754 1097 818 οὶτρέμοι
1142 766 1296 815 κεῖσθαι
1344 771 1560 818 »κρητῆρος
1604 763 1796 819 ὕπερθεν”
1828 797 1932 811 ....

348 836 625 889 ἀπηγόρευσεν
655 836 834 882 Ἡσίοδος
865 836 904 877 ἐν
932 841 1012 884 τοῖς
1033 836 1160 878 πίνειν
1178 842 1343 886 μᾶλλον
1361 836 1382 885 ἦ
1401 836 1665 888 διαλέγεσθαι
1684 835 1931 888 δυναμένοις.

408 906 511 949 Dele
544 907 596 958 ἐν,
631 910 902 949 strenuorum
933 908 1047 949 enim
1080 911 1322 964 potatorum
1355 910 1420 951 est
1446 921 1667 964 nunquam
1692 908 1932 952 cessare'ab

347 977 578 1020 hauriendo
610 982 653 1020 et
685 977 905 1030 bibendo..

407 1048 609 1104 Sequitur
651 1047 770 1091 locus
813 1048 840 1090 4
881 1047 1091 1092 linearum
1124 1049 1230 1103 (ἐπεὶ
1267 1081 1276 1092 .
1299 1081 1308 1092 .
1331 1080 1367 1092 ..
1401 1049 1589 1103 πλησίον)
1631 1049 1931 1094 conclamatus.

346 1119 428 1172 Qui
458 1124 600 1162 tamen
632 1133 779 1162 sensus
810 1121 1096 1175 requireretur
1127 1123 1238 1163 recte
1271 1121 1533 1177 perspexisse
1564 1120 1621 1164 Η.
1653 1120 1856 1165 videtur.v

408 1188 544 1233 157A
587 1190 673 1233 ἐπεὶ
710 1188 836 1233 πάλιν
865 1190 951 1242 περὶ
986 1191 1212 1242 οἰκονομίας
1243 1190 1365 1243 λόγος
1400 1191 1546 1243 γέγονε
1581 1223 1590 1234 .
1611 1222 1621 1234 .
1641 1221 1681 1234 ..

407 1261 526 1303 Istud
569 1262 660 1312 περί
692 1260 760 1304 W.
804 1261 980 1313 addidit,
1022 1261 1127 1305 falso
1170 1263 1205 1304 si
1249 1262 1352 1318 quid
1382 1262 1529 1305 video:
1562 1263 1621 1305 sic
1651 1263 1766 1306 enim
1797 1263 1928 1306 etiam

346 1331 551 1375 articulus
592 1336 703 1375 esset
743 1331 957 1375 addendus
998 1333 1267 1376 substantivo
1310 1332 1448 1384 λόγος.
1490 1333 1664 1376 Etenim
1703 1333 1928 1385 οἰκονομίας

346 1403 467 1453 λόγος
513 1402 657 1453 γέγονε
702 1407 788 1446 est:
835 1405 1130 1454 „oeconomiae
1162 1409 1226 1447 est
1258 1404 1368 1447 facta
1401 1404 1606 1456 mentio’',
1638 1403 1712 1448 sed
1746 1418 1849 1456 „nos
1878 1403 1930 1448 de

346 1488 430 1516 oec.
465 1473 651 1529 colloqui
682 1475 926 1530 coepimus’'
960 1478 1024 1517 est
1056 1474 1143 1527 περὶ
1178 1476 1250 1517 οἰκ.
1285 1476 1302 1518 ὃ
1337 1475 1459 1526 λόγος
1493 1475 1656 1527 γέγονε.

408 1542 545 1587 157Β
594 1544 826 1588 Cleobulus
869 1544 1057 1588 fabulam
1091 1559 1113 1588 a
1147 1545 1235 1588 filia
1267 1560 1343 1588 sua
1374 1548 1595 1590 inventam
1625 1545 1676 1589 de
1707 1559 1821 1598 cane,
1852 1547 1928 1602 qui

344 1615 486 1657 hieme
528 1615 649 1658 aedes
692 1616 773 1658 sibi
804 1615 940 1658 facere
971 1615 1226 1659 decrevisset
1257 1630 1355 1659 cum
1386 1617 1540 1659 iaceret
1571 1615 1823 1669 contractus,
1857 1616 1930 1660 sed

344 1688 503 1728 aestate
543 1684 652 1728 illud
693 1685 919 1729 consilium
962 1689 1143 1729 missum
1180 1686 1335 1729 faceret
1366 1686 1512 1730 videns
1543 1688 1714 1743 quantis
1745 1687 1828 1730 sibi
1857 1701 1926 1730 ex-

342 1759 458 1798 tento
490 1760 764 1812 porrectoque
795 1770 900 1813 opus
933 1761 1042 1800 esset
1066 1757 1240 1800 aedibus
1265 1758 1466 1801 narravit.
1500 1757 1612 1800 Tum
1639 1757 1743 1814 quid
1768 1757 1851 1801 sibi
1874 1771 1923 1800 ea

342 1825 485 1868 fabula
516 1826 623 1870 velit
653 1828 713 1869 sic
745 1827 953 1884 explicat:

400 1898 480 1949 οὐχ
508 1897 599 1951 ὁρᾷς
628 1897 694 1940 nx}
723 1898 815 1945 τοὺς
843 1898 1006 1951 μικροὺς
1035 1901 1101 1940 νῦν
1128 1898 1203 1949 μὲν
1230 1900 1285 1944 εἰς
1314 1898 1440 1952 μικροὶ
1459 1898 1603 1952 κομιδῇ
1622 1897 1922 1945 συστέλλοντας

342 1967 509 2015 {xvi-oba
543 1969 592 2016 ὡς
627 1969 892 2022 στρογγύλως
928 1969 995 2011 xa)
1031 1973 1272 2016 Λακωνικῶς
1306 1969 1592 2021 βιωσομένους,
1624 1972 1691 2012 νῦν
1722 1969 1778 2022 δέ,
1804 1970 1837 2013 εἰ
1864 1970 1924 2022 μὴ

341 2038 397 2080 τὰ
440 2038 603 2081 πάντων
646 2038 806 2092 ἔχουσιν
848 2041 1010 2082 ἰδιωτῶν
1052 2038 1146 2091 ἅμα
1183 2040 1251 2082 καὶ
1282 2039 1504 2092 βασιλέων,
1541 2041 1609 2083 ὑπ’
1642 2040 1795 2089 ἐνδείας
1826 2041 1923 2084 ἑπο-

339 2110 497 2152 λεῖσθοιι
531 2110 791 2164 νομίζοντας;

399 2180 519 2223 Istud
560 2181 723 2234 μικρούς
768 2181 893 2224 solito
923 2182 970 2223 in
1001 2180 1223 2224 Plutarchi
1254 2184 1376 2225 textu
1409 2181 1644 2225 vitio-inde
1674 2185 1828 2226 natum
1858 2186 1922 2226 est

338 2251 464 2306 quod,
507 2265 606 2294 cum
649 2252 918 2295 scribendum
960 2255 1068 2295 esset
1100 2254 1287 2302 ἀνοήτους
1321 2251 1393 2296 vel
1424 2252 1635 2296 eiusmodi
1665 2251 1842 2309 aliquid,
1872 2253 1924 2296 li-

337 2322 465 2364 brarii
507 2336 625 2365 mens
667 2323 880 2367 aberravit
921 2323 973 2365 ad
1016 2337 1194 2379 sequens
1237 2324 1376 2376 μικρά.
1419 2323 1525 2366 Mox
1556 2321 1626 2377 (G)
1665 2323 1768 2367 haec
1798 2337 1923 2381 oppo-

337 2396 521 2436 nuntur:
565 2394 681 2436 ἀλλὰ
726 2394 792 2436 καὶ
838 2393 958 2441 τοὺς
1003 2396 1201 2446 σοφοὺς
1247 2395 1354 2445 ὑμᾶς
1399 2394 1548 2446 ὁρῶμεν
1581 2394 1730 2442 ἀνίσοις
1761 2393 1921 2448 μέτροις

337 2463 413 2511 τὰς
450 2465 610 2511 κτήσεις
645 2464 916 2515 νενεμημένας
952 2464 1046 2516 πρὸς
1081 2465 1291 2514 ἀλλήλους
1325 2463 1513 2517 ἔχοντας.

399 2532 541 2577 1571)
583 2535 767 2587 καθάπερ
801 2537 855 2588 τῷ
890 2535 994 2588 νόμῳ
1029 2536 1082 2588 τῷ
1117 2535 1242 2588 λόγῳ.

395 2604 522 2647 Prius
569 2607 624 2657 τῷ
670 2621 753 2649 non
798 2620 896 2649 cum
944 2604 1105 2649 editore
1154 2604 1314 2650 Graeco
1354 2606 1400 2648 in
1440 2620 1494 2659 τῳ
1536 2605 1804 2658 mutandum,
1846 2606 1919 2650 sed

336 2674 563 2718 delendum
593 2681 670 2720 est.

399 2745 482 2789 157
501 2747 536 2789 Ε
583 2749 729 2794 ἐκεῖνος
763 2747 1011 2801 (Hesiodus)
1043 2747 1126 2799 γοὶρ
1159 2747 1266 2789 ἐστιν
1297 2748 1375 2800 (ait
1406 2745 1552 2800 Solon)
1578 2746 1597 2788 ὃ
1624 2747 1776 2800 πρῶτος
1804 2750 1918 2790 Ἐπι-

334 2817 475 2869 μενίδῃ
517 2818 740 2870 σπέρματα
783 2824 854 2868 τῆς
897 2822 1048 2872 τροφῆς
1083 2817 1236 2867 ταύτης
1269 2820 1342 2871 (sc.
1377 2823 1449 2866 τῆς
1482 2817 1654 2871 ἀλίμου)
1686 2817 1918 2872 παρασχὼν

334 2886 402 2927 καὶ
438 2887 454 2928 ὂ
488 2887 622 2940 ζητεῖν
655 2888 822 2939 διδάξας

574 2958 662 3001 ὅσον
690 2960 734 3000 ·ε’ν
764 2959 947 3013 μοιλοέχη
980 2976 1023 3002 τε
1058 2958 1127 3003 καὶ
1160 2958 1374 3011 ἀσφοδέλῳ
1406 2957 1506 3009 μέγ’
1533 2956 1674 3011 ὄνειοιρ.
