2002 3372
1076 226 1163 269 236

392 342 525 387 480A
568 343 727 387 Ceteris
758 346 954 388 omnibus
986 349 1281 392 tantummodo
1312 349 1424 393 male
1455 351 1589 394 facere
1621 356 1819 396 vetamur

389 415 510 464 μητρὶ
554 415 586 456 δ’
619 415 742 457 αὑτοῦ
779 415 846 458 καὶ
882 416 1005 468 πατρὶ
1040 419 1084 460 τὸ
1116 420 1174 468 μὴ
1208 420 1404 473 παρέχειν
1437 421 1604 470 ἑαυτοὺς
1636 422 1807 475 δρῶντας
1842 423 1907 466 ἀεὶ

330 485 398 526 καὶ
431 485 630 536 λέγοντας
664 487 742 535 ἀφ’
774 483 824 528 ὧν
856 488 1152 540 εὐφρανοῦνται

328 556 512 612 impium
544 555 727 598 videtur.
1534 598 1535 601 ,

388 627 620 681 Aptissime
662 626 763 669 haec
805 628 983 685 corrigit
1026 629 1163 673 editor
1204 629 1391 675 Graecus
1433 632 1601 681 ἑαυτούς
1643 633 1820 678 delendo
1862 638 1906 678 et

330 696 477 743 αὑτούς
508 695 686 753 legendo
716 711 791 752 pro
823 698 962 750 αὑτοῦ,
995 701 1064 742 cui
1095 700 1238 744 nullus
1268 702 1338 745 hic
1368 702 1498 746 locus.

389 840 523 883 4803
564 841 789 885 Summam
819 849 969 900 parant
1002 844 1249 889 felicitatem
1281 850 1526 904 parentibus
1557 849 1638 893 filii

387 909 473 954 ὅσον
519 914 539 962 ἧ
573 914 697 966 φύσις
729 919 812 961 τοῖς
846 917 1005 966 σώμασι
1042 917 1246 966 διέστησεν
1283 919 1346 960 ἐπὶ
1381 921 1510 963 ταὺτὸ
1543 926 1624 968 τοῖς
1658 921 1803 964 πάθεσι
1837 922 1905 964 καὶ

326 988 409 1029 τοῖς
443 982 688 1034 πράγμασιν
721 985 996 1035 ἀποδιδόντες.

386 1051 596 1109 corrupta
650 1055 751 1098 haec
799 1070 883 1099 non
931 1057 1100 1100 videtur
1146 1073 1386 1115 persanaese
1434 1060 1787 1118 Wyttenbachius
1833 1077 1907 1120 pro

324 1122 482 1166 ultimo
524 1124 729 1168 vocabulo
764 1126 1005 1174 ἐπιδιδόντες
1039 1127 1109 1171 vel
1142 1130 1403 1177 ἀπονεύοντες
1438 1132 1707 1175 conficiendo.
1753 1131 1908 1189 Requi-

322 1195 432 1236 ritur
477 1194 584 1237 fere:
635 1200 749 1238 τοῦτο
797 1229 835 1240 ..
860 1229 896 1240 ..
939 1199 1280 1252 ἀναπληροῦντες.
1329 1199 1513 1258 Corpore
1560 1201 1761 1246 disiuncti
1807 1207 1907 1246 sunt

322 1265 486 1317 fratres,
514 1266 600 1317 sed,
628 1268 664 1309 si
691 1267 790 1310 boni
817 1268 965 1311 fratres
992 1275 1104 1322 sunt,
1132 1270 1243 1314 illud
1271 1273 1457 1328 spatium
1475 1271 1674 1329 supplent
1689 1273 1904 1316 affectibus

325 1335 656 1393 actionibusque.

386 1471 521 1515 480D
567 1475 748 1525 χαλεποὶ
784 1474 955 1525 πόλεμοι
988 1478 1071 1528 γὰρ
1103 1478 1294 1530 ἀδελφῶν

383 1545 432 1590 ὡς
482 1544 697 1595 Εὐριπίδης
747 1544 911 1598 εἴρηκεν,
954 1546 1078 1599 ὄντες,
1122 1549 1420 1601 χαλεπώτατοι
1466 1555 1549 1598 τοῖς
1589 1554 1775 1602 γονεῦσιν
1821 1553 1903 1594 αὖ·

322 1619 435 1659 τοῖς
469 1616 582 1657 εἰσιν.

380 1684 518 1728 Immo
550 1700 650 1729 vero
683 1688 829 1730 αὐτῶν.

379 1830 512 1874 480F
555 1831 743 1876 Ioculare
774 1837 836 1876 est
871 1833 1016 1886 ἔτυμον
1047 1837 1093 1877 in
1127 1836 1265 1880 hisce:

378 1906 548 1944 Μουσῶν
731 1901 782 1950 ἃς
824 1905 923 1955 ὁμοῦ
968 1905 1017 1947 δι’
1060 1905 1213 1949 εὔνοιαν
1255 1907 1319 1950 ἀεὶ
1354 1909 1421 1951 καὶ
1455 1911 1744 1965 Φιλαδελφίαν
1775 1911 1898 1960 οὔσας

319 1971 443 2020 οὕτως
475 1972 690 2026 ὠνόμαζον.

383 2046 545 2086 Μοῦσαι
574 2066 629 2081 =
657 2046 754 2094 ὁμοῦ
798 2043 927 2089 οὖσαι.
972 2046 1054 2090 Sed
1098 2062 1179 2091 non
1211 2052 1538 2106 grammaticam
1571 2055 1731 2109 spectat
1761 2053 1899 2110 philo-

323 2116 479 2171 sophus
511 2121 653 2159 noster
683 2131 834 2160 verum
868 2132 1037 2161 morum
1070 2120 1420 2165 emendationem.

380 2263 436 2305 ib.
484 2263 652 2306 Amoris
696 2278 798 2321 erga
837 2269 1030 2321 parentes
1060 2266 1321 2322 praeclarum
1355 2267 1657 2312 documentum
1688 2273 1751 2312 est
1780 2283 1900 2313 amor

319 2347 419 2389 erga
459 2333 631 2387 fratres;
675 2334 790 2377 idem
831 2334 906 2378 ille
939 2336 1142 2380 adversus
1173 2337 1325 2381 liberos
1357 2341 1578 2396 egregium
1612 2345 1676 2383 est
1707 2340 1896 2391 δίδαγμα

320 2404 386 2445 καὶ
421 2405 690 2456 παράδειγμα
723 2405 1011 2458 φιλαδελφίας
1033 2422 1041 2432 ·

379 2475 443 2516 καὶ
488 2476 715 2518 τούναντίον
758 2474 810 2519 αὖ
855 2480 1018 2530 πονηρὸν
1061 2477 1192 2532 ὥσπερ
1233 2478 1276 2529 ἐξ
1316 2481 1575 2534 ἀντιγράφου
1608 2479 1794 2535 πατρῴου
1825 2483 1897 2530 τὴν

318 2545 601 2595 μισαδελφίαν
635 2547 1017 2598 ἀναλαμβάνουσιν.

377 2616 472 2658 Non
502 2615 717 2659 intellexit
748 2617 850 2660 haec
882 2620 1089 2676 interpres
1121 2622 1194 2677 qui
1225 2623 1284 2664 sic
1317 2623 1468 2665 vertit:
1513 2624 1652 2674 „sicut
1682 2623 1733 2665 ab
1763 2622 1895 2665 altera

315 2691 434 2742 parte
476 2689 709 2742 pessimum
746 2692 898 2731 mutuo
941 2690 1036 2733 odia
1076 2691 1249 2748 gerendi
1288 2692 1480 2735 studium
1520 2692 1650 2736 iidem
1682 2694 1895 2750 specimen

316 2761 538 2812 parentum
571 2760 703 2800 secuti
734 2760 1014 2816 suscipiunt.''
1047 2760 1258 2805 Dicuntur
1284 2765 1396 2805 enim
1429 2763 1609 2806 fratrum
1635 2763 1893 2806 discordium

317 2826 397 2868 filii
437 2826 557 2869 illam
598 2827 847 2872 discordiam
880 2834 1101 2887 tamquam
1134 2837 1360 2876 testamento
1391 2835 1591 2891 accipere,
1625 2836 1785 2887 πονηρὸν
1818 2849 1897 2876 πα-

317 2896 523 2947 ράδειγμα
556 2899 854 2952 μισαδελφίας.
