2002 3372
882 181 937 227 '77

30 351 34 355 .
169 306 286 352 Falsi
309 306 378 351 illi
403 311 447 351 et
471 305 701 350 adulterini
725 307 852 349 amici
878 320 965 349 non
993 305 1274 359 παραρρέουσι,
1303 304 1415 362 quod
1442 308 1505 348 est
1520 305 1703 360 defluunt

30 383 32 407 ³
109 378 185 424 vel
223 378 427 423 decidunt.
468 377 584 432 Quae
626 377 756 422 verba
788 392 872 420 non
905 381 1007 420 sunt
1037 377 1167 419 huius
1198 375 1296 419 loci.
1330 374 1413 418 Sed
1445 375 1532 418 leni
1565 390 1704 419 emen-

28 480 31 483 <
107 450 275 495 datione
316 449 414 508 lege
461 449 793 504 παρεισρυέντων,
835 450 978 492 omnia
1017 449 1122 491 bene
1169 447 1392 492 decurrent
1423 450 1465 490 et
1496 448 1701 505 imaginis

106 521 316 567 constabit
346 522 469 565 ratio.

169 592 280 637 9413
327 593 391 636 δεῖ
426 594 485 643 μὴ
526 591 668 648 ῥᾳδίως
711 579 1008 645 προσδέχεσθαι
1041 591 1144 642 μηδὲ
1178 591 1404 634 κολλᾶσθαι
1439 596 1523 639 τοῖς
1556 592 1699 643 ἐντυγ-

103 663 294 720 χάνουσι.

157 735 280 780 ⁴Novi
327 734 591 779 Testamenti
636 748 719 778 non
767 732 990 777 Plutarchi
1033 737 1097 777 est
1137 733 1307 789 simplex
1349 734 1576 777 κολλᾶσθαι
1620 735 1700 778 hoc

103 821 231 852 sensu
260 808 466 865 positum.
501 805 586 849 Hic
617 807 852 863 requiritur
885 807 1217 858 προσκολλᾶσθαι
1251 805 1363 862 quod
1390 805 1702 865 haplographia

104 878 288 936 quadam
321 882 571 935 corruptum
603 881 681 921 est.

161 951 220 995 ib.
266 949 335 993 Ad
373 948 511 994 oleam
553 950 775 1006 vitemque
819 948 1034 991 tendimus
1077 948 1251 992 dimotis
1294 947 1550 1006 calcatisque
1594 963 1700 1006 quae

99 1036 179 1067 nos
207 1024 430 1071 morantur
458 1019 643 1078 plantis:

161 1091 284 1140 οὕτως
313 1092 378 1135 αἐὶ
406 1093 466 1144 μὴ
494 1092 562 1134 τὸν
591 1092 766 1145 εὐχερῶς
796 1090 1139 1144 περιπλεκόμενον
1169 1092 1367 1134 ποιεῖσθαι
1395 1092 1538 1140 συνήθη
1558 1091 1700 1145 καλόν,

102 1163 220 1207 ἀλλά
253 1163 343 1207 κτὲ.

163 1235 248 1279 Pro
293 1235 360 1278 αἐί
404 1235 579 1292 egregie
626 1234 690 1276 δεῖ
727 1235 920 1291 reposuit
957 1233 1337 1291 Wytt-enbachius3
1381 1235 1524 1277 minus
1567 1235 1698 1290 probo

90 1306 219 1365 'quod
259 1320 338 1364 pro
381 1305 506 1348 καλόν
549 1305 658 1363 legit
700 1305 768 1347 καὶ
812 1307 948 1359 φίλον.
991 1305 1103 1348 Nam
1136 1309 1364 1362 postquam
1397 1305 1529 1348 semel
1561 1306 1626 1349 δεῖ
1653 1308 1698 1349 in

102 1379 171 1422 ἀεί
201 1378 319 1431 abiit,
353 1381 403 1420 ut
434 1381 578 1420 tamen
610 1377 821 1420 sententia
851 1380 1108 1428 nasceretur,
1142 1375 1300 1419 sciolus
1330 1376 1448 1419 istud
1480 1376 1607 1419 καλόν
1638 1379 1699 1420 in-

103 1446 253 1502 seruit,
278 1447 390 1506 quod
415 1463 528 1492 nunc
554 1462 639 1492 una
665 1452 729 1492 est
755 1447 984 1491 delendum
1010 1448 1155 1491 litura.
1185 1447 1368 1491 Hiatum
1393 1453 1486 1491 ante
1501 1449 1698 1503 vio-,qulam

93 1535 187 1567 ,non
217 1535 374 1565 moror.
944 1572 946 1575 ι

163 1592 414 1650 Sequuntur
458 1592 584 1636 haec:
640 1595 722 1639 ποῖς
770 1591 896 1643 ἀξίοις
941 1591 1119 1639 σπουδῆς
1161 1591 1231 1633 καὶ
1278 1591 1501 1644 ὠφελίμοις
1546 1592 1698 1640 αὐτοὺς

103 1663 419 1716 περιπλέκεσθαι
453 1662 756 1717 δοκιμάζοντες.

162 1734 326 1793 Ecquid
366 1734 554 1778 dubitari
596 1738 736 1791 potest
779 1735 883 1790 quin
926 1734 995 1777 hic
1039 1747 1205 1791 quoque
1237 1734 1288 1777 de
1320 1748 1439 1777 more
1470 1738 1582 1777 recte
1615 1749 1698 1777 cor-

101 1808 260 1851 rexerit
290 1805 493 1850 Reiskius
524 1803 863 1856 δοκιμοὲσανταςῗ
892 1804 1203 1862 Amplexamur
1226 1808 1268 1847 et
1291 1807 1528 1849 retinemus
1546 1820 1697 1849 verum

100 1879 291 1922 amicum
320 1877 403 1920 iam
428 1877 639 1932 probatum
670 1876 806 1920 nobis.

150 1948 272 1993 9413*
315 1947 486 1992 Nobilis
516 1950 655 2006 pictor
682 1947 856 2006 longam
883 1951 1067 1991 aetatem
1094 1962 1202 2004 quae
1220 1948 1378 2005 futura
1395 1951 1458 1991 est
1475 1947 1698 2006 multaque

99 2022 259 2080 cogitat
285 2019 475 2072 saecul&
511 2021 572 2063 sic
595 2020 745 2073 Φιλίαν
771 2021 834 2063 δεῖ
857 2019 926 2062 καὶ
956 2020 1165 2068 συνήθειαν
1195 2018 1332 2074 σῴζειν
1361 2021 1694 2072 παραλαβόντας

101 2093 141 2135 ἐν
172 2095 313 2145 πολλῷ
347 2093 563 2145 κριθεῖσαν.

160 2163 256 2208 Non
287 2176 510 2207 servamus
541 2164 777 2206 amicitiam
800 2167 1009 2219 postquam
1042 2161 1173 2219 longo
1202 2165 1393 2219 tempore
1425 2164 1599 2220 probata
1626 2169 1697 2215 est,

19 2276 21 2278 .
99 2230 174 2278 sed
213 2239 261 2278 ut
299 2233 430 2293 longo
472 2238 664 2291 tempore
687 2235 892 2290 probetur.
926 2234 1087 2277 Parum
1119 2239 1231 2278 recte
1263 2233 1470 2292 longioris
1503 2235 1699 2278 vocabuli

63 2331 67 2333 >
100 2305 402 2364 compendium
443 2305 665 2362 expletum
709 2309 795 2357 est3
828 2304 1062 2362 legendum
1094 2307 1210 2349 enim
1247 2306 1541 2359 κριθησομένην.
1575 2307 1699 2350 Prae-

99 2380 216 2421 terea
246 2376 483 2420 videndum
514 2391 652 2419 annon
685 2377 812 2430 χρόνῳ
846 2378 901 2419 sit
931 2376 1206 2419 inserendum
1239 2380 1336 2434 post
1369 2378 1522 2431 πολλῷ.

152 2446 219 2490 -95
242 2447 279 2491 Β
325 2447 410 2492 Ubi
452 2447 615 2491 multae
657 2453 758 2490 sunt
801 2449 1016 2491 amicitiae
1057 2448 1177 2492 nulla
1222 2448 1346 2492 facile
1390 2449 1587 2493 coalescit
1629 2449 1699 2494 vel

99 2517 224 2562 firma
265 2517 337 2563 fit:
382 2521 500 2561 τοῦτο
532 2518 572 2561 δὲ
604 2519 718 2566 εὐθὺς
754 2518 986 2569 ὑποβάλλει
1021 2519 1090 2562 καὶ
1125 2520 1197 2568 τὴν
1230 2521 1319 2573 περὶ
1355 2522 1433 2568 τοὶς
1470 2522 1694 2574 ὑπουργίας

99 2590 342 2642 ἀνωμαλίαν
375 2589 445 2632 καὶ
478 2590 698 2633 δυσωπίαν.

158 2661 426 2706 Pro-ultimo
450 2660 659 2705 vocabulo
686 2661 904 2703 δυσκολίαν
931 2660 1075 2719 legere
1101 2661 1240 2705 voluit
1266 2662 1507 2720 Emperius.
1539 2663 1697 2707 Vereor

98 2737 149 2777 ut
173 2732 318 2777 locum
343 2737 457 2777 recte
482 2731 748 2776 intellexerit
773 2734 947 2776 criticus
975 2735 1188 2791 egregius.
1215 2733 1261 2778 Si
1290 2749 1427 2777 unum
1450 2739 1697 2792 (paucosve)

22 2839 23 2843 ¹
96 2804 304 2848 habemus
333 2806 538 2856 amicum,
570 2818 738 2861 semper
768 2807 811 2847 et
837 2805 995 2861 ubique
1020 2805 1222 2859 (ὁμαλῶς)
1249 2805 1301 2848 ad
1329 2821 1453 2863 opem
1481 2807 1698 2851 ferendam

14 2872 17 2875 ’
98 2890 250 2920 sumus
280 2877 432 2934 parati,
453 2890 600 2933 neque
631 2874 748 2918 ullus
780 2879 923 2918 metus
955 2875 1147 2933 pudorve
1173 2877 1294 2920 nobis
1321 2879 1366 2920 in
1395 2893 1444 2921 ea
1470 2893 1515 2922 re
1543 2879 1697 2923 obstat.

97 2946 181 2991 Sed
223 2949 260 2991 si
303 2946 454 2990 multis
496 2949 644 2990 amicis
686 2949 865 3000 utimur,
910 2947 1035 2991 modo
1080 2948 1181 2991 huic
1230 2949 1356 2992 modo
1388 2949 1455 2992 illi
1487 2952 1577 2994 sine
1608 2950 1698 2994 ulla
