2002 3372
1090 213 1182 258 242

339 340 405 382 τὸν
439 340 522 382 θεὸν
554 339 610 383 εἷς
644 337 851 390 Δελφούς,
886 335 1064 386 ἐνέβαλε
1095 335 1234 388 κρύφα
1269 339 1340 378 τοῦ
1373 335 1525 387 πατρὸς
1558 335 1576 378 ὅ
1603 336 1701 382 θεῖος
1729 335 1828 388 ὑπὲρ
1852 337 1922 378 τοῦ

339 412 511 453 ’Λλεύοι.

399 480 626 535 Perspicua
668 482 732 520 est
773 477 1006 519 sententia:
1058 475 1246 532 Delphos
1287 474 1479 519 Thessali
1520 475 1747 518 mittebant
1787 479 1923 526 cortes,

338 553 366 593 i.
385 565 420 592 e.
454 550 599 592 literas
631 549 887 604 obsignatas,
916 549 960 589 in
988 547 1144 602 quibus
1167 545 1420 603 singulatim
1448 546 1499 588 de
1525 547 1653 588 variis
1679 545 1925 588 hominibus

340 623 399 663 sic
441 621 543 662 deus
587 618 909 661 consulebatur:
953 617 1164 668 „huncine
1207 630 1351 673 regem
1393 614 1640 659 creemus?”
1671 614 1782 658 Tum
1814 614 1924 658 clam

340 704 439 746 rege
471 690 654 732 sortibus
686 687 773 730 illis
801 688 903 730 haec
928 687 1181 730 addebatur:
1217 686 1482 737 „Aleuamne
1509 699 1702 729 creemus
1726 683 1924 742 regem?’'

341 760 454 817 Ergo
487 760 686 811 φρύκτους
720 762 794 812 (sc.
830 758 1031 809 κυάμους)
1063 757 1132 800 hio
1164 758 1313 799 δέλτων
1345 757 1471 799 habet
1505 758 1607 799 vim.

402 831 541 886 Atque
569 830 671 872 haec
698 830 884 872 narratio
905 827 1135 870 Plutarcho
1153 819 1399 870 facultatem
1418 817 1590 883 praebet
1605 825 1925 871 demonstrandi

341 915 417 943 cur
457 914 539 943 non
580 899 706 942 liceat
749 913 847 942 suos
891 899 963 941 sed
1003 898 1131 941 liceat
1160 898 1302 941 fratris
1335 897 1443 941 filios
1474 897 1671 940 laudare:
1703 897 1815 940 zone?
1841 895 1925 948 γάρ

341 987 408 1020 μοι
442 972 509 1013 καὶ
544 971 721 1020 τοῦνομα
755 974 889 1016 καλῶς
923 971 1172 1020 ὑφηγεῖσθαι
1205 971 1362 1012 etenim
1396 972 1458 1011 est
1487 1001 1496 1011 .
1517 1000 1527 1011 .
1548 999 1558 1010 .
1577 999 1587 1010 .
1615 969 1714 1010 θεῖον
1745 968 1794 1011 ὥς
1824 968 1926 1016 ἄλη-

343 1044 428 1087 θῶς.
462 1041 661 1084 Eiusdem
696 1041 806 1084 illud
832 1045 896 1083 est
923 1043 996 1096 qui
1023 1040 1267 1083 concordiae
1293 1039 1516 1082 admoneat
1541 1026 1796 1095 argumento
1823 1044 1926 1080 neus

344 1114 512 1154 Μουσῶν
545 1114 714 1154 nomine
746 1117 822 1154 τῶν
853 1112 951 1162 ὁμοῦ
985 1112 1119 1153 οὐσῶν.
