2002 3372
1070 216 1156 260 232

323 341 436 384 domi
470 354 637 383 manere
669 339 736 382 vel
767 353 939 395 peregre
971 339 1159 382 versari''
1192 338 1301 382 clare
1328 344 1370 382 et
1395 338 1532 395 lepide
1560 338 1753 396 depingit
1779 339 1900 382 uobis

323 427 406 468 qua
445 414 607 454 ratione
648 410 765 452 illius
806 411 955 452 aetatis
996 409 1238 467 philosophi
1271 414 1406 453 artem
1437 423 1559 452 suam
1591 423 1781 453 exercere
1811 411 1900 454 sint

324 482 452 525 soliti.
493 481 538 524 Si
579 480 680 523 licet
711 479 839 536 paulo
872 479 1134 523 familiariori
1165 495 1356 523 sermone
1387 481 1455 523 hic
1485 481 1553 522 uti
1584 505 1638 512 —
1673 495 1753 524 non
1787 480 1901 537 quod

324 553 488 595 debitae
521 554 601 594 sim
633 552 894 594 reverentiae
924 553 1152 594 immemor
1180 551 1225 594 id
1258 551 1377 604 facio,
1409 550 1482 593 sed
1513 565 1596 608 quo
1625 550 1781 594 melius
1809 553 1904 608 ipsa

325 637 390 665 res
431 626 707 679 cognoscatur
746 635 825 664 -:
868 621 997 664 frater
1036 623 1169 665 maior
1201 621 1361 664 Romae
1393 622 1612 679 negotium
1644 621 1831 665 condidit
1861 625 1904 664 et

327 692 550 749 diligentia
576 707 652 735 sua
679 697 804 748 atque
831 706 974 734 rerum
1000 706 1082 734 usu
1109 691 1245 735 effecit
1271 697 1320 734 ut
1346 691 1514 735 floreret
1538 690 1646 735 illud
1672 695 1717 736 et
1743 691 1904 736 multos

327 764 519 805 homines
560 764 642 805 sibi
683 767 844 806 teneret
886 763 1123 815 devinctos3
1153 762 1239 813 'sed
1279 764 1367 805 iam
1408 762 1526 806 dives
1556 777 1628 806 rus
1660 764 1903 808 habitatum

329 834 519 877 concedit
559 836 864 891 negotiumque
905 833 1140 890 gerendum
1179 834 1299 876 fratri
1331 832 1544 890 relinquit,
1578 836 1651 891 qui
1682 849 1793 879 nunc
1824 837 1906 879 sibi

327 905 425 947 inde
458 907 621 947 victum
654 907 818 961 quaerit
851 905 953 947 dum
986 910 1128 947 tamen
1158 906 1302 960 ipsum
1334 906 1555 961 negotium
1589 906 1680 948 eius
1711 907 1786 963 qui
1815 921 1908 950 con-

330 976 437 1018 didit
478 977 648 1018 uomine
689 975 892 1032 appellari
935 977 1091 1033 pergit,
1133 975 1211 1018 hoc
1253 976 1367 1017 enim
1399 977 1672 1032 praecipuum
1713 979 1806 1021 eius
1845 982 1909 1021 est

332 1051 642 1089 ornamentum.

391 1121 457 1159 An
500 1132 652 1174 parum
696 1117 875 1174 dignum
918 1117 995 1160 hoc
1037 1116 1282 1173 exemplum
1323 1131 1368 1159 re
1409 1116 1459 1159 de
1498 1131 1580 1173 qua
1610 1117 1774 1175 igitur?
1804 1119 1911 1163 Utar

330 1187 427 1240 alio,
461 1190 603 1230 minus
635 1188 805 1244 quidem
838 1187 1092 1245 pervulgato
1124 1187 1194 1230 sed
1228 1187 1339 1244 quod
1371 1189 1567 1244 proprius
1597 1189 1650 1232 ab
1678 1188 1755 1232 illa
1779 1190 1910 1234 abest.

330 1258 475 1301 Frater
503 1260 638 1301 maior
662 1260 705 1300 in
733 1273 890 1315 magna
916 1258 1058 1315 aliqua
1085 1258 1272 1301 consedit
1298 1258 1402 1300 urbe
1429 1258 1480 1300 ad
1508 1265 1672 1302 certum
1699 1260 1910 1316 quoddam

331 1331 468 1373 morbi
507 1344 643 1387 genus
675 1330 931 1382 curandum
966 1330 1073 1373 favit
1105 1331 1143 1371 ei
1176 1328 1467 1385 Aesculapius,
1500 1331 1546 1371 in
1577 1330 1665 1373 dies
1697 1332 1833 1374 maior
1857 1331 1909 1374 ad

331 1416 429 1444 eum
463 1403 636 1444 accessit
668 1414 892 1457 aegrorum
925 1415 1126 1443 numerus
1158 1401 1219 1442 ita
1250 1405 1298 1442 ut
1330 1399 1499 1442 tandem
1533 1400 1759 1458 aliquando
1788 1401 1909 1445 aedes

331 1474 421 1515 eius
448 1473 677 1514 nosocomii
701 1473 834 1514 instar
859 1471 993 1514 factae
1020 1473 1126 1522 sint3
1157 1475 1252 1527 post
1279 1470 1440 1527 aliquot
1466 1485 1594 1514 annos
1618 1486 1643 1515 a
1667 1472 1909 1529 quotidiano

330 1542 407 1585 illo
449 1542 591 1585 labore
633 1557 676 1584 se
717 1542 954 1594 abdicavit3
987 1542 1129 1593 frater,
1164 1556 1246 1597 quo
1278 1543 1366 1584 iam
1398 1541 1536 1584 multo
1567 1547 1690 1586 autea
1719 1543 1910 1587 adiutore

331 1615 396 1656 uti
428 1614 578 1669 coepit,
610 1614 774 1669 negotii
805 1627 949 1655 curam
983 1614 1027 1654 in
1055 1627 1097 1655 se
1126 1613 1288 1669 recipit,
1316 1616 1459 1655 tamen
1486 1614 1776 1656 nosocomium
1800 1612 1910 1657 illud

331 1698 485 1727 nomen
527 1698 667 1734 suum,
710 1683 823 1739 quod
865 1698 889 1726 a
930 1683 1142 1739 praeclaro
1180 1682 1256 1725 illo
1289 1685 1446 1739 accepit
1479 1683 1708 1735 conditore,
1741 1685 1909 1736 retinet,

331 1759 386 1805 et,
420 1756 456 1797 si
486 1756 660 1811 gravior
691 1754 845 1810 aliquis
877 1754 1025 1796 incidit
1053 1767 1188 1803 casus,
1216 1758 1388 1810 paratus
1414 1753 1488 1796 ille
1515 1758 1578 1797 est
1605 1754 1658 1797 ad
1683 1754 1909 1798 consilium

332 1826 531 1869 dandum.
565 1825 661 1868 Non
692 1823 755 1867 est
786 1839 912 1881 quare
945 1825 1110 1867 dubitet
1141 1839 1267 1881 aeger
1298 1825 1522 1881 quisquam
1551 1824 1602 1867 ad
1627 1839 1908 1869 successorem

330 1897 456 1939 illum
489 1910 532 1939 se
563 1895 767 1939 conferre:
803 1895 948 1938 eadem
981 1909 1147 1952 semper
1172 1896 1233 1937 ibi
1259 1899 1323 1937 est
1346 1895 1520 1937 curandi
1547 1897 1654 1939 ratio
1680 1899 1735 1948 et,
1763 1897 1798 1939 si
1824 1910 1910 1940 non

331 1982 513 2024 corpore,
546 1969 687 2010 animo
719 1980 885 2023 semper
916 1966 1034 2009 adest
1064 1968 1178 2022 prior
1209 1966 1418 2009 dominus.

391 2039 454 2081 En
497 2037 741 2094 exemplum
773 2039 834 2080 rei
863 2039 946 2093 ipsi
979 2051 1106 2093 quam
1138 2038 1323 2079 maxime
1356 2037 1736 2080 accommodatum.
1778 2037 1908 2082 Leve-

330 2111 468 2166 quius,
511 2123 609 2151 cum
651 2109 835 2150 mentium
878 2108 1064 2150 medicum
1106 2107 1385 2151 Plutarchum
1425 2107 1668 2163 appellaret,
1702 2121 1780 2151 acu
1810 2123 1904 2152 eam

329 2182 497 2237 tetegit.
531 2180 625 2222 Non
657 2181 893 2222 ornamenti
917 2182 1087 2221 tantum
1113 2180 1252 2236 gratia
1279 2179 1356 2221 1100
1382 2178 1612 2221 Plutarcho
1637 2192 1791 2222 nomen
1817 2179 1907 2222 dari

330 2265 463 2307 posse,
507 2250 578 2293 sed
620 2254 776 2301 totum,
820 2264 901 2306 quo
932 2249 1005 2291 ille
1037 2250 1309 2307 fungebatur,
1342 2248 1528 2292 laborem
1561 2248 1832 2292 simillimum
1867 2252 1907 2292 ei

329 2323 456 2364 fuisse
497 2335 579 2378 quo
621 2322 697 2364 hac
729 2324 865 2364 aetate
896 2335 1119 2377 corporum
1152 2321 1392 2377 funguntur
1421 2319 1574 2363 medici
1606 2333 1704 2362 mox
1736 2319 1904 2363 demon-

329 2393 482 2444 strabo,
510 2393 644 2434 immo
673 2406 770 2435 vero
797 2391 942 2434 tabula
970 2391 1152 2448 quadam
1180 2393 1391 2447 proposita
1417 2391 1649 2435 ostendam.
1681 2389 1764 2434 Sed
1788 2392 1907 2448 prius

328 2477 461 2520 pauca
503 2463 707 2519 quaedam
750 2463 887 2505 dicam
928 2463 977 2505 de
1020 2464 1182 2505 ratione
1225 2476 1331 2519 quae
1373 2463 1484 2504 inter
1514 2452 1793 2504 Plutarchum
1824 2462 1906 2505 fra-

327 2540 519 2590 tremque
561 2538 602 2576 et
643 2533 797 2576 liberos
838 2535 929 2576 eius
969 2535 1218 2584 intercessit,
1263 2532 1355 2575 loco
1397 2546 1500 2575 usus
1533 2533 1604 2588 qui
1637 2533 1807 2589 egregie
1838 2531 1905 2575 de-

326 2608 533 2647 monstrat
573 2604 676 2646 duas
717 2605 760 2646 in
804 2603 1031 2646 Plutarcho
1073 2604 1204 2646 fuisse
1248 2604 1493 2660 praecipuas
1537 2603 1718 2646 virtutes
1749 2603 1904 2659 quibus

326 2677 536 2718 mentium
579 2674 766 2717 medicus
807 2689 976 2731 prorsus
1018 2688 1156 2718 carere
1197 2688 1279 2717 non
1319 2675 1474 2730 possit:
1521 2687 1646 2716 usum
1679 2673 1902 2717 hominum

328 2745 419 2788 dico
450 2749 492 2787 et
523 2746 656 2787 animi
688 2744 971 2788 clementiam.

387 2815 607 2867 Quondam
647 2818 808 2858 amicus
851 2815 1024 2872 quidam
1067 2816 1205 2858 senior
1245 2815 1353 2857 mihi
1393 2815 1581 2857 narravit
1626 2813 1676 2856 de
1717 2807 1901 2870 quodam

327 2899 401 2928 suo
443 2887 577 2927 amico
619 2887 783 2936 seniori,
821 2887 894 2941 qui
936 2887 980 2928 in
1023 2900 1066 2928 re
1107 2886 1363 2942 gravissima
1405 2885 1545 2927 verbis
1585 2898 1688 2927 usus
1719 2888 1828 2927 esset
1858 2889 1902 2928 et

327 2956 667 3011 prudentissimis
698 2961 740 2998 et
771 2957 822 2999 ad
853 2958 1075 2999 hominum
1108 2958 1272 2999 animos
1299 2955 1626 3000 commovendos
1653 2957 1898 3012 aptissimis.
