<?xml version="1.0" encoding="UTF-8"?>
<!DOCTYPE html PUBLIC "-//W3C//DTD XHTML 1.0 Transitional//EN"
    "http://www.w3.org/TR/xhtml1/DTD/xhtml1-transitional.dtd">
<html xmlns="http://www.w3.org/1999/xhtml" xml:lang="en" lang="en">
 <head>
  <title>
</title>
<meta http-equiv="Content-Type" content="text/html;charset=utf-8" />
  <meta name='ocr-system' content='tesseract 3.04.00' />
  <meta name='ocr-capabilities' content='ocr_page ocr_carea ocr_par ocr_line ocrx_word'/>
</head>
<body>
  <div class='ocr_page' id='page_1' title='image "./deplutarchoscrip00hartuoft_0377.png"; bbox 0 0 2002 3372; ppageno 0'>
   <div class='ocr_carea' id='block_1_1' title="bbox 877 269 963 313">
    <p class='ocr_par' dir='ltr' id='par_1_1' title="bbox 877 269 963 313">
     <span class='ocr_line' id='line_1_1' title="bbox 877 269 963 313; baseline -0.012 0"><span class='ocrx_word' id='word_1_1' title='bbox 877 269 963 313; x_wconf 82' lang='lat'>361</span> 
     </span>
    </p>
   </div>
   <div class='ocr_carea' id='block_1_2' title="bbox 116 391 1720 954">
    <p class='ocr_par' dir='ltr' id='par_1_2' title="bbox 116 391 1720 743">
     <span class='ocr_line' id='line_1_2' title="bbox 116 391 1720 449; baseline -0.006 -6"><span class='ocrx_word' id='word_1_2' title='bbox 116 416 121 436; x_wconf 72' lang='lat' dir='ltr'>z</span> <span class='ocrx_word' id='word_1_3' title='bbox 172 397 333 443; x_wconf 61' lang='lat' dir='ltr'>⁵84AE</span> <span class='ocrx_word' id='word_1_4' title='bbox 369 396 447 449; x_wconf 73' lang='lat' dir='ltr'>„Si</span> <span class='ocrx_word' id='word_1_5' title='bbox 481 409 603 440; x_wconf 87' lang='lat' dir='ltr'>arma</span> <span class='ocrx_word' id='word_1_6' title='bbox 641 395 762 438; x_wconf 88' lang='lat' dir='ltr'>nobis</span> <span class='ocrx_word' id='word_1_7' title='bbox 802 393 999 438; x_wconf 81' lang='lat' dir='ltr'>afferres&#39;’</span> <span class='ocrx_word' id='word_1_8' title='bbox 1035 393 1101 436; x_wconf 87' lang='lat' dir='ltr'>his</span> <span class='ocrx_word' id='word_1_9' title='bbox 1136 393 1275 437; x_wconf 87' lang='lat' dir='ltr'>verbis</span> <span class='ocrx_word' id='word_1_10' title='bbox 1307 391 1416 436; x_wconf 87' lang='lat' dir='ltr'>dona</span> <span class='ocrx_word' id='word_1_11' title='bbox 1446 391 1525 435; x_wconf 85' lang='lat' dir='ltr'>illa</span> <span class='ocrx_word' id='word_1_12' title='bbox 1555 393 1720 449; x_wconf 86' lang='lat' dir='ltr'>respuit</span> 
     </span>
     <span class='ocr_line' id='line_1_3' title="bbox 118 464 1717 528; baseline -0.006 -12"><span class='ocrx_word' id='word_1_13' title='bbox 118 469 355 528; x_wconf 54' lang='lat' dir='ltr'>Polymnii&amp;</span> <span class='ocrx_word' id='word_1_14' title='bbox 373 472 626 524; x_wconf 84' lang='lat' dir='ltr'>„tamquam</span> <span class='ocrx_word' id='word_1_15' title='bbox 651 464 816 509; x_wconf 88' lang='lat' dir='ltr'>bellum</span> <span class='ocrx_word' id='word_1_16' title='bbox 841 464 1104 522; x_wconf 79' lang='lat' dir='ltr'>gerentibus,</span> <span class='ocrx_word' id='word_1_17' title='bbox 1133 469 1176 508; x_wconf 89' lang='lat' dir='ltr'>et</span> <span class='ocrx_word' id='word_1_18' title='bbox 1201 466 1247 507; x_wconf 90' lang='lat' dir='ltr'>in</span> <span class='ocrx_word' id='word_1_19' title='bbox 1273 477 1444 507; x_wconf 87' lang='lat' dir='ltr'>summa</span> <span class='ocrx_word' id='word_1_20' title='bbox 1471 477 1547 506; x_wconf 90' lang='lat' dir='ltr'>nos</span> <span class='ocrx_word' id='word_1_21' title='bbox 1571 464 1717 507; x_wconf 85' lang='lat' dir='ltr'>vivere</span> 
     </span>
     <span class='ocr_line' id='line_1_4' title="bbox 119 535 1717 599; baseline -0.004 -14"><span class='ocrx_word' id='word_1_22' title='bbox 119 555 223 599; x_wconf 85' lang='lat' dir='ltr'>pace</span> <span class='ocrx_word' id='word_1_23' title='bbox 262 553 551 597; x_wconf 79' lang='lat' dir='ltr'>cognosceres,</span> <span class='ocrx_word' id='word_1_24' title='bbox 594 552 679 582; x_wconf 91' lang='lat' dir='ltr'>non</span> <span class='ocrx_word' id='word_1_25' title='bbox 719 536 796 580; x_wconf 86' lang='lat' dir='ltr'>illa</span> <span class='ocrx_word' id='word_1_26' title='bbox 837 537 959 580; x_wconf 89' lang='lat' dir='ltr'>nobis</span> <span class='ocrx_word' id='word_1_27' title='bbox 1002 536 1276 593; x_wconf 80' lang='lat' dir='ltr'><strong>relinqueres.</strong></span> <span class='ocrx_word' id='word_1_28' title='bbox 1318 535 1444 579; x_wconf 90' lang='lat' dir='ltr'>Nunc</span> <span class='ocrx_word' id='word_1_29' title='bbox 1475 549 1577 579; x_wconf 85' lang='lat' dir='ltr'>vero</span> <span class='ocrx_word' id='word_1_30' title='bbox 1618 548 1717 578; x_wconf 92' lang='lat' dir='ltr'>cum</span> 
     </span>
     <span class='ocr_line' id='line_1_5' title="bbox 117 607 1718 671; baseline -0.004 -15"><span class='ocrx_word' id='word_1_31' title='bbox 117 612 273 671; x_wconf 68' lang='lat' dir='ltr'>opibus</span> <span class='ocrx_word' id='word_1_32' title='bbox 297 611 439 656; x_wconf 70' lang='lat' dir='ltr'>¹venis</span> <span class='ocrx_word' id='word_1_33' title='bbox 478 611 620 654; x_wconf 87' lang='lat' dir='ltr'>socius</span> <span class='ocrx_word' id='word_1_34' title='bbox 659 609 831 652; x_wconf 82' lang='lat' dir='ltr'>futurus</span> <span class='ocrx_word' id='word_1_35' title='bbox 861 609 905 651; x_wconf 89' lang='lat' dir='ltr'>in</span> <span class='ocrx_word' id='word_1_36' title='bbox 938 607 1050 651; x_wconf 90' lang='lat' dir='ltr'>bello</span> <span class='ocrx_word' id='word_1_37' title='bbox 1082 607 1197 664; x_wconf 91' lang='lat' dir='ltr'>quod</span> <span class='ocrx_word' id='word_1_38' title='bbox 1228 621 1328 651; x_wconf 87' lang='lat' dir='ltr'>oum</span> <span class='ocrx_word' id='word_1_39' title='bbox 1359 610 1612 665; x_wconf 86' lang='lat' dir='ltr'>paupertate</span> <span class='ocrx_word' id='word_1_40' title='bbox 1642 620 1718 650; x_wconf 83' lang='lat' dir='ltr'>nos</span> 
     </span>
     <span class='ocr_line' id='line_1_6' title="bbox 117 678 1328 743; baseline -0.006 -15"><span class='ocrx_word' id='word_1_41' title='bbox 117 682 529 743; x_wconf 66' lang='lat' dir='ltr'>gerere-auspicaris</span> <span class='ocrx_word' id='word_1_42' title='bbox 542 695 555 735; x_wconf 86' lang='lat'>;</span> <span class='ocrx_word' id='word_1_43' title='bbox 585 684 630 726; x_wconf 86' lang='lat' dir='ltr'>at</span> <span class='ocrx_word' id='word_1_44' title='bbox 662 694 762 724; x_wconf 86' lang='lat' dir='ltr'>cum</span> <span class='ocrx_word' id='word_1_45' title='bbox 794 678 871 723; x_wconf 84' lang='lat' dir='ltr'>illa</span> <span class='ocrx_word' id='word_1_46' title='bbox 902 680 1094 723; x_wconf 86' lang='lat' dir='ltr'>vivimus</span> <span class='ocrx_word' id='word_1_47' title='bbox 1125 681 1170 722; x_wconf 91' lang='lat' dir='ltr'>in</span> <span class='ocrx_word' id='word_1_48' title='bbox 1203 692 1328 736; x_wconf 86' lang='lat' dir='ltr'>pace:</span> 
     </span>
    </p>

    <p class='ocr_par' dir='ltr' id='par_1_3' title="bbox 116 749 1717 954">
     <span class='ocr_line' id='line_1_7' title="bbox 148 749 1630 808; baseline -0.003 -9"><span class='ocrx_word' id='word_1_49' title='bbox 148 754 319 799; x_wconf 61' lang='grc' dir='ltr'>»οὔκουν</span> <span class='ocrx_word' id='word_1_50' title='bbox 347 751 690 808; x_wconf 54' lang='grc' dir='ltr'>θεῖ’[χρημῶτων</span> <span class='ocrx_word' id='word_1_51' title='bbox 722 752 823 808; x_wconf 73' lang='grc' dir='ltr'><strong><em>οὐδ’]</em></strong></span> <span class='ocrx_word' id='word_1_52' title='bbox 854 749 990 794; x_wconf 73' lang='grc' dir='ltr'><strong><em>ὅπλων</em></strong></span> <span class='ocrx_word' id='word_1_53' title='bbox 1023 751 1088 794; x_wconf 77' lang='grc' dir='ltr'>ἐπ’</span> <span class='ocrx_word' id='word_1_54' title='bbox 1119 752 1251 800; x_wconf 69' lang='grc' dir='ltr'><strong><em>αὐτὴν</em></strong></span> <span class='ocrx_word' id='word_1_55' title='bbox 1281 750 1408 802; x_wconf 67' lang='grc' dir='ltr'><strong><em>μηδὲν</em></strong></span> <span class='ocrx_word' id='word_1_56' title='bbox 1438 752 1630 794; x_wconf 74' lang='grc' dir='ltr'><strong><em>α’νιῖόσαν.</em></strong></span> 
     </span>
     <span class='ocr_line' id='line_1_8' title="bbox 119 822 1717 884; baseline -0.004 -13"><span class='ocrx_word' id='word_1_57' title='bbox 119 827 412 884; x_wconf 74' lang='lat' dir='ltr'>Quisquamne</span> <span class='ocrx_word' id='word_1_58' title='bbox 441 824 547 869; x_wconf 76' lang='lat' dir='ltr'>adso</span> <span class='ocrx_word' id='word_1_59' title='bbox 578 825 724 868; x_wconf 87' lang='lat' dir='ltr'>hiatus</span> <span class='ocrx_word' id='word_1_60' title='bbox 756 825 804 866; x_wconf 89' lang='lat' dir='ltr'>in</span> <span class='ocrx_word' id='word_1_61' title='bbox 839 827 960 868; x_wconf 84' lang='lat' dir='ltr'>textu</span> <span class='ocrx_word' id='word_1_62' title='bbox 994 822 1219 866; x_wconf 79' lang='lat' dir='ltr'><strong>Plutarchi</strong></span> <span class='ocrx_word' id='word_1_63' title='bbox 1249 822 1542 866; x_wconf 80' lang='lat' dir='ltr'>reformidabit</span> <span class='ocrx_word' id='word_1_64' title='bbox 1573 826 1624 866; x_wconf 87' lang='lat' dir='ltr'>ut</span> <span class='ocrx_word' id='word_1_65' title='bbox 1654 824 1717 865; x_wconf 91' lang='lat' dir='ltr'>in-</span> 
     </span>
     <span class='ocr_line' id='line_1_9' title="bbox 116 893 1717 954; baseline -0.004 -11"><span class='ocrx_word' id='word_1_66' title='bbox 116 897 241 943; x_wconf 67' lang='lat' dir='ltr'>dust</span> <span class='ocrx_word' id='word_1_67' title='bbox 266 895 492 942; x_wconf 77' lang='lat' dir='ltr'>defendere</span> <span class='ocrx_word' id='word_1_68' title='bbox 515 894 680 954; x_wconf 74' lang='lat' dir='ltr'>possit?</span> <span class='ocrx_word' id='word_1_69' title='bbox 711 895 825 940; x_wconf 83' lang='lat' dir='ltr'>Sunt</span> <span class='ocrx_word' id='word_1_70' title='bbox 849 896 964 939; x_wconf 87' lang='lat' dir='ltr'>enim</span> <span class='ocrx_word' id='word_1_71' title='bbox 991 896 1297 953; x_wconf 86' lang='lat' dir='ltr'>turpissimum</span> <span class='ocrx_word' id='word_1_72' title='bbox 1325 893 1606 951; x_wconf 80' lang='lat' dir='ltr'>pulcherrimi</span> <span class='ocrx_word' id='word_1_73' title='bbox 1633 893 1717 938; x_wconf 85' lang='lat' dir='ltr'>loci</span> 
     </span>
    </p>
   </div>
   <div class='ocr_carea' id='block_1_3' title="bbox 42 969 564 1034">
    <p class='ocr_par' dir='ltr' id='par_1_4' title="bbox 42 969 564 1034">
     <span class='ocr_line' id='line_1_10' title="bbox 42 969 564 1034; baseline -0.008 -19"><span class='ocrx_word' id='word_1_74' title='bbox 42 1031 43 1034; x_wconf 8' lang='grc' dir='ltr'><strong>Ἴ</strong></span> <span class='ocrx_word' id='word_1_75' title='bbox 112 969 564 1014; x_wconf 64' lang='lat' dir='ltr'>dehonestamentum.</span> 
     </span>
    </p>
   </div>
   <div class='ocr_carea' id='block_1_4' title="bbox 117 1113 1718 1312">
    <p class='ocr_par' dir='ltr' id='par_1_5' title="bbox 117 1113 1718 1312">
     <span class='ocr_line' id='line_1_11' title="bbox 180 1113 1718 1173; baseline -0.001 -13"><span class='ocrx_word' id='word_1_76' title='bbox 180 1114 316 1160; x_wconf 76' lang='lat' dir='ltr'>584ss</span> <span class='ocrx_word' id='word_1_77' title='bbox 345 1114 461 1159; x_wconf 89' lang='lat' dir='ltr'>Olim</span> <span class='ocrx_word' id='word_1_78' title='bbox 489 1129 643 1173; x_wconf 85' lang='lat' dir='ltr'>parum</span> <span class='ocrx_word' id='word_1_79' title='bbox 670 1115 828 1158; x_wconf 84' lang='lat' dir='ltr'>urbane</span> <span class='ocrx_word' id='word_1_80' title='bbox 843 1114 1161 1172; x_wconf 82' lang='lat' dir='ltr'>Epaminondas</span> <span class='ocrx_word' id='word_1_81' title='bbox 1178 1113 1317 1158; x_wconf 85' lang='lat' dir='ltr'>Iasoni</span> <span class='ocrx_word' id='word_1_82' title='bbox 1332 1114 1535 1158; x_wconf 80' lang='lat' dir='ltr'>Thessalo</span> <span class='ocrx_word' id='word_1_83' title='bbox 1551 1129 1718 1172; x_wconf 84' lang='lat' dir='ltr'>respon-</span> 
     </span>
     <span class='ocr_line' id='line_1_12' title="bbox 117 1186 1345 1244; baseline -0.002 -13"><span class='ocrx_word' id='word_1_84' title='bbox 117 1186 183 1231; x_wconf 74' lang='lat' dir='ltr'>dit</span> <span class='ocrx_word' id='word_1_85' title='bbox 214 1187 323 1232; x_wconf 89' lang='lat' dir='ltr'>dona</span> <span class='ocrx_word' id='word_1_86' title='bbox 356 1186 562 1231; x_wconf 83' lang='lat' dir='ltr'>offerenti.</span> <span class='ocrx_word' id='word_1_87' title='bbox 594 1186 720 1230; x_wconf 90' lang='lat' dir='ltr'>Nunc</span> <span class='ocrx_word' id='word_1_88' title='bbox 752 1186 803 1230; x_wconf 94' lang='lat' dir='ltr'>ab</span> <span class='ocrx_word' id='word_1_89' title='bbox 837 1201 885 1230; x_wconf 90' lang='lat' dir='ltr'>eo</span> <span class='ocrx_word' id='word_1_90' title='bbox 918 1186 998 1230; x_wconf 93' lang='lat' dir='ltr'>hoc</span> <span class='ocrx_word' id='word_1_91' title='bbox 1029 1188 1140 1244; x_wconf 86' lang='lat' dir='ltr'>petit</span> <span class='ocrx_word' id='word_1_92' title='bbox 1170 1187 1345 1242; x_wconf 82' lang='lat' dir='ltr'>hospes:</span> 
     </span>
     <span class='ocr_line' id='line_1_13' title="bbox 143 1257 1717 1312; baseline -0.001 -10"><span class='ocrx_word' id='word_1_93' title='bbox 143 1284 145 1297; x_wconf 45' lang='grc' dir='ltr'><strong><em>ι</em></strong></span> <span class='ocrx_word' id='word_1_94' title='bbox 170 1257 399 1312; x_wconf 58' lang='grc' dir='ltr'><strong><em>πραότερον</em></strong></span> <span class='ocrx_word' id='word_1_95' title='bbox 425 1291 437 1302; x_wconf 88' lang='grc'><strong>.</strong></span> <span class='ocrx_word' id='word_1_96' title='bbox 457 1289 467 1302; x_wconf 92' lang='grc'><strong>.</strong></span> <span class='ocrx_word' id='word_1_97' title='bbox 489 1290 500 1302; x_wconf 93' lang='grc'><strong>.</strong></span> <span class='ocrx_word' id='word_1_98' title='bbox 521 1291 531 1302; x_wconf 93' lang='grc'><strong>.</strong></span> <span class='ocrx_word' id='word_1_99' title='bbox 559 1260 658 1310; x_wconf 70' lang='grc' dir='ltr'>ἡμῖν</span> <span class='ocrx_word' id='word_1_100' title='bbox 689 1257 712 1308; x_wconf 81' lang='grc' dir='ltr'>ἢ</span> <span class='ocrx_word' id='word_1_101' title='bbox 745 1260 802 1312; x_wconf 79' lang='grc' dir='ltr'>τῷ</span> <span class='ocrx_word' id='word_1_102' title='bbox 835 1259 1039 1312; x_wconf 77' lang='grc' dir='ltr'><strong><em>Θετταλῷ</em></strong></span> <span class='ocrx_word' id='word_1_103' title='bbox 1072 1258 1171 1312; x_wconf 77' lang='grc' dir='ltr'>πρὸς</span> <span class='ocrx_word' id='word_1_104' title='bbox 1198 1258 1278 1306; x_wconf 72' lang='grc' dir='ltr'>τὰς</span> <span class='ocrx_word' id='word_1_105' title='bbox 1306 1257 1543 1312; x_wconf 71' lang='grc' dir='ltr'><strong><em>ἀποκρίσεις</em></strong></span> <span class='ocrx_word' id='word_1_106' title='bbox 1569 1257 1717 1302; x_wconf 70' lang='grc' dir='ltr'>ἐνδίδου</span> 
     </span>
    </p>
   </div>
   <div class='ocr_carea' id='block_1_5' title="bbox 35 1329 598 1383">
    <p class='ocr_par' dir='ltr' id='par_1_6' title="bbox 35 1329 598 1383">
     <span class='ocr_line' id='line_1_14' title="bbox 35 1329 598 1383; baseline -0.002 -9"><span class='ocrx_word' id='word_1_107' title='bbox 35 1343 37 1345; x_wconf 90' lang='grc'><strong><em>·</em></strong></span> <span class='ocrx_word' id='word_1_108' title='bbox 116 1329 269 1375; x_wconf 71' lang='grc' dir='ltr'><strong><em>σαυτὸν</em></strong></span> <span class='ocrx_word' id='word_1_109' title='bbox 291 1330 401 1383; x_wconf 54' lang='lat' dir='ltr'>‘fitia</span> <span class='ocrx_word' id='word_1_110' title='bbox 430 1329 598 1374; x_wconf 78' lang='grc' dir='ltr'><strong><em>τούτων.</em></strong></span> 
     </span>
    </p>
   </div>
   <div class='ocr_carea' id='block_1_6' title="bbox 0 0 103 3372">
    <p class='ocr_par' dir='ltr' id='par_1_7' title="bbox 0 0 103 3372">
     <span class='ocr_line' id='line_1_15' title="bbox 0 0 103 3372; baseline 0 0"><span class='ocrx_word' id='word_1_111' title='bbox 0 0 103 3372; x_wconf 95' lang='lat' dir='ltr'> </span> 
     </span>
    </p>
   </div>
   <div class='ocr_carea' id='block_1_7' title="bbox 114 1400 1718 1662">
    <p class='ocr_par' dir='ltr' id='par_1_8' title="bbox 114 1400 1718 1662">
     <span class='ocr_line' id='line_1_16' title="bbox 115 1400 1717 1460; baseline 0 -13"><span class='ocrx_word' id='word_1_112' title='bbox 115 1402 316 1446; x_wconf 74' lang='grc' dir='ltr'><strong><em>Ρτίιιιυιιι</em></strong></span> <span class='ocrx_word' id='word_1_113' title='bbox 347 1400 607 1447; x_wconf 82' lang='lat' dir='ltr'>vocabulum</span> <span class='ocrx_word' id='word_1_114' title='bbox 638 1402 1007 1459; x_wconf 86' lang='lat' dir='ltr'>praestantissima</span> <span class='ocrx_word' id='word_1_115' title='bbox 1037 1405 1100 1445; x_wconf 89' lang='lat' dir='ltr'>est</span> <span class='ocrx_word' id='word_1_116' title='bbox 1129 1401 1451 1460; x_wconf 84' lang='lat' dir='ltr'>Wyttenbachii</span> <span class='ocrx_word' id='word_1_117' title='bbox 1477 1402 1717 1447; x_wconf 80' lang='lat' dir='ltr'>emendatio</span> 
     </span>
     <span class='ocr_line' id='line_1_17' title="bbox 116 1472 1717 1531; baseline 0 -14"><span class='ocrx_word' id='word_1_118' title='bbox 116 1487 192 1531; x_wconf 85' lang='lat' dir='ltr'>pro</span> <span class='ocrx_word' id='word_1_119' title='bbox 236 1473 440 1527; x_wconf 68' lang='grc' dir='ltr'><strong><em>πρότερον.</em></strong></span> <span class='ocrx_word' id='word_1_120' title='bbox 482 1472 566 1516; x_wconf 84' lang='lat' dir='ltr'>Sed</span> <span class='ocrx_word' id='word_1_121' title='bbox 607 1487 719 1516; x_wconf 89' lang='lat' dir='ltr'>nuuc</span> <span class='ocrx_word' id='word_1_122' title='bbox 761 1472 980 1527; x_wconf 75' lang='grc' dir='ltr'><strong><em>πραότερον</em></strong></span> <span class='ocrx_word' id='word_1_123' title='bbox 1014 1505 1023 1516; x_wconf 94' lang='grc'><em>.</em></span> <span class='ocrx_word' id='word_1_124' title='bbox 1045 1505 1054 1516; x_wconf 91' lang='grc'><strong>.</strong></span> <span class='ocrx_word' id='word_1_125' title='bbox 1074 1505 1084 1515; x_wconf 94' lang='grc'><strong>.</strong></span> <span class='ocrx_word' id='word_1_126' title='bbox 1105 1504 1116 1516; x_wconf 92' lang='grc'><strong>.</strong></span> <span class='ocrx_word' id='word_1_127' title='bbox 1149 1473 1306 1517; x_wconf 75' lang='grc' dir='ltr'>ἐνδίδου</span> <span class='ocrx_word' id='word_1_128' title='bbox 1350 1473 1575 1517; x_wconf 77' lang='lat' dir='ltr'>molestam</span> <span class='ocrx_word' id='word_1_129' title='bbox 1608 1475 1717 1518; x_wconf 90' lang='lat' dir='ltr'>mihi</span> 
     </span>
     <span class='ocr_line' id='line_1_18' title="bbox 114 1543 1718 1605; baseline 0.002 -17"><span class='ocrx_word' id='word_1_130' title='bbox 114 1543 291 1602; x_wconf 71' lang='lat' dir='ltr'>quidem</span> <span class='ocrx_word' id='word_1_131' title='bbox 307 1544 522 1603; x_wconf 64' lang='lat' dir='ltr'>‘praebere</span> <span class='ocrx_word' id='word_1_132' title='bbox 553 1544 727 1588; x_wconf 85' lang='lat' dir='ltr'>videtur</span> <span class='ocrx_word' id='word_1_133' title='bbox 757 1543 1058 1602; x_wconf 80' lang='lat' dir='ltr'>tautologiam.</span> <span class='ocrx_word' id='word_1_134' title='bbox 1092 1544 1358 1604; x_wconf 77' lang='lat' dir='ltr'>Quapropter</span> <span class='ocrx_word' id='word_1_135' title='bbox 1390 1544 1574 1604; x_wconf 81' lang='lat' dir='ltr'>simplex</span> <span class='ocrx_word' id='word_1_136' title='bbox 1602 1560 1718 1605; x_wconf 85' lang='lat' dir='ltr'>prae-</span> 
     </span>
     <span class='ocr_line' id='line_1_19' title="bbox 115 1616 576 1662; baseline 0 -2"><span class='ocrx_word' id='word_1_137' title='bbox 115 1617 205 1661; x_wconf 87' lang='lat' dir='ltr'>fero</span> <span class='ocrx_word' id='word_1_138' title='bbox 238 1616 422 1662; x_wconf 79' lang='lat' dir='ltr'>verbum</span> <span class='ocrx_word' id='word_1_139' title='bbox 453 1616 576 1660; x_wconf 76' lang='grc' dir='ltr'><strong><em>δίδου.</em></strong></span> 
     </span>
    </p>
   </div>
   <div class='ocr_carea' id='block_1_8' title="bbox 113 1757 1717 2321">
    <p class='ocr_par' dir='ltr' id='par_1_9' title="bbox 113 1757 1717 2246">
     <span class='ocr_line' id='line_1_20' title="bbox 143 1757 1717 1818; baseline 0.001 -16"><span class='ocrx_word' id='word_1_140' title='bbox 143 1790 146 1796; x_wconf 89' lang='lat'>.</span> <span class='ocrx_word' id='word_1_141' title='bbox 176 1757 315 1803; x_wconf 57' lang='lat'>5841}</span> <span class='ocrx_word' id='word_1_142' title='bbox 357 1758 508 1812; x_wconf 81' lang='lat' dir='ltr'>„Aliae</span> <span class='ocrx_word' id='word_1_143' title='bbox 539 1759 824 1817; x_wconf 84' lang='lat' dir='ltr'>cupiditates&#39;’</span> <span class='ocrx_word' id='word_1_144' title='bbox 853 1762 914 1803; x_wconf 85' lang='lat' dir='ltr'>sic</span> <span class='ocrx_word' id='word_1_145' title='bbox 939 1762 1220 1805; x_wconf 84' lang='lat' dir='ltr'>ratiocinatur</span> <span class='ocrx_word' id='word_1_146' title='bbox 1244 1761 1559 1818; x_wconf 82' lang='lat' dir='ltr'>Epaminondas</span> <span class='ocrx_word' id='word_1_147' title='bbox 1588 1763 1717 1813; x_wconf 88' lang='lat' dir='ltr'>„sunt</span> 
     </span>
     <span class='ocr_line' id='line_1_21' title="bbox 113 1830 1715 1887; baseline 0.001 -12"><span class='ocrx_word' id='word_1_148' title='bbox 113 1832 284 1875; x_wconf 76' lang='lat' dir='ltr'>innatae</span> <span class='ocrx_word' id='word_1_149' title='bbox 312 1830 560 1886; x_wconf 61' lang='grc' dir='ltr'>(ἔμφυτοι),</span> <span class='ocrx_word' id='word_1_150' title='bbox 606 1830 717 1875; x_wconf 85' lang='lat' dir='ltr'>aliae</span> <span class='ocrx_word' id='word_1_151' title='bbox 762 1831 1027 1875; x_wconf 82' lang='lat' dir='ltr'>adventiciae</span> <span class='ocrx_word' id='word_1_152' title='bbox 1074 1833 1328 1887; x_wconf 77' lang='grc' dir='ltr'>(ἐπήλυδες).</span> <span class='ocrx_word' id='word_1_153' title='bbox 1378 1833 1471 1876; x_wconf 89' lang='lat' dir='ltr'>Illis</span> <span class='ocrx_word' id='word_1_154' title='bbox 1519 1835 1715 1876; x_wconf 83' lang='lat' dir='ltr'>resistere</span> 
     </span>
     <span class='ocr_line' id='line_1_22' title="bbox 114 1902 1714 1963; baseline 0.002 -17"><span class='ocrx_word' id='word_1_155' title='bbox 114 1917 409 1947; x_wconf 78' lang='lat' dir='ltr'>assuescamus</span> <span class='ocrx_word' id='word_1_156' title='bbox 456 1918 541 1961; x_wconf 91' lang='lat' dir='ltr'>quo</span> <span class='ocrx_word' id='word_1_157' title='bbox 588 1902 746 1947; x_wconf 88' lang='lat' dir='ltr'>melius</span> <span class='ocrx_word' id='word_1_158' title='bbox 793 1918 893 1947; x_wconf 92' lang='lat' dir='ltr'>cum</span> <span class='ocrx_word' id='word_1_159' title='bbox 941 1905 1008 1947; x_wconf 89' lang='lat' dir='ltr'>his</span> <span class='ocrx_word' id='word_1_160' title='bbox 1058 1904 1220 1948; x_wconf 85' lang='lat' dir='ltr'>bellum</span> <span class='ocrx_word' id='word_1_161' title='bbox 1265 1920 1413 1963; x_wconf 81' lang='lat' dir='ltr'>gerere</span> <span class='ocrx_word' id='word_1_162' title='bbox 1455 1905 1714 1962; x_wconf 85' lang='lat' dir='ltr'>possimus&#39;&#39;.</span> 
     </span>
     <span class='ocr_line' id='line_1_23' title="bbox 114 1973 1716 2035; baseline 0.001 -17"><span class='ocrx_word' id='word_1_163' title='bbox 114 1973 239 2018; x_wconf 88' lang='lat' dir='ltr'>Nunc</span> <span class='ocrx_word' id='word_1_164' title='bbox 278 1975 390 2018; x_wconf 91' lang='lat' dir='ltr'>miro</span> <span class='ocrx_word' id='word_1_165' title='bbox 431 1976 574 2019; x_wconf 87' lang='lat' dir='ltr'>utitur</span> <span class='ocrx_word' id='word_1_166' title='bbox 615 1974 826 2019; x_wconf 84' lang='lat' dir='ltr'>vocabulo</span> <span class='ocrx_word' id='word_1_167' title='bbox 869 1975 922 2019; x_wconf 87' lang='lat' dir='ltr'>ad</span> <span class='ocrx_word' id='word_1_168' title='bbox 954 1976 1031 2019; x_wconf 88' lang='lat' dir='ltr'>has</span> <span class='ocrx_word' id='word_1_169' title='bbox 1063 1977 1375 2035; x_wconf 83' lang='lat' dir='ltr'>significandas.</span> <span class='ocrx_word' id='word_1_170' title='bbox 1408 1976 1479 2021; x_wconf 85' lang='lat' dir='ltr'>Sic</span> <span class='ocrx_word' id='word_1_171' title='bbox 1511 1978 1626 2020; x_wconf 89' lang='lat' dir='ltr'>enim</span> <span class='ocrx_word' id='word_1_172' title='bbox 1657 1976 1716 2020; x_wconf 94' lang='lat' dir='ltr'>lo-</span> 
     </span>
     <span class='ocr_line' id='line_1_24' title="bbox 114 2047 1715 2105; baseline 0.002 -15"><span class='ocrx_word' id='word_1_173' title='bbox 114 2047 286 2103; x_wconf 86' lang='lat' dir='ltr'>quitur:</span> <span class='ocrx_word' id='word_1_174' title='bbox 330 2049 526 2104; x_wconf 77' lang='lat' dir='ltr'>„oportet</span> <span class='ocrx_word' id='word_1_175' title='bbox 567 2061 643 2090; x_wconf 87' lang='lat' dir='ltr'>nos</span> <span class='ocrx_word' id='word_1_176' title='bbox 684 2061 832 2090; x_wconf 89' lang='lat' dir='ltr'>omnes</span> <span class='ocrx_word' id='word_1_177' title='bbox 875 2049 1002 2100; x_wconf 85' lang='lat' dir='ltr'>vires,</span> <span class='ocrx_word' id='word_1_178' title='bbox 1048 2062 1153 2105; x_wconf 86' lang='lat' dir='ltr'>quas</span> <span class='ocrx_word' id='word_1_179' title='bbox 1195 2051 1496 2093; x_wconf 83' lang='lat' dir='ltr'>exercitatione</span> <span class='ocrx_word' id='word_1_180' title='bbox 1533 2050 1715 2093; x_wconf 85' lang='lat' dir='ltr'>assecuti</span> 
     </span>
     <span class='ocr_line' id='line_1_25' title="bbox 114 2118 1713 2175; baseline 0.002 -15"><span class='ocrx_word' id='word_1_181' title='bbox 114 2131 266 2161; x_wconf 86' lang='lat' dir='ltr'>sumus</span> <span class='ocrx_word' id='word_1_182' title='bbox 281 2122 378 2166; x_wconf 77' lang='grc' dir='ltr'>ταῖς</span> <span class='ocrx_word' id='word_1_183' title='bbox 402 2118 652 2162; x_wconf 72' lang='grc' dir='ltr'>ἐπεισοδί</span> <span class='ocrx_word' id='word_1_184' title='bbox 663 2134 740 2167; x_wconf 81' lang='grc' dir='ltr'>οις</span> <span class='ocrx_word' id='word_1_185' title='bbox 767 2118 837 2162; x_wconf 76' lang='grc' dir='ltr'>καὶ</span> <span class='ocrx_word' id='word_1_186' title='bbox 857 2124 1072 2173; x_wconf 73' lang='grc' dir='ltr'><strong><em>περιτταῖς</em></strong></span> <span class='ocrx_word' id='word_1_187' title='bbox 1089 2121 1446 2175; x_wconf 69' lang='grc' dir='ltr'><strong><em>προσαγαγόντας</em></strong></span> <span class='ocrx_word' id='word_1_188' title='bbox 1463 2120 1713 2173; x_wconf 72' lang='grc' dir='ltr'>ἐπιθυμίαις,</span> 
     </span>
     <span class='ocr_line' id='line_1_26' title="bbox 114 2186 475 2246; baseline 0.003 -14"><span class='ocrx_word' id='word_1_189' title='bbox 114 2186 326 2246; x_wconf 85' lang='lat' dir='ltr'>expellere</span> <span class='ocrx_word' id='word_1_190' title='bbox 339 2214 343 2217; x_wconf 60' lang='grc'><strong><em>«</em></strong></span> <span class='ocrx_word' id='word_1_191' title='bbox 361 2188 475 2233; x_wconf 88' lang='lat' dir='ltr'>eas.&#39;&#39;</span> 
     </span>
    </p>

    <p class='ocr_par' dir='ltr' id='par_1_10' title="bbox 173 2258 1152 2321">
     <span class='ocr_line' id='line_1_27' title="bbox 173 2258 1152 2321; baseline 0.004 -18"><span class='ocrx_word' id='word_1_192' title='bbox 173 2258 325 2304; x_wconf 78' lang='lat' dir='ltr'>Nonne</span> <span class='ocrx_word' id='word_1_193' title='bbox 357 2260 429 2304; x_wconf 87' lang='lat' dir='ltr'>hic</span> <span class='ocrx_word' id='word_1_194' title='bbox 459 2275 628 2319; x_wconf 88' lang='lat' dir='ltr'>qnoque</span> <span class='ocrx_word' id='word_1_195' title='bbox 661 2262 857 2313; x_wconf 76' lang='grc' dir='ltr'>ἕπήλυσιν</span> <span class='ocrx_word' id='word_1_196' title='bbox 889 2262 1152 2321; x_wconf 83' lang='lat' dir='ltr'>legendum?</span> 
     </span>
    </p>
   </div>
   <div class='ocr_carea' id='block_1_9' title="bbox 112 2403 1710 2758">
    <p class='ocr_par' dir='ltr' id='par_1_11' title="bbox 113 2403 1710 2532">
     <span class='ocr_line' id='line_1_28' title="bbox 175 2403 1710 2472; baseline 0.006 -23"><span class='ocrx_word' id='word_1_197' title='bbox 175 2403 310 2450; x_wconf 67' lang='lat'>5841·</span> <span class='ocrx_word' id='word_1_198' title='bbox 344 2407 538 2464; x_wconf 82' lang='lat' dir='ltr'>„Atqui”</span> <span class='ocrx_word' id='word_1_199' title='bbox 566 2410 626 2452; x_wconf 90' lang='lat' dir='ltr'>sic</span> <span class='ocrx_word' id='word_1_200' title='bbox 642 2410 786 2467; x_wconf 85' lang='lat' dir='ltr'>pergit</span> <span class='ocrx_word' id='word_1_201' title='bbox 805 2412 940 2462; x_wconf 84' lang='lat' dir='ltr'>„ratio</span> <span class='ocrx_word' id='word_1_202' title='bbox 958 2425 1082 2469; x_wconf 83' lang='lat' dir='ltr'>saepe</span> <span class='ocrx_word' id='word_1_203' title='bbox 1100 2412 1258 2456; x_wconf 88' lang='lat' dir='ltr'>famem</span> <span class='ocrx_word' id='word_1_204' title='bbox 1277 2415 1482 2471; x_wconf 85' lang='lat' dir='ltr'>sitimque</span> <span class='ocrx_word' id='word_1_205' title='bbox 1500 2416 1710 2472; x_wconf 83' lang='lat' dir='ltr'>reprimit.</span> 
     </span>
     <span class='ocr_line' id='line_1_29' title="bbox 113 2476 632 2532; baseline 0.006 -12"><span class='ocrx_word' id='word_1_206' title='bbox 113 2476 283 2532; x_wconf 75' lang='lat' dir='ltr'>Quanto</span> <span class='ocrx_word' id='word_1_207' title='bbox 315 2477 485 2523; x_wconf 79' lang='lat' dir='ltr'>facilius</span> <span class='ocrx_word' id='word_1_208' title='bbox 514 2483 578 2523; x_wconf 85' lang='lat' dir='ltr'>est</span> <span class='ocrx_word' id='word_1_209' title='bbox 591 2479 632 2523; x_wconf 84' lang='lat'>:&#39;&#39;</span> 
     </span>
    </p>

    <p class='ocr_par' dir='ltr' id='par_1_12' title="bbox 112 2550 1709 2674">
     <span class='ocr_line' id='line_1_30' title="bbox 170 2550 1709 2613; baseline 0.006 -21"><span class='ocrx_word' id='word_1_210' title='bbox 170 2550 482 2603; x_wconf 71' lang='grc' dir='ltr'>Φιλοτλουτίαν</span> <span class='ocrx_word' id='word_1_211' title='bbox 514 2555 706 2596; x_wconf 73' lang='grc' dir='ltr'><strong><em>κολοῦσαι</em></strong></span> <span class='ocrx_word' id='word_1_212' title='bbox 739 2553 809 2596; x_wconf 75' lang='grc' dir='ltr'>καὶ</span> <span class='ocrx_word' id='word_1_213' title='bbox 842 2553 1084 2607; x_wconf 70' lang='grc' dir='ltr'>φιλοδοξίαν</span> <span class='ocrx_word' id='word_1_214' title='bbox 1117 2557 1307 2610; x_wconf 70' lang='grc' dir='ltr'>ἀποχαῖς</span> <span class='ocrx_word' id='word_1_215' title='bbox 1340 2555 1390 2600; x_wconf 83' lang='grc' dir='ltr'>ὧν</span> <span class='ocrx_word' id='word_1_216' title='bbox 1424 2558 1610 2613; x_wconf 72' lang='grc' dir='ltr'>ἐφίενται</span> <span class='ocrx_word' id='word_1_217' title='bbox 1639 2559 1709 2601; x_wconf 78' lang='grc' dir='ltr'>καὶ</span> 
     </span>
     <span class='ocr_line' id='line_1_31' title="bbox 112 2619 1040 2674; baseline 0.008 -11"><span class='ocrx_word' id='word_1_218' title='bbox 112 2619 334 2672; x_wconf 70' lang='grc' dir='ltr'>ἀνείρξεσιν</span> <span class='ocrx_word' id='word_1_219' title='bbox 364 2622 424 2670; x_wconf 77' lang='grc' dir='ltr'>εἰς</span> <span class='ocrx_word' id='word_1_220' title='bbox 455 2623 576 2671; x_wconf 80' lang='grc' dir='ltr'><strong><em>τέλος</em></strong></span> <span class='ocrx_word' id='word_1_221' title='bbox 609 2626 1040 2674; x_wconf 72' lang='grc' dir='ltr'>καταλυθείσας.</span> 
     </span>
    </p>

    <p class='ocr_par' dir='ltr' id='par_1_13' title="bbox 172 2691 1709 2758">
     <span class='ocr_line' id='line_1_32' title="bbox 172 2691 1709 2758; baseline 0.007 -23"><span class='ocrx_word' id='word_1_222' title='bbox 172 2691 270 2735; x_wconf 85' lang='lat' dir='ltr'>Non</span> <span class='ocrx_word' id='word_1_223' title='bbox 310 2707 525 2751; x_wconf 89' lang='lat' dir='ltr'>concoquo</span> <span class='ocrx_word' id='word_1_224' title='bbox 566 2695 685 2738; x_wconf 87' lang='lat' dir='ltr'>istud</span> <span class='ocrx_word' id='word_1_225' title='bbox 707 2697 928 2751; x_wconf 71' lang='lat' dir='ltr'>praeteriti</span> <span class='ocrx_word' id='word_1_226' title='bbox 961 2701 1164 2756; x_wconf 85' lang='lat' dir='ltr'>temporis</span> <span class='ocrx_word' id='word_1_227' title='bbox 1197 2703 1471 2758; x_wconf 88' lang='lat' dir='ltr'>participium</span> <span class='ocrx_word' id='word_1_228' title='bbox 1503 2706 1546 2746; x_wconf 92' lang='lat' dir='ltr'>et</span> <span class='ocrx_word' id='word_1_229' title='bbox 1577 2719 1709 2746; x_wconf 82' lang='grc' dir='ltr'><strong><em>κατα-</em></strong></span> 
     </span>
    </p>
   </div>
   <div class='ocr_carea' id='block_1_10' title="bbox 111 2763 1708 2893">
    <p class='ocr_par' dir='ltr' id='par_1_14' title="bbox 111 2763 1708 2893">
     <span class='ocr_line' id='line_1_33' title="bbox 111 2763 1708 2828; baseline 0.008 -23"><span class='ocrx_word' id='word_1_230' title='bbox 111 2763 393 2815; x_wconf 69' lang='grc' dir='ltr'>λυθησομὲνας</span> <span class='ocrx_word' id='word_1_231' title='bbox 432 2764 666 2823; x_wconf 83' lang='lat' dir='ltr'>legendum</span> <span class='ocrx_word' id='word_1_232' title='bbox 709 2768 913 2824; x_wconf 85' lang='lat' dir='ltr'>suspicor.</span> <span class='ocrx_word' id='word_1_233' title='bbox 955 2769 991 2812; x_wconf 84' lang='grc' dir='ltr'>Ε</span> <span class='ocrx_word' id='word_1_234' title='bbox 1032 2772 1282 2828; x_wconf 90' lang='lat' dir='ltr'>compendio</span> <span class='ocrx_word' id='word_1_235' title='bbox 1321 2771 1444 2815; x_wconf 87' lang='lat' dir='ltr'>facile</span> <span class='ocrx_word' id='word_1_236' title='bbox 1474 2775 1589 2818; x_wconf 85' lang='lat' dir='ltr'>nasci</span> <span class='ocrx_word' id='word_1_237' title='bbox 1620 2789 1708 2818; x_wconf 86' lang='lat' dir='ltr'>cor-</span> 
     </span>
     <span class='ocr_line' id='line_1_34' title="bbox 111 2833 468 2893; baseline 0.008 -16"><span class='ocrx_word' id='word_1_238' title='bbox 111 2833 282 2892; x_wconf 86' lang='lat' dir='ltr'>ruptela</span> <span class='ocrx_word' id='word_1_239' title='bbox 313 2838 468 2893; x_wconf 88' lang='lat' dir='ltr'>potnit.</span> 
     </span>
    </p>
   </div>
   <div class='ocr_carea' id='block_1_11' title="bbox 110 2976 1706 3116">
    <p class='ocr_par' dir='ltr' id='par_1_15' title="bbox 110 2976 1706 3116">
     <span class='ocr_line' id='line_1_35' title="bbox 173 2976 1706 3043; baseline 0.01 -22"><span class='ocrx_word' id='word_1_240' title='bbox 173 2976 323 3022; x_wconf 77' lang='grc' dir='ltr'>585Δ1</span> <span class='ocrx_word' id='word_1_241' title='bbox 366 2979 577 3032; x_wconf 85' lang='lat' dir='ltr'>„Interest</span> <span class='ocrx_word' id='word_1_242' title='bbox 621 2981 782 3040; x_wconf 87' lang='lat' dir='ltr'>aliquid</span> <span class='ocrx_word' id='word_1_243' title='bbox 830 2985 944 3028; x_wconf 88' lang='lat' dir='ltr'>inter</span> <span class='ocrx_word' id='word_1_244' title='bbox 989 2987 1128 3043; x_wconf 81' lang='lat' dir='ltr'>ipsam</span> <span class='ocrx_word' id='word_1_245' title='bbox 1177 2987 1523 3034; x_wconf 84' lang='lat' dir='ltr'>exercitationem</span> <span class='ocrx_word' id='word_1_246' title='bbox 1574 2994 1617 3035; x_wconf 88' lang='lat' dir='ltr'>et</span> <span class='ocrx_word' id='word_1_247' title='bbox 1661 2992 1706 3035; x_wconf 89' lang='lat' dir='ltr'>id</span> 
     </span>
     <span class='ocr_line' id='line_1_36' title="bbox 110 3052 1310 3116; baseline 0.009 -23"><span class='ocrx_word' id='word_1_248' title='bbox 110 3053 284 3108; x_wconf 85' lang='lat' dir='ltr'>propter</span> <span class='ocrx_word' id='word_1_249' title='bbox 313 3052 427 3108; x_wconf 89' lang='lat' dir='ltr'>quod</span> <span class='ocrx_word' id='word_1_250' title='bbox 458 3067 507 3097; x_wconf 90' lang='lat' dir='ltr'>ea</span> <span class='ocrx_word' id='word_1_251' title='bbox 538 3053 631 3097; x_wconf 89' lang='lat' dir='ltr'>fit”.</span> <span class='ocrx_word' id='word_1_252' title='bbox 665 3053 788 3099; x_wconf 88' lang='lat' dir='ltr'>Illius</span> <span class='ocrx_word' id='word_1_253' title='bbox 821 3055 901 3100; x_wconf 93' lang='lat' dir='ltr'>hoc</span> <span class='ocrx_word' id='word_1_254' title='bbox 933 3057 1007 3101; x_wconf 88' lang='lat' dir='ltr'>dat·</span> <span class='ocrx_word' id='word_1_255' title='bbox 1038 3058 1310 3116; x_wconf 85' lang='lat' dir='ltr'>exemplum:</span> 
     </span>
    </p>
   </div>
  </div>
 </body>
</html>
