2002 3372
1098 231 1185 274 114

414 353 496 398 167
516 354 552 397 D
594 354 846 397 Rectissime
873 366 980 409 quae
1005 353 1174 397 turbata
1198 353 1268 396 hic
1294 353 1522 396 traduntur
1537 353 1597 395 sic
1613 351 1821 408 disposuit
1835 350 1929 395 W.:

349 426 382 467 οἱ
425 426 499 475 μὲν
538 426 617 477 οὐχ
649 427 758 476 ὁρῶσι
792 423 886 471 τοὺς
918 423 1026 471 θεοὺς
1059 424 1106 466 τό
1136 424 1349 477 παράπαν,
1382 426 1414 467 οἱ
1449 425 1488 466 δὲ
1522 427 1755 476 παρορῶσιν,
1786 423 1821 465 οἱ
1852 421 1929 474 μὲν

349 495 429 538 οὐδ’
473 495 676 548 ὑπάρχειν
717 494 952 546 νομίζουσιν,
997 495 1030 537 οἱ
1064 493 1104 536 δὲ
1137 493 1346 549 δοξάζουσι
1379 495 1554 547 Φοβερὸν
1587 494 1632 536 τὸ
1664 493 1828 544 εὐμενὲς
1858 492 1927 536 καὶ

348 567 575 618 τυραννικὸν
609 567 653 607 τὸ
686 565 880 617 πατρικὸν
913 565 980 607 καὶ
1013 565 1223 618 βλαβερὸν
1255 567 1299 608 τὸ
1332 566 1589 617 κηδεμονικὸν
1621 565 1690 607 καὶ
1723 564 1769 607 τὸ
1803 563 1930 615 ἀμή-

348 652 489 678 νιτον
520 636 662 688 ἄγριον
695 633 797 678 εἶναι
832 636 900 677 καὶ
934 635 1127 687 θηριῶδες.

407 707 663 749 Praesertim
700 705 776 748 illa
808 705 1028 762 dispositio
1060 720 1108 748 eo
1139 707 1460 750 commendatur
1491 706 1604 763 quod
1635 706 1697 748 sic
1729 703 1930 758 ὑπάρχειν

347 791 468 820 suam
510 778 591 819 sibi
632 779 723 820 vim
767 777 941 829 obtinet,
983 778 1028 819 in
1060 776 1239 834 vulgata
1270 782 1334 820 est
1366 777 1512 824 κακοὺς
1547 776 1760 830 ὑπάρχειν.
1801 775 1929 819 Recte

346 850 475 890 etiam
507 847 574 890 W.
610 848 803 898 οὶμήνιτον
836 847 951 889 dedit
982 861 1056 903 pro
1090 846 1275 897 ἄμικτον.

410 916 494 961 167
512 918 548 959 Ε
595 918 632 959 A
661 918 803 961 verbis
836 918 957 959 κοινὸν
990 918 1199 970 ἀνθρώπων
1232 933 1317 961 non
1344 932 1368 960 a
1393 920 1491 971 φέρε
1519 919 1565 968 δὴ
1591 921 1742 969 πρῶτον
1766 930 1928 960 novum

343 990 529 1046 incipere
561 992 689 1045 caput
720 988 856 1031 debet.'
889 988 1060 1031 Novum
1094 989 1207 1031 enim
1239 989 1337 1031 hinc
1367 990 1517 1045 incipit
1549 991 1867 1045 argumentum.

409 1058 549 1101 168A
596 1059 627 1101 εἰ
673 1058 743 1100 καὶ
786 1058 1029 1112 μικρότατον
1074 1059 1183 1112 αὐτῷ
1234 1059 1359 1102 κακόν
1399 1075 1436 1102 τι
1471 1057 1773 1109 συμπεπτωκός
1804 1057 1928 1109 ἔστιν,

345 1130 428 1173 alia
472 1143 629 1186 magna
672 1129 838 1186 affingit
877 1131 981 1185 ipse,
1025 1132 1153 1183 (recte
1198 1146 1235 1172 τι
1278 1129 1391 1173 delet
1432 1129 1508 1183 H.)
1550 1129 1676 1172 παντὶ
1708 1128 1825 1182 θρήνῳ
1858 1127 1927 1170 καὶ

345 1201 469 1242 παντὶ
503 1201 727 1252 στεναγμῷ
761 1200 1082 1251 καθαπτόμενος.

405 1270 620 1313 Ultimum
663 1270 919 1313 vocabulum
962 1275 1011 1313 ut
1053 1272 1108 1313 sit
1152 1272 1364 1314 sincerum
1408 1275 1568 1314 metuo.
1611 1269 1786 1324 Quando
1816 1273 1928 1314 recte

347 1341 630 1383 καθάπτεσθαι
662 1345 842 1397 ponatur
874 1341 995 1384 docet
1027 1341 1109 1385 171
1130 1341 1163 1386 G
1195 1343 1271 1384 ubi
1302 1335 1380 1385 est*
1400 1341 1774 1398 ,‚reprehendere'’.

408 1412 543 1454 168E
590 1413 824 1468 Postquam
867 1414 1055 1455 narravit
1096 1412 1339 1456 Tiribazum
1381 1415 1571 1470 primum
1602 1427 1645 1456 se
1676 1413 1828 1456 acriter
1859 1412 1928 1456 de-

347 1483 513 1525 fendere
558 1484 757 1539 coepisse,
801 1482 872 1525 sed
915 1485 1084 1539 cognito
1127 1498 1169 1526 se
1201 1485 1314 1540 regis
1344 1485 1465 1526 iussu
1497 1482 1699 1540 prehendi
1729 1483 1926 1541 gladium

346 1553 561 1605 deiecisse,
596 1555 654 1595 sic
687 1555 851 1610 pergit:
885 1550 948 1605 ἆρ’
981 1551 1045 1595 οὖν
1078 1555 1156 1607 οὐχ
1190 1553 1322 1605 ὅμοιόν
1356 1555 1440 1597 ἐστι
1473 1556 1517 1597 τὸ
1550 1554 1805 1607 γιγνόμενον.

404 1623 526 1667 Certe
559 1624 721 1680 aliquid
754 1625 823 1666 hic
853 1629 950 1680 post
982 1625 1028 1667 τό
1060 1630 1123 1668 est
1154 1626 1437 1677 inserendum,
1470 1631 1518 1668 ut
1550 1627 1782 1669 minimum
1814 1624 1894 1669 νῦν.

405 1694 490 1736 169
504 1696 539 1737 Α
573 1694 615 1744 ἦν
643 1696 676 1736 δ’
695 1694 786 1741 ἴσως
807 1695 874 1737 καὶ
894 1696 1020 1750 Νικίᾳ
1041 1728 1049 1738 .
1066 1727 1098 1740 ..
1113 1728 1122 1739 .
1143 1696 1355 1750 κράτιστον
1373 1696 1495 1745 οὕτως
1514 1698 1822 1749 ἀπαλλαγῆναι
1840 1730 1850 1742 .
1865 1728 1875 1741 .
1889 1729 1899 1741 .
1915 1729 1925 1740 .

344 1766 365 1810 ἢ
398 1765 618 1818 Φοβηθέντι
653 1765 737 1808 κτὲ.

403 1837 491 1878 Aut
522 1850 619 1878 cum
652 1835 707 1878 H.
742 1842 918 1887 κρεῖττον
952 1840 1015 1879 est
1046 1837 1279 1894 legendum
1311 1853 1387 1896 pro
1422 1838 1634 1891 κράτιστον
1665 1842 1741 1883 aut
1772 1843 1868 1883 ante
1902 1841 1923 1890 ἢ

339 1905 610 1949 inserendum
645 1911 821 1958 μᾶλλον.
1602 1963 1606 1966 .

406 1976 490 2019 169
511 1977 542 2019 Β
591 1978 712 2020 δεινὸν
745 1977 789 2019 τὸ
823 1983 895 2026 τῆς
927 1979 1239 2029 δεισιδαιμονίας
1275 1980 1414 2027 σκότος
1449 1981 1693 2032 ἐμπεσόντος
1725 1980 1926 2035 ἀνθρώπου

343 2048 529 2102 συγχέαι
563 2049 630 2090 καὶ
667 2053 882 2099 τυφλῶσαι
917 2051 1127 2101 λογισμόν.
1819 2097 1823 2101 ,

404 2119 519 2161 Male
550 2119 685 2162 editor
717 2119 902 2164 Graecus
936 2121 1187 2175 ἐκπεσόντος,
1214 2126 1278 2166 est
1304 2125 1419 2166 enim
1445 2125 1711 2176 ἐμπεσόντος-ε
1739 2125 1925 2170 hominis

292 2209 294 2211 >
343 2190 417 2245 qui
449 2191 511 2242 (in
545 2204 614 2232 eas
646 2191 855 2244 tenebras)
885 2191 1049 2234 incidit.

408 2259 542 2304 1690
598 2261 682 2303 Hic
735 2266 908 2318 apparet
957 2263 1007 2305 de
1054 2262 1382 2308 Christianismo
1430 2281 1648 2324 nunquam
1695 2267 1926 2326 quidquam

344 2331 559 2374 audivisse
600 2331 894 2375 Plutarchum.
940 2333 1051 2376 Nam
1094 2336 1131 2376 si
1172 2334 1221 2377 de
1264 2335 1360 2379 Iesu
1402 2337 1725 2394 praedicatione,
1759 2338 1928 2396 qualem

343 2416 420 2444 nos
461 2404 756 2458 cognovimus,
800 2403 913 2446 ullus
956 2404 1008 2446 ad
1040 2419 1138 2447 eum
1172 2409 1433 2461 pervenisset
1466 2422 1623 2461 rumor,
1655 2409 1769 2453 haud
1801 2409 1929 2453 dubie

341 2472 410 2513 hic
447 2474 537 2514 eius
570 2473 737 2515 fecisset
769 2475 1045 2526 mentionem,
1087 2476 1160 2517 ubi
1193 2476 1243 2518 de
1274 2476 1441 2521 Iudaeis
1474 2482 1561 2522 tam
1593 2480 1715 2523 anxie
1745 2478 1927 2523 Sabbata

343 2555 419 2584 sua
462 2543 785 2587 observantibus
827 2548 877 2586 ut
919 2544 1032 2587 ultro
1074 2547 1118 2588 in
1161 2550 1319 2590 certam
1359 2550 1668 2594 incucurrerint
1699 2552 1927 2607 perniciem

343 2615 500 2655 narrat.

408 2682 491 2725 169
511 2682 548 2725 D
596 2682 706 2727 Cum
739 2685 865 2728 feriae
897 2685 1163 2729 celebrantur
1193 2689 1236 2730 in
1270 2689 1472 2733 honorem
1504 2690 1680 2734 deorum
1713 2693 1780 2736 τὸν
1812 2691 1927 2734 ἄθεον

344 2753 507 2796 videbis
551 2756 954 2808 παραφθεγγόμενον
987 2757 1150 2809 οὶτρέμα
1182 2761 1251 2809 (an
1285 2759 1462 2814 ἠρέμαῗ)
1494 2763 1588 2814 πρὸς
1623 2763 1714 2810 τοὺς
1748 2762 1926 2811 συνήθεις

346 2820 404 2863 ἔτι
449 2826 710 2876 τετύφωνται
746 2826 813 2867 καὶ
848 2826 1084 2877 δαιμονῶσιν
1116 2829 1149 2870 οἱ
1182 2830 1280 2876 θεοῖς
1315 2834 1451 2873 ταῦτα
1485 2832 1650 2884 δρᾶσθαι
1684 2831 1924 2886 νομίζοντες.

407 2892 469 2933 Ne
510 2896 599 2948 ipse
642 2895 813 2951 quidem
856 2895 966 2942 ἄθεος
1010 2912 1165 2954 negare
1207 2904 1346 2955 potest
1386 2902 1488 2945 haec
1517 2902 1620 2957 fieri
1659 2903 1703 2945 in
1738 2905 1924 2955 ‚honorem

349 2955 514 3003 deorum.
547 2964 625 3005 Sed
659 2971 788 3021 negat
818 2969 900 3010 ista
931 2969 1028 3015 θεοῖς
1063 2970 1243 3022 ὁρᾶσθαι,
1276 2972 1387 3028 quod
1418 2974 1719 3029 reponendum.
