2002 3372
1123 166 1187 210 58·

423 290 504 334 Sed
545 305 627 333 non
672 290 818 332 dubito
861 289 962 344 quin
1002 291 1116 332 iusto
1156 290 1309 334 exilius
1349 293 1404 334 sit
1435 292 1565 342 μέρος.
1597 290 1693 334 Non
1723 290 1946 348 putassetis

353 376 486 416 parva
516 375 612 417 pars
643 361 711 402 hic
741 361 984 415 requiritur.
1017 359 1282 404 Habebimus
1312 362 1419 404 hane
1452 365 1493 404 et
1524 361 1742 418 eleganter
1764 360 1938 418 quidem

360 433 636 482 enuntiatam,
686 432 721 471 si
769 434 863 485 post
911 431 1048 482 πολλῷ
1093 432 1407 474 restituerimus
1451 431 1707 475 πολλοστόνὶ
1751 443 1936 490 „mag-no

361 503 565 556 temporis
597 502 733 556 spatio
765 513 816 542 ne
848 500 1073 542 minimam
1106 501 1278 556 quidem
1310 501 1518 558 partem''.

424 570 478 614 ’76
497 573 532 613 Α
582 570 801 621 „Maxima
830 583 931 613 vero
962 570 1202 614 Stoicorum
1236 573 1391 615 ἀτοπία
1425 586 1474 615 ea
1503 576 1568 615 est
1597 585 1718 629 quae,
1751 571 1935 626 ancillo

361 641 544 698 perfecto
577 642 762 696 sapiente
794 643 981 696 excepto,
1015 655 1160 684 omnes
1192 642 1383 685 homines
1413 644 1458 685 in
1492 657 1572 686 una
1603 642 1769 686 collocat*
1795 644 1936 700 pravi-

361 711 490 754 tate’'.
534 711 642 763 (Quo
681 712 774 753 iure
814 711 884 753 hic
915 711 1104 754 medium
1138 713 1344 763 τιθεμένης
1377 713 1546 770 legatur
1576 727 1659 757 non
1689 713 1837 767 videm
1870 728 1939 757 ex-

359 786 543 839 spectem
576 781 781 832 τιθείσης).
815 781 935 823 Hanc
966 796 1067 838 ergo
1101 783 1277 825 ἀτοπίαν
1308 785 1367 827 sic
1399 784 1622 827 describit:

421 854 491 904 ὑφ’
518 850 563 901 ἧς
591 850 766 902 αἴνιγμα
795 852 963 902 γέγονεν
990 854 1012 901 ἦ
1041 856 1243 904 λεγομένη
1275 855 1469 907 προκοπή,
1498 853 1934 908 μικρὸνᾰπολείτουσα

358 924 585 975 ἀφροσύνης
622 924 820 974 ἐσχάτης.

416 994 462 1036 Si
502 998 613 1036 recte
652 994 753 1035 haec
793 992 1002 1050 intelligo,
1047 995 1229 1036 vocabulo
1272 996 1457 1052 quidem,
1500 995 1621 1052 quod'
1643 998 1706 1039 est
1737 995 1932 1047 προκοπή,

355 1069 536 1107 utuntur
566 1063 695 1106 Stoici
729 1063 800 1106 sed
832 1065 911 1107 hoc
944 1079 1066 1108 sensu
1100 1071 1148 1108 ut
1179 1067 1331 1109 subitus
1364 1082 1411 1110 eo
1442 1067 1655 1111 indicetur
1685 1067 1879 1110 transitus
1909 1080 1942 1109 a:

353 1150 520 1178 summa
560 1136 770 1191 pravitate
811 1135 863 1177 ad
905 1137 1042 1191 ipsam
1086 1138 1305 1180 virtutem.
1347 1138 1429 1180 Sed
1471 1139 1633 1191 dubito,
1664 1141 1931 1212 augeturque

353 1206 562 1249 dubitatio
594 1206 698 1248 duro
729 1205 850 1248 hiatu
884 1207 1166 1249 ἀπολείπουσα
1201 1208 1443 1261 ἀφροσύνης.

416 1276 470 1320 ’76
489 1276 523 1318 Β
566 1275 796 1318 Plutarcho
829 1281 997 1320 auctore
1027 1278 1169 1319 sensim
1201 1279 1450 1322 emendatur
1478 1280 1604 1323 homo

413 1350 482 1390 τοῦ
515 1347 640 1398 λόγου
673 1347 982 1400 διαφωτίζοντος
1017 1349 1180 1400 ἀτρέμα
1214 1350 1286 1397 τὴν
1322 1351 1478 1403 ψυχήν.

415 1418 591 1461 Fortiter
632 1422 673 1460 et
705 1418 883 1472 firmiter
923 1421 1065 1474 potius
1108 1420 1268 1472 ἀτρέμα
1311 1420 1522 1478 significat
1561 1434 1703 1478 quam,
1746 1424 1830 1478 quo
1861 1421 1932 1464 hic

355 1504 461 1546 opus
493 1492 568 1540 est,
601 1488 740 1530 sensim
770 1487 1019 1545 leniterque.
1051 1490 1166 1547 Lege
1198 1505 1298 1547 ergo
1329 1492 1472 1543 ἠρέμα.

418 1559 528 1603 '76D
576 1559 619 1600 αἱ
664 1559 696 1600 δ’
729 1561 964 1608 ἀνωμαλίαι
1007 1562 1075 1602 καὶ
1110 1562 1384 1611 ἀμβλύτητες
1417 1566 1493 1603 τῶν
1523 1561 1854 1615 Φιλοσοφούντων
1886 1563 1930 1605 οὐ

355 1631 480 1680 μόνας
530 1633 704 1671 ποιοῦσιν
753 1631 911 1683 ἐποχας
954 1629 1086 1682 ὥσπερ
1130 1633 1167 1673 ἐν
1210 1632 1281 1684 ὁδῳ
1323 1637 1393 1679 τῆς
1438 1638 1653 1685 προκοπῆς,
1695 1633 1813 1674 αλλὰ
1859 1633 1928 1674 και
2000 1668 2002 1672 .

357 1702 589 1748 ἀναλύσεις.

417 1772 536 1823 „Non
578 1770 715 1813 solum
760 1804 798 1814 ..
820 1803 829 1813 .
872 1772 943 1814 sed
984 1772 1143 1815 etiam''
1149 1805 1158 1816 .
1205 1773 1251 1816 Si
1291 1774 1371 1816 hoc
1412 1773 1668 1817 Plutarchus
1709 1740 1939 1828 voluisset,

354 1842 468 1885 haud
500 1842 624 1884 dubie
656 1843 699 1883 οὐ
732 1842 847 1891 μόνον
879 1844 1127 1898 scripsisset.
1161 1842 1243 1886 Sed
1273 1859 1354 1887 non
1387 1843 1536 1896 voluit,
1569 1858 1720 1887 verum
1749 1845 1794 1887 id
1820 1845 1931 1902 quod

355 1914 599 1956 acutissime
626 1912 737 1955 vidit
756 1913 1132 1970 Wyttenbachius:
1165 1916 1208 1956 οὐ
1237 1915 1400 1964 μονὰς
1429 1919 1604 1957 ποιοῦσιν
1629 1915 1727 1957 οὐδ’
1754 1915 1930 1968 §foxate

417 1983 525 2027 ’76Ε
571 1982 620 2025 ἂν
651 1981 714 2026 οὖν
750 2015 759 2025 .
780 2016 789 2026 .
810 2015 819 2026 .
854 1984 1008 2037 συνίδῃς
1041 1986 1212 2027 σεαυτὸν
1246 1986 1398 2037 ἡμέρας
1431 2002 1476 2027 τε
1509 1986 1577 2027 καὶ
1611 1987 1762 2038 venep
1788 1986 1929 2038 &1273

358 2054 484 2109 κακίᾳ
517 2054 895 2105 διαμεμαχημένον.

414 2125 460 2167 Si
501 2124 664 2166 Reiskii
697 2129 772 2175 est,
809 2129 856 2167 ut
887 2125 1015 2168 refert
1049 2126 1197 2177 editor,
1230 2126 1346 2169 istud
1380 2126 1549 2179 συνίδῃς,
1582 2127 1664 2179 hic,
1696 2126 1809 2183 q‘uod
1839 2141 1931 2170 raro

356 2196 600 2238 acutissimo
632 2195 783 2237 accidit
814 2198 921 2247 viro,
954 2195 1095 2239 locum
1127 2210 1278 2239 sanum
1309 2198 1510 2253 corrupit.
1541 2197 1791 2241 Rectissime
1815 2199 1932 2241 enim

355 2267 515 2309 codices
545 2265 720 2317 συνειδῇς
755 2267 970 2321 praebent.
1008 2268 1293 2310 Conscientiam
1324 2269 1393 2310 hic
1426 2268 1656 2325 significari
1686 2282 1794 2325 opus
1821 2272 1899 2311 est.

415 2335 484 2378 Sic
514 2335 631 2378 locus
662 2338 957 2380 continuatur:

416 2407 437 2455 ἢ
480 2407 537 2456 μὴ
581 2406 780 2452 πολλάκις
826 2423 875 2457 γε
911 2409 981 2455 τὴν
1009 2409 1183 2460 Φρουραν
1213 2409 1402 2451 ἀνεικότα
1431 2409 1532 2459 μηδὲ
1564 2413 1802 2461 συνεχῶς
1834 2411 1931 2461 παρ’

354 2479 480 2524 αὐτῆς
525 2477 634 2519 οἱονεὶ
681 2479 854 2529 κήρυκας
898 2478 1039 2527 ἡδονάς
1085 2496 1196 2527 τινας
1242 2479 1264 2529 ἢ
1307 2479 1514 2534 ῥᾳστώνας
1557 2481 1579 2529 ἢ
1626 2481 1832 2532 ἀσχολίας
1863 2480 1938 2522 ἐπ’)γ

356 2549 543 2594 σπονδαῖς
580 2547 919 2600 προσδεδεγμένον

359 2620 463 2662 bono
494 2619 575 2660 tibi
609 2619 749 2660 animo
780 2633 954 2675 pergere
986 2620 1101 2663 licet.

415 2690 609 2731 Primum
640 2689 709 2730 hic
742 2689 792 2731 ab
825 2689 1024 2745 Emperio
1053 2692 1340 2748 recipiendum
1369 2696 1528 2744 συχνῶς
1555 2695 1640 2734 est:
1671 2704 1782 2742 „non
1809 2704 1930 2747 saepe

356 2759 424 2802 vel
455 2759 737 2815 frequenter’'.
771 2758 862 2802 Hoc
896 2763 1149 2816 requiritur,
1193 2776 1291 2805 nam
1325 2763 1399 2818 qui
1422 2766 1614 2817 perpetuo
1645 2761 1849 2804 relabitur
1878 2761 1932 2804 ad

355 2832 622 2886 pravitatem,
667 2832 702 2872 is
743 2830 853 2872 nihil
895 2832 1074 2886 proficit.
1107 2833 1188 2876 Sed
1221 2838 1263 2876 et
1293 2833 1376 2876 alia
1407 2846 1513 2890 opus
1543 2836 1606 2876 est
1636 2831 1931 2876 emendatione

357 2906 404 2943 ut
443 2902 644 2956 imaginis
685 2904 847 2943 constet
889 2904 1018 2944 ratio:
1050 2905 1122 2959 qui
1156 2906 1196 2945 in
1233 2906 1392 2947 virtute
1423 2905 1618 2956 remittit,
1649 2901 1933 2958 intervallum
