2002 3372
1091 196 1175 238 194

341 324 437 363 ante
471 321 541 367 τήν
573 321 687 362 enim
718 317 992 360 inserendum
1025 316 1072 358 τό
1103 320 1189 359 est:
1222 318 1477 360 invenerunt
1507 315 1555 357 id
1583 316 1689 372 quod
1718 315 1815 359 deos
1845 315 1919 359 ho-

344 392 562 446 minesque
591 390 703 431 inter
733 402 776 430 se
807 389 1051 444 coniungat.

401 545 534 588 415ss
569 545 746 591 Ἡσίοδος
780 544 820 586 δὲ
855 545 1034 597 καθαρῶς
1067 544 1135 585 καὶ
1171 543 1430 597 διωρισμένως
1465 547 1619 595 πρῶτος
1653 541 1810 594 ἐξέθηκε
1841 546 1918 584 τῶν

339 621 510 666 λογικῶν
551 616 732 666 τέσσαρσι
777 615 876 664 γένη
910 615 1020 662 θεοὺς
1052 612 1144 657 εἷται
1179 615 1374 665 δαίμονας
1408 611 1497 667 (εἷθ’
1532 612 1676 665 ἥρωας,
1709 612 1754 655 τὸ
1785 613 1820 656 δ’
1853 613 1917 654 ε’πὶ

340 689 465 728 πάσιν
498 687 735 738 ἀνθρώπους,
770 685 813 736 ἐξ
845 683 895 727 ὧν
928 684 1027 727 ἔοικε
1063 690 1187 727 ποιεῖν
1221 687 1292 733 τὴν
1324 684 1580 736 μεταβολήν,
1613 686 1684 726 τοῦ
1716 684 1790 734 μὲν
1824 698 1919 736 χρυ-

339 761 407 799 σοῦ
433 757 575 808 γένους
603 757 656 803 εἰς
688 757 882 806 δαίμονας
911 757 1085 802 πολλοὺς
1115 755 1323 807 κάγαθοὺς
1352 760 1426 797 τῶν
1455 755 1489 797 δ’
1508 755 1676 805 ἡμιθέων
1705 755 1762 802 εἷς
1787 754 1916 809 ἥρωας

338 828 657 880 ἀποκριθέντων).

398 899 511 951 Quae
537 897 692 941 inclusi
719 899 777 940 sic
804 902 971 941 exstant
999 897 1110 954 apud
1132 897 1379 940 Eusebium.
1404 897 1453 939 In
1467 895 1688 939 Plutarchi
1703 895 1916 940 codicibus

339 970 439 1013 haec
471 969 700 1027 leguntur:
1394 1012 1405 1031 ι

401 1041 577 1088 πολλοὺς
619 1039 839 1092 κάγαθοὺς,
888 1037 957 1082 εἶθ’
992 1039 1135 1092 ἥρωας,
1168 1036 1244 1082 εἶτ’
1279 1039 1517 1091 ἀνθρώπους,
1551 1042 1625 1080 τῶν
1661 1037 1829 1088 ἡμιθέων
1859 1037 1917 1085 εἷς

342 1110 466 1164 ἥρωας
500 1111 786 1163 ἀποκριθέντων

338 1183 488 1234 mult0,
530 1188 577 1225 ut
610 1184 759 1238 opinor
790 1183 1035 1224 concinnius
1069 1183 1308 1237 rectiusque
1319 1195 1329 1233 3
1364 1180 1513 1224 malim
1545 1184 1685 1223 tamen
1718 1179 1788 1223 hic
1819 1194 1918 1236 quo-

336 1270 417 1311 que
451 1255 628 1301 πολλοὺς
662 1254 869 1304 κάγαθούς
902 1259 951 1296 ut
984 1253 1106 1309 plane
1138 1266 1495 1309 supervacaneum
1529 1251 1680 1294 delere.

398 1408 530 1453 4150
572 1410 687 1460 λέγει
732 1408 814 1459 γὰρ
854 1395 1111 1462 (Ηθεὶοάιιε)
1148 1409 1186 1449 ἐν
1229 1410 1283 1460 τῷ
1327 1413 1401 1455 τῆς
1433 1408 1586 1454 Ναΐδος
1619 1404 1813 1460 προσώπῳ
1845 1406 1913 1449 καὶ

336 1480 403 1522 τὸν
434 1481 572 1533 χρόνον
605 1479 879 1528 αἰνιττόμενος

578 1551 688 1592 ε’ννέοι
725 1566 783 1592 τοι
817 1549 904 1602 ζώει
937 1550 1022 1592 κτὲ.

395 1622 590 1665 Facessat
622 1621 721 1663 hinc
754 1621 835 1672 καί,
869 1634 951 1676 quo
983 1619 1103 1663 locus
1133 1620 1417 1675 perturbatur.

399 1776 536 1820 417D
571 1776 876 1829 ‚,Gaerimoniis
908 1777 1022 1826 diris,
1057 1789 1162 1831 quae
1193 1775 1315 1827 fiunt,
1349 1789 1430 1818 non
1462 1775 1558 1818 deos
1589 1774 1662 1817 sed
1693 1774 1914 1818 daemones

337 1849 492 1905 placari
536 1848 708 1904 opinor''
751 1847 1047 1891 Cleombrotus
1088 1848 1146 1888 ait
1178 1846 1271 1888 οὔτε
1303 1847 1440 1895 μάτην
1473 1846 1688 1897 ἀνέχονται
1722 1844 1916 1896 βασιλεῖς

339 1920 406 1961 καὶ
450 1919 674 1972 στρατηγοὶ
718 1918 875 1965 παῖδας
915 1918 1066 1960 ἑοιυτῶν
1110 1916 1351 1964 ἐπιδιδόντες
1394 1916 1461 1958 καὶ
1506 1916 1807 1969 καταρχόμενοι
1847 1917 1913 1959 not)

339 1990 594 2042 σφάττοντες

338 2062 409 2104 sed
442 2063 501 2103 sic
533 2060 744 2103 malorum
775 2060 999 2116 geniorum
1033 2062 1232 2101 avertunt
1262 2059 1384 2100 iram.

398 2132 568 2188 Optime
600 2131 701 2173 haec
734 2130 963 2172 decurrunt
995 2134 1037 2172 et
1068 2133 1167 2171 sunt
1193 2128 1462 2185 planissima;
1490 2130 1679 2184 corrupit
1704 2127 1839 2171 editor
1864 2142 1915 2171 ex

338 2202 520 2244 Eusebio
551 2216 626 2257 pro
658 2201 878 2253 ἀνέχονται
911 2201 1115 2256 recipiens
1149 2198 1198 2241 ἂν
1233 2200 1432 2252 ἐδέχοντο.

400 2357 531 2401 4171?
564 2357 611 2399 In
640 2356 850 2399 eiusmodi
872 2356 996 2398 rebus
1025 2354 1170 2411 quales
1197 2359 1297 2397 sunt
1324 2356 1494 2405 πλάναι,
1524 2355 1702 2406 κρύψεις,
1730 2359 1916 2407 λατρεῒοιι

338 2430 480 2471 simm.
514 2443 595 2470 non
629 2428 688 2469 dii
719 2427 790 2470 sed
823 2427 1043 2469 daemones
1074 2430 1317 2468 versantur:

580 2498 648 2540 καὶ
683 2497 765 2540 οὔτ’
801 2498 1012 2550 Αἰσχύλος
1046 2495 1179 2538 εἶπεν·

579 2568 704 2618 ἀγνόν
738 2571 774 2608 τ’
809 2568 1001 2610 Ἀπόλλω
1035 2566 1195 2617 Φυγάδ’
1229 2567 1306 2607 ἀπ’
1339 2566 1500 2616 οὐρανοῦ
1535 2565 1630 2606 θεόν.

399 2641 481 2682 Ain
514 2638 642 2682 vero?
676 2640 768 2681 Non
800 2639 909 2681 dixit
941 2638 1020 2680 hoc
1053 2635 1320 2694 Aeschylus?
1353 2635 1440 2680 Cur
1470 2650 1571 2693 erg-0
1603 2649 1774 2678 versum
1805 2636 1918 2678 hunc

338 2713 454 2762 citas,
483 2716 557 2753 aut
583 2725 657 2753 cur
681 2724 832 2753 verum
861 2713 1030 2765 poetam
1058 2706 1234 2750 retices?
1263 2707 1508 2750 Dubiumne
1535 2720 1624 2749 esse
1650 2709 1789 2762 potest
1814 2708 1916 2762 quin

338 2787 449 2823 recte
482 2782 534 2824 X.
568 2786 664 2836 post
696 2795 848 2823 nomen
880 2779 988 2821 illud
1020 2784 1167 2835 poetae
1194 2779 1308 2829 ὅρθῶς
1334 2775 1587 2820 inseruerit?
1619 2774 1706 2820 Cur
1730 2778 1916 2820 insaniae

337 2854 600 2894 retineantur
630 2854 674 2893 in
707 2855 829 2894 textu
861 2865 960 2893 cum
994 2864 1093 2893 vera
1127 2850 1290 2892 dudum
1321 2849 1447 2892 lectio
1479 2850 1652 2891 inventa
1683 2846 1771 2890 est?
