2002 3372
865 211 950 254 153

48 381 49 384 ,
105 336 297 394 pepercit
342 342 406 387 ut,
449 336 614 378 veritus
654 348 707 376 ne
748 334 830 377 sibi
871 335 1084 390 imperare
1126 347 1211 376 non
1257 335 1413 390 posset,
1447 346 1531 375 non
1565 330 1707 374 solum

43 436 46 438 v
105 408 284 465 propius
325 406 379 449 ad
420 420 515 450 eam
557 405 751 449 accedere
794 419 878 448 non
922 404 1097 448 auderet
1139 404 1212 447 sed
1245 405 1376 447 etiam
1410 418 1454 446 se
1486 408 1708 460 praesente

106 479 293 523 formam
336 478 429 522 eius
469 476 636 520 laudari
677 480 866 527 vetaret;
910 491 1040 533 quam
1083 475 1309 519 adamabat
1350 476 1568 532 virginem
1612 488 1707 517 eam

103 553 265 595 iustam
306 563 485 593 uxorem
527 549 808 605 reginamque
850 548 950 590 fecit
959 562 969 599 ;
1022 547 1203 604 populos
1235 561 1260 590 a
1292 561 1335 590 se
1368 547 1564 590 subactos
1596 546 1709 589 diros

106 634 207 666 suos
251 619 527 677 crudelesque
571 621 712 676 coegit
758 633 912 676 ponere
954 633 1119 670 mores;
1165 620 1299 662 totius
1341 619 1454 662 orbis
1496 623 1708 661 terrarum

46 687 47 690 ¹
107 693 246 738 factus
283 696 350 736 est
389 692 611 748 magister,
655 692 730 748 qui
773 691 966 734 moribus
1009 691 1235 734 hominum
1277 690 1551 734 emendandis
1589 689 1709 732 daret

40 770 42 774 '
107 777 302 822 operam;
335 762 529 820 denique,
562 764 598 804 si
629 775 813 818 usquam
845 763 892 804 in
924 763 1028 812 vita,
1061 762 1130 804 hic
1163 762 1371 805 habemus
1404 776 1551 819 regem
1577 761 1708 804 illum

105 834 412 894 philosophum
454 848 583 892 quem
616 835 699 877 sibi
730 833 856 876 Plato
888 834 1154 877 informavit.
1189 833 1341 891 Legite
1373 834 1482 876 mihi
1514 834 1709 890 pulcher-

103 908 266 952 rimum
308 905 438 950 illum
481 905 625 950 locum
668 904 776 959 (329
805 905 955 959 DEF)
993 904 1043 948 de
1076 906 1241 961 nuptiis
1274 906 1399 948 Asiae
1431 905 1709 962 Europaeque

107 977 349 1022 Alexandro
391 979 564 1035 auspice
595 976 830 1028 celebratis,
864 981 1014 1033 pectus
1045 976 1178 1019 fuisse
1210 977 1319 1033 quod
1355 976 1564 1019 disertum
1596 978 1709 1020 hunc

106 1050 263 1094 faceret
311 1053 524 1092 oratorem
566 1050 826 1106 agnoscetis.
875 1047 1071 1105 Denique
1119 1047 1221 1090 licet
1268 1048 1339 1091 hic
1386 1062 1556 1104 quoque
1602 1062 1709 1105 puro

33 1163 35 1167 Α
107 1124 372 1178 venustoque
421 1120 636 1164 studuerit
685 1121 871 1163 sermoni
916 1118 1188 1170 Plutarchus,
1237 1133 1321 1162 non
1369 1120 1566 1162 tirocinia
1606 1119 1709 1163 haec

108 1197 209 1236 sunt
241 1193 397 1250 quibus
429 1191 698 1236 audientium
730 1195 874 1248 captat
900 1191 1105 1242 favorem,
1134 1190 1208 1234 sed
1235 1191 1483 1234 maturioris
1509 1193 1597 1234 iam
1625 1193 1710 1235 viri

109 1262 252 1309 virilis
281 1265 416 1308 oratio
447 1277 531 1321 qua
562 1265 773 1306 virtutem
803 1264 859 1306 iis
891 1276 1115 1320 moresque
1146 1276 1276 1319 puros
1304 1263 1572 1319 sincerosque
1599 1277 1710 1306 com-

111 1335 300 1380 mendat.

171 1405 332 1450 Tamen
359 1410 402 1449 et
429 1406 498 1450 hic
522 1405 758 1450 identidem
785 1404 989 1462 quiddam
1014 1405 1209 1448 invenies
1235 1404 1348 1460 quod
1373 1406 1512 1461 primo
1537 1407 1713 1461 aspectu

112 1478 391 1530 rhetoricum,
423 1492 477 1522 ne
507 1476 672 1535 puerile
704 1477 856 1528 dicam,
890 1476 1026 1520 videri
1057 1477 1206 1533 possit,
1240 1477 1389 1532 opinor
1415 1478 1516 1533 quia
1542 1490 1641 1533 prae
1669 1490 1715 1519 re

108 1550 367 1608 gravissima
398 1563 528 1606 quam
560 1549 769 1592 tractabat
803 1550 987 1605 speciem
1020 1551 1305 1604 ornatumque
1337 1547 1530 1604 neglexit
1558 1552 1711 1590 orator.

111 1620 494 1680 Wyttenbachium
520 1621 565 1664 id
591 1620 756 1678 fugisse
783 1621 928 1671 miror,
956 1633 1056 1662 nam
1083 1623 1147 1661 est
1174 1633 1310 1676 neque
1328 1619 1556 1662 obscurum
1575 1633 1711 1675 neque

110 1694 236 1752 parvi
281 1693 506 1736 momenti.
565 1691 657 1735 Iam
704 1691 954 1748 loquentem
999 1690 1172 1733 induxit
1219 1692 1363 1747 ipsum
1411 1690 1706 1734 Alexandrum

27 1756 29 1761 ⁴
108 1762 286 1818 (326F1
319 1760 434 1813 οἶμαι
467 1763 501 1805 δ’
535 1763 586 1806 ἂν
619 1763 744 1805 αὐτὸν
776 1764 924 1816 εἰπεῖν)
950 1767 992 1805 et
1019 1766 1162 1805 tamen
1191 1762 1243 1805 ad
1271 1767 1466 1805 auctores
1492 1768 1711 1819 provocat,

107 1836 412 1887 Onesicritum,
455 1834 733 1878 Aristotelem
778 1833 899 1885 alios,
941 1836 986 1877 in
1029 1833 1214 1877 secunda
1253 1836 1441 1877 oratione
1482 1835 1633 1885 rarius,
1665 1835 1710 1876 in

105 1909 246 1966 priore
275 1906 532 1964 frequenter.
566 1906 812 1949 Absurdum
840 1906 920 1950 hoc
948 1906 1130 1949 dicerem
1159 1907 1333 1957 vitium,
1364 1907 1446 1948 nisi
1473 1908 1517 1948 in
1546 1905 1711 1949 deliciis

109 1979 224 2023 hunc
255 1982 467 2023 oratorem
499 1978 716 2022 haberem.

171 2147 238 2190 Ad
269 2145 462 2205 singulos
492 2145 605 2190 locos
638 2146 850 2202 verbaque
885 2159 990 2202 quae
1023 2149 1224 2188 annotem
1258 2146 1517 2201 paucissima
1549 2148 1663 2187 sunt.

171 2218 242 2262 Or.
275 2218 296 2261 I
328 2217 415 2262 326
427 2217 475 2262 F.
509 2217 572 2261 De
603 2217 729 2260 rebus
762 2231 786 2259 a
817 2231 861 2260 se
893 2218 1028 2274 gestis
1055 2221 1098 2259 et
1122 2216 1207 2260 alia
1234 2215 1445 2260 declamat
1471 2215 1710 2260 Alexander

112 2294 156 2334 et
185 2290 312 2334 haec:

355 2361 436 2412 ἐγὼ
469 2361 504 2403 δ’
538 2361 593 2407 εἷς
629 2363 766 2403 Σοῦσα
802 2359 852 2402 δι’
886 2360 1101 2411 Ἀρβήλων
1134 2359 1404 2410 ἀναβέβηκα.

170 2431 357 2476 Venusto
389 2432 469 2476 hoc
501 2432 587 2477 fere
618 2445 767 2475 sensu:
802 2431 988 2484 „Arbela
1020 2432 1131 2474 mihi
1163 2437 1421 2488 aperuerunt
1459 2434 1575 2474 viam
1603 2446 1709 2488 quae

107 2503 215 2547 Susa
247 2502 410 2556 ducit’',
443 2503 600 2547 Arbela
631 2518 707 2560 pro
739 2505 920 2546 victoria
952 2503 1123 2547 Arbelis
1151 2508 1377 2560 reportata.
1404 2503 1491 2547 Sed
1521 2505 1710 2559 corrupit

109 2575 407 2633 metaphoram
438 2574 594 2619 sciolus
624 2575 849 2618 inserendo
882 2579 997 2617 νικῶν
1031 2580 1126 2632 post
1163 2579 1317 2619 Σοῦσα.

173 2741 310 2788 327Β
351 2743 408 2786 τὰ
441 2743 567 2786 λοιπὰ
600 2743 635 2785 δ’
669 2743 796 2786 Ἰνδῶν
828 2743 993 2795 πληγαι
1028 2759 1097 2785 και
1131 2743 1223 2793 βίαι
1258 2745 1404 2793 θυμῶν.

168 2815 253 2858 Pro
295 2813 452 2858 ultimo
492 2813 700 2858 vocabulo
745 2814 889 2859 Herw.
923 2817 1148 2872 proposuit
1180 2815 1331 2867 θηρίων.
1365 2814 1531 2858 Nomen
1555 2813 1709 2870 populi

109 2886 308 2944 equidem
341 2885 633 2944 praetulerim.
