2002 3372
1087 287 1172 331 322

344 411 411 453 uxi
455 409 688 461 βασκάνους
722 408 886 460 ἀνάγκη
919 407 974 450 τὰ
1006 408 1216 460 <vinnam
1249 408 1317 452 καὶ
1351 409 1444 464 [τὰ]
1477 410 1808 462 παρηγορήματα
1838 425 1916 461 μη-

343 482 569 534 χοινίἑσθοιι.

404 552 549 595 Tenue
591 550 662 593 sed
700 553 865 592 certum
905 549 974 592 hic
1016 563 1181 606 quoque
1217 549 1518 594 documentum
1549 550 1654 593 bene
1683 548 1842 595 Graece
1871 564 1916 594 se

342 624 445 665 scire
487 621 603 664 dedit
642 620 943 676 StegmannuS,
986 621 1060 676 qui
1089 620 1205 663 istud
1236 622 1290 664 τά
1324 620 1541 664 deleverit.
1573 620 1796 678 Quousque
1824 624 1916 665 tau-

341 693 436 736 dem
468 694 512 734 in
544 696 666 735 textu
697 689 975 734 retinebitur?

400 847 532 892 5430
583 851 701 890 τοῦτο
744 847 790 896 δὴ
831 847 876 889 τὸ
921 847 1190 899 παράδειγμα
1235 847 1302 889 καὶ
1345 846 1470 900 ρ’ἧτορι
1515 845 1682 899 δίδωσιν,
1725 844 1854 900 ἄνπερ
1890 843 1914 900 ᾖ

337 919 529 972 χρηστός,
563 918 837 971 ἐπαινουμένῳ
868 918 955 969 περὶ
991 918 1115 969 λόγου
1147 917 1370 968 δεινότητα,
1398 917 1636 968 μεταθεῖναι
1661 917 1730 959 τὸν
1755 916 1915 960 ἔπαινον

340 991 405 1033 ἐπὶ
439 990 505 1032 τὸν
537 991 628 1042 βίον
660 990 728 1032 καὶ
762 990 807 1031 τὸ
841 985 942 1038 ἦθος.

398 1061 608 1117 Interpres
650 1060 806 1103 δίδωσιν
845 1061 975 1103 vertit
1007 1059 1200 1111 ,‚docet'’.
1242 1059 1494 1116 Oportebat:
1535 1059 1790 1115 „permittit,
1820 1072 1914 1103 oon·

338 1131 491 1174 cedit.''
525 1132 617 1174 Hoc
648 1133 764 1174 enim
797 1145 920 1173 sensu
950 1131 1340 1187 frequentissimum
1372 1129 1485 1186 apud
1515 1129 1809 1173 Plutarchum.

402 1287 536 1332 544ss
577 1289 744 1345 Apponi
785 1287 1042 1345 Agathocles
1083 1291 1124 1330 et
1167 1300 1292 1330 aurea
1323 1286 1562 1343 caelataque
1594 1290 1636 1329 et
1666 1285 1814 1330 fictilia
1841 1298 1914 1342 po-

340 1359 436 1402 cula
476 1361 616 1410 iussit,
657 1363 774 1402 tum:
810 1373 888 1411 „en
920 1359 1022 1415 quid
1053 1359 1187 1415 possit
1217 1356 1456 1401 industria'’
1489 1359 1549 1400 ait
1582 1361 1652 1409 „et
1681 1356 1914 1400 indefessus

335 1429 505 1473 labor’':

398 1502 516 1551 ἡμεῖς
549 1500 683 1543 πάλαι
717 1504 869 1553 ταῦτα,
904 1503 971 1542 νῦν
1002 1501 1036 1542 δ’
1069 1500 1201 1542 ἐκεῖνοι
1235 1502 1438 1549 ποιοῦμεν.

397 1571 580 1629 Egregie
607 1586 778 1615 sensum
803 1572 994 1614 restituit
1021 1569 1206 1614 Cobetus
1230 1570 1432 1628 legendo:
1463 1570 1580 1619 ἡμεῖς
1609 1567 1743 1611 πάλαι
1773 1570 1910 1610 ταῦτα

340 1644 566 1696 ἐποιοῦμεν,
595 1646 660 1685 νῦν
689 1642 722 1685 δ’
739 1643 874 1685 ἐκεῖνοι
903 1640 1066 1694 ἔχομεν.
1094 1641 1176 1685 Sed
1193 1640 1343 1684 collato
1365 1639 1724 1697 apophthegmata
1739 1634 1911 1692 (176E)

336 1714 447 1771 quod
479 1715 537 1756 sic
570 1717 633 1757 est
662 1713 893 1757 traditum:

396 1788 570 1827 τοιαῦτα
602 1789 720 1827 ποιῶν
752 1784 936 1837 πρότερον
969 1787 1035 1826 νῦν
1067 1786 1239 1827 τοιαῦτα
1273 1788 1379 1826 ποιεῖ

337 1857 475 1898 nescio
516 1869 568 1898 an
609 1855 700 1898 illic
734 1870 809 1911 pro
842 1860 950 1897 ποιεῖ
977 1853 1206 1911 legendum
1239 1855 1295 1896 sit
1324 1855 1517 1903 ποιοῦμαι
1549 1855 1591 1895 et
1620 1854 1763 1894 noster
1792 1849 1910 1894 locus

335 1929 395 1969 sic
426 1926 715 1984 refingendus;
751 1928 866 1976 ἡμεῖς
901 1926 1036 1968 πάλαι
1071 1927 1192 1967 ταῦτ’
1225 1926 1446 1976 ἐποιοῦμεν,
1473 1926 1539 1966 νῦν
1565 1924 1599 1966 δ’
1623 1924 1755 1966 ἐκεῖνα
1782 1922 1910 1965 ποιού-

334 1999 454 2048 μεθα.
490 1996 604 2039 Olim
636 1996 895 2054 Agathocles
925 1998 1015 2053 ipse
1046 1995 1194 2039 fictilia
1225 1995 1416 2047 faciebat,
1450 1993 1521 2037 sed
1546 2007 1619 2037 rex
1645 1992 1781 2036 factus
1804 1991 1910 2035 alios

334 2069 414 2111 sibi
445 2082 571 2111 aurea
590 2067 740 2125 facere
769 2068 923 2110 iubebat
954 2066 1116 2123 pocula.

395 2231 530 2275 544E
576 2232 917 2276 Oommemorata
958 2232 1034 2275 illa
1075 2232 1382 2289 Spartanorum
1423 2230 1633 2275 cantilena
1673 2227 1779 2284 ἆμές
1817 2232 1907 2274 ποκ’

334 2303 417 2346 κτὲ.
450 2304 553 2346 haec
585 2303 725 2346 addit:

394 2379 528 2422 καλῶς
561 2375 631 2417 nai
664 2379 877 2423 πολιτικῶς
911 2377 981 2417 τοῦ
1016 2373 1222 2426 νομοθέτου
1254 2373 1310 2416 τοὶ
1337 2373 1507 2423 πλησίον
1533 2373 1602 2415 καὶ
1629 2373 1756 2416 οἰκεῖα
1781 2387 1907 2426 πωροι-

335 2445 547 2496 &simam
582 2450 663 2492 τοῖς
698 2446 792 2491 νέοις
825 2446 873 2488 δι’
906 2447 1039 2488 αὐτῶν
1070 2450 1147 2488 τῶν
1178 2444 1453 2496 εἰργασμένων
1484 2443 1697 2491 ἐπιθέντος.

392 2516 610 2559 Ultimum
657 2515 915 2560 vocabulum
959 2515 1070 2559 unde
1115 2516 1267 2558 habeat
1307 2514 1441 2558 editor
1481 2529 1562 2558 non
1603 2528 1717 2558 curo.
1763 2511 1907 2557 Multo

332 2588 488 2630 rectius
520 2587 587 2630 W.
620 2587 853 2634 ἐκτιθέντος.
886 2587 1026 2630 Possis
1058 2587 1186 2629 etiam
1219 2586 1480 2638 προτιθέντος.

393 2742 530 2786 546Α
572 2742 851 2794 Versiculum,
885 2756 1013 2799 quem
1042 2745 1154 2785 recte
1185 2743 1245 2785 sic
1277 2741 1409 2784 edidit
1438 2740 1530 2784 W.:
1581 2751 1584 2754 ⁴

510 2816 630 2855 ταῦτ’
665 2813 747 2866 ἔχω
781 2813 865 2856 ὅσσ’
900 2812 1061 2866 ἔφαγον
1093 2813 1161 2855 aa)
1195 2812 1402 2865 ἐφύβρισα
1435 2812 1504 2854 καὶ
1536 2811 1628 2861 μετ’
1661 2809 1797 2863 ἔρωτος

529 2884 573 2925 τέ
637 2885 654 2925 θ
684 2901 701 2924 ν

332 2953 454 3008 plane
488 2888 867 3005 &zeessvnrzddidit
893 2968 1027 2997 novus
1055 2953 1190 2996 editor
1215 2953 1282 3003 ἠδέ
1306 2952 1486 3009 legendo
1511 2965 1586 3008 pro
1613 2949 1792 2994 secundo
1818 2950 1902 2992 καί.
