2002 3372
867 193 923 239 79

127 318 270 364 ‘9613
315 317 418 363 Sine
457 316 601 375 aliqua
642 315 925 359 similitudine
967 330 1050 360 non
1091 317 1282 359 nascitur
1323 317 1536 359 amicitia:
1586 312 1683 357 ὅπου

34 391 38 397 ”
76 392 177 446 ’γὰρ
218 390 290 435 καὶ
331 391 388 433 τὰ
431 389 590 444 ἄψυχα
631 388 708 435 τὰς
752 387 884 439 μίξεις
928 388 1023 441 πρὸς
1066 387 1122 430 τὰ
1156 386 1328 438 ἀνόμοια
1363 393 1539 430 ποιεῖται
1573 388 1685 438 μετὰ

93 463 195 516 βίας
244 459 573 516 ἆναγκαζόμενα
619 460 689 503 καὶ
737 459 902 513 ὀκλάζει
951 459 1020 502 καὶ
1070 460 1312 510 ἀγανακτεῖ
1351 459 1566 512 Φεύγοντα
1611 460 1688 500 ἀπ’

93 535 302 585 ἀλλήλων.

29 602 31 608 ⁴
153 605 354 649 Primum
392 617 547 649 verum
580 617 666 647 non
697 606 761 646 est
792 602 906 659 quod
938 602 1067 645 refert
1100 602 1238 645 editor
1269 601 1458 646 Graecus
1490 601 1689 660 Wytten—

88 675 294 722 bachium
325 690 402 734 pro
433 673 590 728 ἄψυχα
623 675 852 717 coniecisse
879 673 1035 725 ἄλογα.
1068 673 1209 717 Immo
1236 688 1339 718 vero
1367 672 1524 727 ἄψυχα
1553 673 1690 716 defen·

93 748 159 793 dit
188 746 546 807 Wyttenbachius
589 750 632 789 et
663 748 767 789 satis
799 747 942 803 inepte
976 745 1163 802 quidem,
1198 760 1267 788 me
1298 745 1451 797 iudice,
1486 745 1686 789 defendit.

31 816 33 818 ’
93 819 284 864 Annotat
326 819 466 862 enim:
512 818 656 870 „bruta
698 818 758 860 sic
801 817 885 860 dici
917 831 1077 860 novum
1112 831 1186 860 nec
1218 817 1355 860 adhuc
1389 817 1687 869 observatum3

34 922 37 923 ν
91 891 270 936 fortasse
295 889 451 935 Stoicis
478 888 707 946 aliquando
734 892 1007 946 usurpatum,
1035 893 1147 932 certe
1162 888 1331 931 licebat.
1361 888 1416 931 Et
1434 887 1690 932 Plutarchus

37 951 41 963 Δ
90 964 141 1007 in
168 961 320 1008 Crasso
349 975 392 1019 p,
423 960 511 1004 544
529 961 566 1003 A
595 958 752 1014 ἄψυχα
780 962 956 1017 opponit
983 961 1213 1013 ἀνθρώποις,
1241 974 1371 1002 servos
1400 958 1688 1017 significans'’.

90 1033 142 1079 In
168 1032 249 1078 illo
276 1033 368 1078 loco
401 1032 673 1083 Plutarchus,
705 1034 818 1081 sicut
843 1046 1011 1088 semper
1037 1032 1229 1075 fecerunt
1256 1045 1402 1074 omnes
1429 1033 1504 1087 qui
1531 1029 1691 1074 Graece

34 1123 39 1158 i
90 1107 368 1167 scripserunt,
408 1106 521 1148 inter
565 1118 608 1147 se
649 1105 827 1160 opponit
873 1103 928 1146 τὰ
968 1101 1124 1156 ἄψυχα
1169 1107 1212 1146 et
1253 1105 1308 1144 τοὶ
1354 1103 1550 1157 ἔμψυχα,
1585 1117 1692 1159 quae

34 1172 38 1178 ’
91 1178 187 1223 vita
227 1179 372 1221 carent
413 1179 456 1219 et
496 1190 604 1233 quae
645 1177 784 1219 vitam
829 1175 1002 1227 habent,
1042 1178 1086 1218 et
1126 1189 1238 1217 nunc
1269 1174 1443 1231 quidem
1475 1188 1552 1217 suo
1582 1176 1691 1226 iure,

96 1249 298 1307 quoniam
326 1248 377 1292 de
405 1249 539 1291 servis
566 1246 772 1304 loquitur,
800 1247 879 1290 hos
907 1245 1088 1299 ἔμψυχα
1113 1246 1270 1298 ὄργανα
1300 1245 1417 1298 dicit,
1436 1245 1508 1288 sed
1525 1249 1693 1302 poterat

36 1359 38 1361 ,
94 1320 246 1364 eodem
286 1321 458 1364 nomine
500 1324 543 1362 et
584 1333 727 1376 equos,
759 1319 905 1367 boves,
939 1332 1076 1370 canes,
1110 1318 1251 1360 omnia
1285 1317 1465 1374 denique
1496 1317 1692 1359 amimalia

92 1391 293 1436 indicare.
320 1390 387 1434 Ex
413 1394 504 1434 tota
529 1404 631 1448 ergo
654 1389 973 1447 Wyttenbachii
996 1390 1268 1432 annotatione
1284 1391 1460 1446 apparet
1476 1390 1692 1431 neminem

93 1476 287 1520 unquam
312 1462 440 1506 bruta
465 1460 622 1504 dixisse
648 1459 820 1515 ἄψυχα.
854 1461 966 1504 Nam
983 1459 1094 1517 quod
1111 1460 1161 1502 de
1178 1459 1333 1503 Stoicis
1350 1461 1692 1503 comminiscitur

99 1533 152 1579 de
181 1532 318 1578 nihilo
347 1532 494 1576 fictum
528 1536 606 1576 est.
638 1533 788 1589 Neque
820 1532 1057 1588 quidquam
1090 1531 1198 1589 fingi
1230 1533 1373 1588 potuit
1403 1531 1517 1588 quod
1549 1533 1695 1574 minus

34 1651 36 1667 ζ
96 1609 209 1655 esset
239 1603 490 1650 verisimile.
521 1604 686 1648 Stoicos
718 1605 834 1648 enim
868 1605 1068 1647 novimus
1098 1604 1191 1660 ipso
1221 1602 1298 1646 illo
1330 1603 1496 1654 ἀλόγων
1523 1604 1696 1646 nomine

95 1690 197 1722 usos
233 1690 324 1721 esse
364 1675 418 1719 ad
459 1675 612 1719 duram
653 1675 1020 1732 inhumanamque
1063 1674 1368 1718 defendendam
1412 1676 1694 1718 sententiam:

35 1779 37 1781 >
87 1762 261 1805 pronus
299 1761 440 1791 carere
480 1748 643 1791 ratione
687 1747 827 1798 bruta,
870 1745 1050 1803 ideoque
1093 1744 1235 1795 ἄλογα
1280 1745 1387 1797 dici;
1437 1744 1547 1787 nihil
1589 1759 1692 1802 ergo

36 1871 38 1873 v
95 1834 198 1864 cnm
238 1819 487 1863 hominibus
526 1819 681 1862 habere
733 1831 975 1870 commune,
1016 1818 1154 1875 igitur
1188 1816 1299 1859 nihil
1330 1831 1413 1860 non
1445 1816 1694 1859 hominibus

96 1890 303 1935 adversus
331 1904 390 1934 ear
412 1889 554 1934 licere.

156 1962 207 2007 In
246 1961 456 2007 eiusmodi
496 1962 832 2019 disputationem
875 1975 944 2004 eos
986 1959 1039 2003 ad
1081 1961 1199 2002 bruta
1242 1958 1520 2016 significanda
1561 1961 1693 2002 intro-

95 2033 271 2078 duxisse
313 2047 471 2077 nomen
517 2047 542 2076 a
582 2032 756 2090 vulgari
799 2046 881 2075 usu
925 2031 1122 2075 recedens
1173 2032 1270 2087 quis
1316 2028 1487 2074 credat?
1537 2030 1693 2073 Omnes

96 2115 265 2163 semper
294 2105 507 2157 homines,
538 2104 611 2148 sed
642 2118 743 2161 prae
774 2105 927 2147 ceteris
959 2103 1108 2153 Stoici,
1135 2101 1290 2155 ἄψυχα
1320 2101 1620 2146 tantummodo
1647 2115 1696 2145 ea

35 2188 37 2237 j
95 2177 375 2221 nominarunt
403 2189 512 2232 quae
538 2177 630 2219 vita
655 2179 866 2228 carerent;
900 2176 1030 2225 bruta,
1059 2176 1258 2231 quamvis
1284 2188 1333 2217 ea
1361 2176 1695 2224 contemnerent,

36 2268 38 2274 >
96 2263 182 2293 non
210 2249 355 2292 minus
381 2261 510 2305 quam
536 2247 745 2300 homines,
776 2252 858 2293 τοῖς
889 2247 1099 2300 ἐμψύχοις
1126 2245 1476 2289 adnumerarunt.
1510 2245 1699 2302 Apparet

38 2331 39 2374 j
96 2334 213 2379 ergo,
256 2321 546 2376 cuiuscunque
588 2333 638 2362 ea
679 2319 749 2370 sit,
788 2332 935 2363 veram
968 2322 1010 2360 et
1042 2318 1320 2360 necessariam
1353 2316 1695 2360 emendationem

39 2424 42 2429 ,
97 2405 190 2436 esse
231 2389 387 2443 ἄλογα.
436 2391 661 2434 Praeterea
704 2405 726 2433 e
771 2393 893 2433 textu
935 2389 1215 2433 removendae
1259 2394 1358 2432 sunt
1402 2390 1698 2431 annotationes

53 2490 55 2495 -
99 2460 425 2516 ἀναγκαζόμενα
471 2461 602 2518 (quod
643 2464 739 2518 post
780 2461 893 2511 μετὰ
935 2462 1035 2513 βίας
1076 2459 1252 2503 moleste
1285 2459 1492 2513 abundat)
1526 2463 1567 2502 et
1597 2459 1699 2512 φεύ-

98 2550 231 2588 γοντα
273 2535 349 2576 ἀπ’
393 2534 588 2583 ἀλλήλων
631 2533 762 2590 (quod
803 2532 946 2576 locum
988 2546 1161 2588 prorsus
1208 2531 1481 2588 pessumdat:
1534 2532 1692 2573 etenim

41 2599 44 2662 ᾗ
99 2606 338 2659 ἀγανακτεῖ
377 2605 593 2657 Φεύγοντα
638 2605 713 2645 ἀπ’
757 2604 951 2653 ἀλλήλων
980 2608 1078 2646 'non
1122 2606 1263 2658 potest
1305 2601 1429 2644 aliter
1470 2614 1600 2658 quam
1635 2602 1695 2643 sic

97 2678 256 2735 accipi:
293 2675 498 2728 „moleste
533 2676 675 2719 ferunt
707 2689 806 2718 cum
839 2676 951 2718 inter
983 2689 1028 2717 se
1059 2673 1345 2731 aufugiunt’';
1381 2674 1502 2729 atqui
1533 2677 1697 2715 contra-

97 2749 214 2797 rium
255 2747 326 2791 hic
367 2750 698 2804 exspectamus).
741 2746 832 2789 Iam
876 2747 1054 2788 remotis
1087 2746 1205 2788 vitiis
1239 2743 1517 2800 sordibusque
1554 2742 1697 2786 locum

97 2820 158 2864 sic
189 2822 427 2864 conectum
459 2832 661 2875 compara
692 2831 792 2861 cum
823 2818 878 2859 iis
910 2831 1018 2874 quae
1051 2817 1200 2859 statim
1234 2819 1535 2872 opponuntur:

159 2895 243 2938 τοῖς
270 2889 311 2933 δὲ
341 2889 560 2941 συγγενέσι
590 2889 656 2932 καὶ
686 2890 839 2936 οἰκείοις
869 2888 1074 2938 ὁμοπαθεῖ
1099 2887 1375 2939 κεραννύμενα
1400 2887 1468 2928 καὶ
1488 2887 1698 2938 προσίεται

98 2963 171 3012 rin
206 2962 407 3005 κοινωνίαν
442 2961 558 3009 λείως
595 2960 663 3003 καὶ
698 2962 793 3010 μετ’
827 2959 1043 3010 εὐμενείας
