1930 3354
1028 291 1114 335 686

283 411 549 467 perpenderit
575 414 766 462 „tantine
788 414 871 455 ista
892 413 973 455 tibi
995 413 1222 457 videntur?
1248 415 1399 458 Nonne
1419 414 1559 459 Stoica
1574 420 1674 460 sunt
1689 416 1858 463 omia?

283 480 405 525 Certe
435 482 545 524 nihil
574 484 684 525 inest
715 483 827 539 quod
859 487 1079 540 tamquam
1104 486 1325 541 proprium
1353 489 1396 528 et
1417 485 1629 543 peculiare
1651 486 1858 531 sihilPlu·

281 552 453 595 tal-chus
481 557 581 598 tuus
608 553 822 596 vindicare
849 558 1001 610 potest.
1033 555 1179 612 Neque
1206 557 1376 612 probari
1402 558 1482 600 tibi
1498 563 1602 615 puto
1619 557 1858 603 Stoicorum

279 621 401 664 illam
445 626 627 665 mortem
661 622 963 675 voluntariam,
994 639 1100 681 quae
1133 629 1222 668 tam
1254 631 1396 682 aperte
1427 627 1495 670 hic
1526 628 1856 680 commethur.

280 693 345 734 An
378 692 485 734 forte
515 695 661 750 magni
691 694 792 736 facis
822 695 905 736 ista
937 709 988 737 ex
1021 696 1253 751 etymoloqia
1283 698 1417 753 petita
1449 701 1702 755 argmenta
1711 697 1756 742 2³³
1791 720 1793 722 ·

339 762 521 805 Minime
563 764 759 820 equidem
791 778 902 822 nego
936 765 1075 808 multa
1106 767 1220 823 apud
1251 766 1531 811 Plutarchum
1562 767 1650 826 legi
1681 782 1789 827 quae
1818 772 1858 813 01

280 835 365 876 sint
390 837 631 878 communia
657 850 755 878 cum
781 837 884 892 ipsis
911 836 1175 894 philosophis
1197 853 1302 895 quos
1328 841 1521 882 omnium
1548 841 1724 884 minime
1749 841 1858 884 ferre

280 906 414 960 possit
425 919 435 957 ;
481 906 532 948 ad
572 906 680 948 illud
721 907 855 958 ἐγγὺς
898 909 1022 958 λιμήν
1063 909 1174 964 (111οᾶ
1214 910 1411 965 pertinet,
1453 912 1539 952 iam
1572 910 1859 955 demonstravi

278 974 399 1018 illam
431 975 718 1019 voluntariam
747 977 988 1020 Stoicorum
1021 983 1203 1022 mortem
1237 979 1365 1036 longe
1399 981 1451 1023 ab
1483 995 1531 1023 eo
1562 980 1726 1024 differre
1758 980 1858 1024 faci·

280 1059 382 1088 nore
424 1046 536 1102 quod
577 1061 652 1089 1108
685 1048 860 1107 barbaro
893 1048 1098 1092 vocabulo
1132 1049 1418 1100 „suicidium”
1450 1050 1742 1108 appellarent
1763 1052 1858 1095 abo·

280 1117 434 1159 minari
474 1115 675 1159 solemus.
718 1117 908 1174 Denique
951 1123 1204 1175 argumenta
1245 1119 1368 1176 quale
1413 1125 1478 1163 est
1517 1119 1628 1163 illud
1659 1121 1857 1173 „chum-02

278 1185 373 1228 ideo
415 1186 571 1229 dicitur
607 1189 706 1243 quia
737 1188 817 1230 ἄνω
851 1188 937 1231 off
971 1189 1079 1231 mihi
1110 1190 1282 1246 quidem
1314 1190 1515 1234 videntur
1543 1190 1855 1244 absurdissima,

280 1261 324 1299 at
356 1257 503 1300 eadem
535 1257 704 1302 Platoni
735 1261 826 1303 visa
857 1265 954 1302 sunt
988 1262 1181 1303 omnium
1213 1265 1568 1317 argumentorum
1601 1261 1856 1314 firmissima,

279 1342 413 1384 neque
459 1334 547 1371 tota
594 1331 849 1385 antiquitate
896 1332 1094 1387 cuiquam
1137 1331 1386 1388 philosopho
1426 1334 1472 1375 in
1511 1337 1698 1376 mentem
1738 1335 1857 1376 venit

279 1413 475 1455 spernere
510 1414 556 1442 ea
588 1406 629 1442 et
659 1401 808 1444 ridere.

339 1470 396 1511 At
437 1472 585 1525 quanti
626 1472 682 1513 sit
723 1471 912 1514 facienda
953 1473 1057 1514 certi
1098 1472 1280 1516 alicuius
1311 1473 1499 1516 hominis
1529 1474 1664 1530 pietas
1691 1486 1779 1518 non
1804 1487 1855 1516 ex

278 1542 543 1597 argumentis
586 1541 766 1584 efficitur
807 1543 960 1598 quibus
1002 1558 1094 1585 eam
1137 1543 1345 1587 defendit:
1377 1558 1400 1587 e
1431 1543 1600 1588 soloea
1630 1545 1735 1587 voc-ie
1762 1558 1856 1587 cono

277 1611 538 1667 intelligitur
578 1627 705 1668 quam
748 1619 947 1669 provocat
977 1616 1083 1670 ipsa.
1116 1614 1172 1657 Et
1202 1619 1457 1671 argumenta
1487 1629 1595 1672 quae
1623 1615 1693 1659 hic
1723 1615 1855 1673 profe-

277 1687 443 1734 runtur,
486 1684 680 1738 quamvis
723 1697 771 1725 ea
811 1687 983 1740 respuat
1025 1684 1214 1727 doctrina
1254 1689 1398 1728 nostra
1440 1689 1496 1738 et,
1538 1687 1688 1742 siqua
1716 1687 1854 1729 estin

277 1753 411 1804 nobis,
455 1754 675 1809 sapientia,
707 1757 751 1795 at
776 1758 923 1809 pectus
956 1759 1150 1797 nostrum
1181 1756 1452 1799 vehementer
1482 1755 1630 1799 eadem
1657 1754 1735 1800 illa
1761 1771 1855 1814 pro-

279 1824 361 1874 bat,
402 1825 501 1880 quia
540 1824 617 1866 hac
658 1825 930 1880 proferuntur
970 1840 1086 1869 voce.
1120 1828 1260 1882 Atque
1291 1827 1342 1869 de
1372 1831 1462 1870 toto
1491 1827 1606 1870 idem
1637 1827 1758 1871 nobis
1789 1833 1854 1870 est

277 1895 550 1936 statuendum
591 1895 853 1951 fragmento:
898 1898 1057 1938 mirum
1088 1898 1132 1939 in
1164 1897 1338 1939 modum
1370 1911 1446 1940 nos
1477 1902 1719 1941 commovet
1749 1897 1853 1941 deti-

276 1969 442 2020 netque,
477 1967 575 2021 quia
607 1966 726 2008 nobis
758 1966 808 2008 ab
840 1966 917 2009 hoc
950 1965 1171 2024 philospho
1202 1969 1248 2010 111
1279 1967 1426 2010 aedem
1452 1967 1664 2024 quandam
1687 1967 1853 2026 religio·

275 2037 341 2077 nis
381 2034 551 2091 plenam
591 2036 803 2079 introduci
844 2037 1055 2088 videmur,
1098 2038 1199 2081 licet
1240 2039 1368 2081 verba
1410 2040 1502 2082 01118
1542 2038 1766 2082 audiamus
1806 2042 1852 2082 111

276 2107 552 2148 recentiorem
594 2121 829 2150 sermonem
870 2122 1082 2151 conversa.
1116 2108 1351 2165 Tamquam
1385 2109 1574 2154 sacerdos
1603 2110 1672 2154 (101
1700 2109 1851 2167 plenus

275 2176 344 2218 hic
386 2175 576 2233 loquitur
616 2177 872 2220 Plutarchus
915 2180 1014 2234 quia
1045 2178 1095 2221 de
1128 2193 1176 2221 ea
1207 2193 1251 2222 re
1284 2193 1327 2222 se
1359 2179 1477 2236 loqui
1496 2182 1638 2223 'sentit
1669 2195 1775 2238 quae
1805 2182 1851 2224 in

276 2249 390 2289 omni
436 2249 593 2303 pietate
639 2250 894 2304 primarium
934 2253 1051 2292 tenet
1095 2249 1252 2292 locum.
1295 2249 1357 2293 De
1398 2251 1696 2294 immortalitate
1726 2252 1854 2295 'anim'

274 2317 477 2374 loquitur.
520 2319 613 2361 Hoc
653 2321 728 2375 qui
769 2321 923 2362 nititur
962 2320 1236 2363 fundamento
1278 2325 1361 2363 stat
1401 2320 1550 2364 firmus
1590 2326 1848 2379 erectusque,

275 2403 444 2431 sursum
486 2404 652 2446 semper
692 2389 886 2432 attollere
928 2395 1056 2446 caput
1095 2395 1237 2446 potest
1267 2395 1324 2442 et,
1361 2391 1471 2447 quod
1501 2394 1740 2435 maximum
1771 2398 1848 2445 est,

274 2460 366 2515 ipsa
403 2459 683 2502 Providentiae
723 2460 910 2515 mysteria
950 2460 1112 2516 placido
1155 2461 1349 2518 laetoque
1388 2464 1526 2518 potest
1557 2462 1850 2520 comtemplari

275 2529 401 2573 vultu
443 2532 643 2586 quoniam
687 2531 768 2573 sibi
807 2531 935 2573 habet
974 2545 1224 2586 persuasum
1257 2547 1305 2575 ea
1336 2546 1504 2589 quoque
1533 2532 1759 2589 aliquando
1787 2535 1850 2577 ita

274 2599 540 2642 illustratum
571 2602 625 2642 iri
658 2607 707 2643 ut
739 2614 837 2643 vera
869 2615 1016 2643 eorum
1048 2600 1211 2644 eluceat
1242 2603 1364 2645 ratio.
