1930 3354
866 268 952 313 617

50 401 58 434 ἒ,
112 394 240 446 niun,
267 396 324 437 *et
352 415 414 433 υ,-
444 394 528 436 nisi
570 407 640 436 me
681 391 838 436 fallunt
879 394 1021 435 omnia
1055 418 1110 426 —
1144 392 1367 436 Plutarchi
1396 393 1442 435 iu
1473 390 1706 435 sacerdotio

53 459 55 463 Α
114 462 323 522 Βοὶρὶιίοο
362 463 586 508 decessori,
625 463 738 507 Nam
781 463 894 519 quod
939 464 1017 507 sub
1047 464 1175 508 finem
1206 465 1358 520 capitis
1391 462 1450 507 24
1479 464 1572 520 ipse
1603 462 1707 506 Plu-

53 591 55 595 *
113 535 289 580 tarchua
317 535 386 580 his
416 535 559 579 verbis
590 534 804 592 significat
836 549 912 577 cur
939 534 1149 591 reliquam
1178 549 1344 591 quoque
1370 534 1706 591 disputationem

49 622 51 627 ·
113 605 276 651 mitani
305 606 588 662 mandandam
619 610 789 650 censeat
819 606 901 652 νέος
934 607 1038 657 ἐστί,
1070 606 1211 663 lepide
1242 610 1285 649 et
1315 606 1474 650 urbane
1505 620 1605 649 eum
1637 606 1706 651 hic

51 679 53 681 ’
112 678 250 723 huri·
285 677 563 722 manifestum
607 681 686 721 est.
729 677 915 720 Memini
946 692 1015 721 me
1047 677 1304 721 hodiernum
1331 677 1540 735 quendam
1573 676 1709 734 philo-

113 749 298 808 n'phum
313 763 390 793 nc
405 749 702 806 disputantem
729 749 898 792 audire:
935 751 999 800 „si
1029 749 1133 793 dicis
1160 750 1224 792 bis
1252 750 1373 792 binos
1398 763 1488 792 esse
1511 753 1706 806 quatuor,

113 822 209 879 ipse
243 820 638 865 luculentissimum
679 820 754 863 das
794 822 1090 864 testimonium
1134 821 1198 864 bis
1240 821 1363 864 binos
1405 824 1591 876 quatuor
1630 835 1710 863 non

115 906 219 944 esse,
258 906 358 936 nam
401 893 439 935 si
478 897 632 943 essent,
675 891 778 948 quid
824 896 866 935 te
909 891 1045 935 dicere
1085 893 1295 936 attinebat
1307 890 1353 935 ?''
1386 891 1531 936 Multo
1565 893 1710 934 minus

113 962 301 1009 theudo
341 977 471 1020 quam
517 965 657 1020 primo
700 962 874 1006 videtur
914 968 1102 1021 aspectu,
1146 967 1258 1007 certe
1299 964 1343 1005 in
1386 963 1493 1006 hanc
1535 975 1708 1006 causam

48 1079 50 1090 ἱ
114 1036 293 1094 effug-ie
317 1033 429 1079 illud
458 1036 680 1079 convenit:
714 1049 796 1078 non
829 1036 943 1078 enim
971 1035 1113 1078 verbis
1144 1048 1264 1092 „ag-e,
1294 1038 1342 1077 tu
1367 1033 1555 1078 laborem
1581 1032 1709 1076 illum

50 1111 53 1114 ’
114 1107 293 1158 sustine,
320 1107 492 1150 iuvenis
518 1108 637 1150 enim
669 1108 914 1150 etiamnunc
948 1106 1022 1150 es''
1054 1120 1154 1150 eum
1187 1105 1451 1163 alloquimur
1477 1107 1551 1162 qui
1575 1119 1710 1148 revera

113 1178 379 1223 invenisset
389 1190 402 1229 ;
433 1192 562 1221 renem
590 1182 764 1231 veqetum
794 1178 854 1221 sic
884 1178 1116 1220 incitamus
1148 1180 1274 1234 atque
1307 1177 1420 1220 hunc
1451 1190 1542 1220 esse
1567 1176 1712 1220 verbo-

46 1239 48 1243 ⁷
114 1263 213 1298 rum
251 1247 430 1293 illorum
472 1263 645 1293 sensum
686 1249 782 1293 luce
825 1248 982 1292 clarius
1024 1253 1198 1306 apparet
1241 1263 1293 1291 ex
1335 1250 1390 1291 iis
1423 1262 1530 1304 quae
1562 1248 1711 1291 statim

45 1362 47 1367 .
114 1319 353 1365 adduntur:
376 1320 462 1364 ’καὶ
505 1322 549 1365 οὐ
591 1321 692 1364 δέδιε
731 1322 791 1371 μὴ
824 1321 947 1370 λήθης
980 1320 1147 1367 εὐθύνας
1179 1318 1342 1372 ὑπόσχῃ
1373 1325 1457 1367 τοῖς
1491 1318 1604 1372 νέοις,
1637 1319 1713 1361 ubi

46 1431 50 1448 ,Ἴ
115 1391 305 1437 dubium
321 1406 405 1436 non
430 1396 498 1436 est
524 1394 626 1450 quin
654 1393 724 1436 hic
755 1392 981 1444 „iuvenis”
1010 1396 1236 1447 opponatur
1262 1393 1317 1436 iis
1345 1392 1420 1448 qui
1444 1392 1581 1434 stricto
1595 1405 1712 1434 censu

47 1527 49 1530 Ι
114 1465 445 1521 suntj'iuvenes.
485 1464 612 1518 Nam,
655 1469 707 1508 ut
747 1466 995 1516 minimum,
1038 1463 1224 1520 aequales
1264 1465 1378 1506 iuter
1408 1477 1452 1506 se
1482 1468 1583 1506 sunt
1613 1461 1713 1505 Plu·

113 1535 290 1584 tauhun
329 1534 556 1593 Theoque:
596 1536 727 1580 huius
768 1534 880 1579 filios
920 1538 1026 1578 natu
1068 1536 1250 1579 maiores
1293 1549 1422 1591 quam
1462 1532 1583 1577 illius
1623 1547 1712 1577 esse

43 1635 48 1647 ι
114 1607 281 1653 dinem
311 1610 524 1652 faetantur
565 1606 806 1664 complures
847 1606 943 1658 loci,
978 1606 1029 1650 de
1061 1607 1217 1663 quibus
1248 1619 1377 1662 supra
1407 1607 1494 1649 iam
1526 1607 1712 1662 egimus.

114 1678 317 1736 nequis:
348 1678 493 1723 aedat
532 1693 558 1722 a
597 1679 739 1722 iuvene
778 1677 1014 1723 Plutarcho
1047 1677 1161 1721 hunc
1191 1678 1402 1734 scriptum
1433 1676 1608 1729 librum,
1639 1677 1714 1733 qui

114 1750 277 1808 quiin*
292 1751 451 1807 pagiua
475 1749 646 1807 plenam
673 1751 857 1794 auctoris
873 1753 1059 1793 testetur
1074 1750 1388 1800 maturitatem,
1407 1762 1535 1805 quem
1552 1751 1714 1792 ceterae

114 1821 327 1866 &amatia
351 1835 555 1880 personae
584 1826 806 1879 tamquam
839 1835 968 1865 suum
1002 1822 1240 1878 suspiciant
1266 1817 1556 1877 magistrum?
1587 1819 1713 1863 Esto:

115 1894 287 1951 primas«
316 1896 460 1951 partes
499 1892 617 1937 ‘I'heo
657 1895 763 1950 agit,
806 1893 880 1937 sed
913 1893 1017 1950 quin
1050 1906 1099 1936 ea
1131 1891 1328 1935 defendat
1359 1906 1467 1949 quae
1497 1892 1581 1948 ipsi
1613 1890 1714 1934 Plu-

116 1963 268 2008 tarcho
295 1965 484 2009 maxime
514 1965 631 2009 cordi
664 1966 751 2008 sint
782 1966 878 2022 quis
910 1962 1106 2007 dubitet?
1138 1963 1195 2007 Et
1229 1977 1358 2020 quam
1390 1967 1490 2020 apto
1521 1977 1625 2006 usus
1651 1966 1716 2005 est

116 2035 378 2080 Plutarchus
403 2035 588 2081 artificio
618 2041 669 2080 ut
701 2050 824 2080 suam
857 2036 908 2080 de
939 2036 1212 2094 gravissimis
1242 2036 1369 2078 rebus
1395 2033 1714 2092 philosophiam

117 2107 389 2152 commendet
423 2107 699 2166 leg-entibus!
744 2107 927 2151 Omnem
969 2109 1082 2151 vitat
1124 2108 1394 2164 arrogantiae
1427 2107 1716 2163 suspicionem

44 2239 45 2242 Ἰ
115 2178 378 2238 vestalium
403 2178 554 2232 latens,
581 2180 802 2223 hominem
829 2180 1037 2223 seniorem
1065 2182 1109 2222 et
1136 2192 1308 2222 morum
1334 2179 1547 2221 suavitate
1569 2191 1716 2221 carum

116 2255 427 2309 acceptumque
467 2250 752 2295 audientibus.
796 2250 851 2293 Et
893 2254 1080 2307 quantus
1121 2253 1187 2293 est
1225 2250 1356 2292 huius
1388 2250 1566 2293 oratoris
1595 2248 1717 2305 lepor

116 2331 222 2366 eum
251 2323 508 2366 anctoritate
537 2323 724 2365 iunctus.
756 2321 892 2365 Probe
925 2322 1007 2365 sibi
1037 2326 1102 2365 est
1133 2322 1327 2364 conscius
1353 2321 1561 2364 maiorem
1589 2333 1717 2377 quan-

114 2393 220 2438 dam
263 2393 349 2438 sibi
393 2393 448 2438 ab
493 2394 692 2437 omnibus
729 2393 902 2437 concedi
942 2392 1188 2437 libertatem
1230 2391 1444 2449 loquendi,
1489 2406 1591 2449 ergo
1633 2405 1716 2435 non

115 2468 295 2510 noratur
335 2464 591 2523 simpliciter
630 2469 681 2509 et·
714 2469 859 2522 aperte
901 2479 972 2508 eas
1013 2468 1194 2508 tractare
1236 2478 1302 2508 res
1343 2477 1448 2522 quas
1480 2462 1716 2507 verecunde

120 2537 322 2594 obtegere
363 2540 407 2580 et
446 2540 590 2581 vetare
629 2539 817 2581 iuniores
855 2536 1022 2580 deceat:
1064 2538 1108 2580 in
1153 2536 1440 2593 disputatione
1473 2539 1617 2579 contra
1647 2549 1718 2579 vo-

115 2607 334 2667 luptatem
362 2622 412 2652 ea
436 2622 560 2666 saepe
587 2608 761 2652 dicenda
789 2612 903 2660 sunt,
931 2622 1038 2665 quae
1067 2609 1312 2665 ceteroquin
1338 2609 1468 2651 taceri
1483 2607 1716 2659 malumus,

114 2694 321 2738 §quaeque
340 2693 365 2723 a
391 2694 491 2724 sene
516 2680 601 2723 dici
631 2694 766 2736 aequo
793 2680 972 2724 ferimus
999 2681 1158 2731 animo,
1185 2694 1209 2723 a
1235 2681 1391 2724 iuvene
1417 2694 1503 2723 non
1523 2680 1716 2723 ferimus.

114 2751 180 2797 ant
218 2755 377 2808 quanta
412 2765 543 2795 senex
574 2751 645 2794 hic
675 2750 862 2795 abundat
893 2751 1108 2811 doctrinae
1139 2753 1273 2808 copia,
1307 2754 1466 2807 quanta
1497 2754 1561 2795 est
1593 2752 1637 2794 in
1669 2763 1717 2794 eo

42 2820 45 2821 ⁷
119 2827 338 2874 mustus,
369 2826 662 2880 quantumque
694 2820 969 2866 facetiarum!
1003 2821 1241 2879 Tamquam
1273 2836 1348 2879 per
1378 2821 1533 2866 ludum
1559 2823 1718 2865 iocum-

114 2904 207 2952 ·que
246 2907 296 2937 ea
325 2895 469 2938 omnia
499 2895 544 2936 in
577 2893 807 2937 adversarii
840 2896 968 2950 caput
998 2892 1177 2936 effundit
1209 2907 1394 2950 eumque
1422 2892 1622 2951 profligat
1654 2906 1717 2936 ar-

116 2966 344 3024 gumentis
368 2979 454 3008 nou
481 2967 626 3008 minus
650 2964 803 3022 lepidis
828 2978 958 3022 quam
985 2965 1235 3009 efficacibus.
1264 2965 1413 3009 Nonne
1441 2969 1563 3008 acute
1585 2963 1718 3008 simul

42 3084 45 3086 ,
119 3041 170 3082 ut
198 3037 439 3096 prudenter
475 3037 724 3082 observatur
764 3036 835 3081 vel
874 3036 973 3082 inde
1003 3050 1206 3094 apparere
1240 3035 1509 3095 voluptatem
1541 3051 1623 3080 non
1654 3037 1718 3080 ita
