2002 3372
1064 298 1151 342 386

320 423 393 477 qui
418 433 647 477 puerorum
672 420 937 476 prospiceretv
953 418 1207 473 educationi,
1236 423 1367 466 etiam
1382 423 1573 478 ipsorum
1589 423 1895 480 magistrorum

319 504 538 536 censuram
569 491 781 547 quandam
811 494 1038 542 exerceret,
1065 505 1152 536 11011
1184 494 1228 537 111
1258 491 1439 537 Graecia
1469 492 1608 538 solum
1638 492 1896 550 sedtRmuu

319 565 462 614 etiam,
494 562 624 605 Plinii
655 560 832 617 epistola
863 560 962 605 libri
992 561 1013 605 I
1042 566 1190 607 octava
1222 563 1366 607 docere
1397 567 1549 620 potest.
1595 563 1896 619 Narratoenim

317 634 379 677 ibi
407 632 575 675 Plinius
606 646 649 675 se
682 631 985 676 bibliothecam
1016 632 1280 677 dedicantem
1311 635 1547 678 orationem
1577 634 1633 679 ad*
1660 636 1897 693 municipes

319 704 516 749 habuisse
554 704 598 746 in
639 716 722 758 qua
761 707 804 745 et
844 701 928 747 alia
958 702 1099 750 multa
1129 703 1362 748 utilissima
1394 706 1579 762 cognitu
1595 704 1846 762 protulerit:
1854 709 1898 750 et

318 787 446 829 quam
478 773 653 818 honesta
684 776 794 816 esset
823 786 1054 829 puerorum
1085 774 1399 830 educandorum
1430 789 1497 819 ars
1524 775 1728 828 docuerit,
1735 785 1897 864 quem»

318 843 547 887 admodum
580 857 631 886 ex
662 843 729 886 his
760 844 852 886 eius
883 847 1058 900 apparet
1089 845 1230 889 verbis
1261 845 1416 901 (§11):
1778 863 1821 893 4.
1859 881 1865 887 ,

379 917 465 965 „ut
509 927 609 957 vero
655 913 811 970 aliquis
857 912 1038 959 libenter
1084 915 1346 961 educationis
1392 916 1582 961 taedium
1628 886 1898 975 laboremque

317 985 533 1041 suscipiat,
576 999 658 1028 non
699 986 898 1040 praemiis
936 985 1074 1037 modo,
1107 1000 1259 1030 verum
1293 988 1422 1030 etiam
1454 989 1685 1045 exquisitis
1707 987 1899 1085 adheoetar·

317 1056 505 1098 tionibus
537 1055 853 1111 impetrandum
885 1055 994 1099 est'’.

378 1126 489 1179 Quid
532 1126 644 1181 quod
675 1127 791 1182 ipsae
823 1125 923 1169 illae
953 1126 1223 1183 Aedepsanae
1257 1127 1406 1184 epulae
1435 1091 1701 1186 philosophis
1727 1128 1899 1178 1155111115·

319 1200 407 1243 15111
455 1197 709 1252 praebebant
755 1196 985 1253 discipulos
1032 1197 1084 1240 ad
1126 1212 1172 1241 se
1212 1197 1448 1243 alliciendi.
1497 1199 1744 1256 disputandi
1774 1201 1898 1254 ‹enim

317 1266 529 1323 simulque
561 1267 735 1311 docendi
766 1271 855 1311 arte
886 1268 998 1311 inter
1030 1282 1073 1310 se
1105 1269 1322 1314 certabant
1351 1274 1401 1314 ut
1429 1271 1514 1325 ipsi
1545 1269 1777 1316 diiudicare
1807 1270 1900 1317 dn·

316 1338 520 1382 lescentes
567 1341 758 1395 possent,
784 1339 854 1381 cui
900 1352 942 1382 se
989 1339 1261 1394 potissimum
1308 1342 1626 1387 committerent
1671 1342 1898 1399 magistro,

316 1413 508 1466 parentes
551 1423 656 1465 quos
695 1408 928 1467 liberorum
966 1408 1174 1465 eligerent
1204 1414 1505 1467 praeceptores.
1530 1411 1595 1455 ,Ni
1624 1411 1774 1464 credis,
1792 1410 1900 1470 alege

316 1495 358 1536 p.
406 1478 556 1524 6¹76E.
605 1479 802 1532 Quidam,
843 1481 918 1535 qui
958 1479 1115 1523 dicitur
1155 1484 1232 1523 τῶν
1272 1480 1503 1535 §misma
1543 1481 1900 1540 udatatoensssgaee‘iu

317 1548 638 1602 ἀναγνώσμασιν
681 1550 950 1603 ἐντυγχάνειν
990 1551 1239 1603 ἐλευθερίοις,
1281 1552 1512 1599 admodum
1549 1552 1900 1599 doctamsfflabuiat

317 1623 564 1666 orationem.
592 1621 728 1674 Quam
753 1626 979 1678 postquam
1006 1621 1156 1665 retulit
1180 1622 1435 1667 Plutarchus
1466 1623 1569 1669 haec
1585 1614 1730 1669 >etiam
1752 1622 1896 1669 addit:

377 1692 554 1741 ἐκίνησεν
586 1688 650 1736 οὖν
681 1692 843 1745 (rhetor
874 1691 948 1736 ille
979 1691 1214 1736 multarum
1246 1693 1487 1747 literarum)
1514 1695 1606 1743 τοὺς
1624 1695 1744 1743 ,νέους
1763 1695 1820 1743 ὥς
1838 1692 1895 1739 tm

319 1764 557 1813 πολυμαθης
589 1764 687 1815 α’νηρ
720 1779 787 1805 και(
820 1763 1862 1816 πολυγράμματος..

376 1833 460 1879 Sed
501 1833 602 1890 quid
643 1834 693 1877 de
733 1833 991 1890 Aedepsauis
1019 1834 1169 1890 loquor
1201 1834 1368 1891 epulis?
1399 1836 1548 1880 Nonne
1580 1850 1775 1881 nmmum
1806 1850 1902 1888 ,,1·5,7

317 1904 468 1961 gum'',
501 1906 576 1960 qui
605 1905 657 1948 ad
688 1919 858 1948 coenam
889 1905 1130 1949 invitabant
1160 1907 1273 1949 viros
1306 1906 1464 1958 doctos,
1489 1906 1534 1950 id
1558 1906 1644 1951 fuit
1671 1905 1895 1951 consilium

317 1979 368 2019 ut
397 1975 592 2019 viderent
622 1975 675 2019 ad
705 1990 809 2032 quos
837 1977 1064 2032 magistros
1090 1990 1134 2019 55
1159 1977 1397 2021 conferrent
1422 1979 1509 2034 ipsi
1531 1976 1774 2034 liberosque
1798 1988 1895 2022 suos

318 2047 539 2091 mitterent
580 2044 814 2090 docendos?
846 2045 991 2093 Testes
1023 2051 1122 2090 sunt
1154 2047 1216 2090 rei
1245 2061 1320 2103 per
1353 2061 1397 2091 se
1429 2049 1623 2092 minime
1638 2047 1895 2093 incredibilis

317 2121 358 2161 et
389 2117 465 2160 alii
492 2117 622 2160 multi
652 2121 695 2161 et
724 2117 838 2161 haud
871 2132 955 2160 uno
986 2116 1078 2161 loco
1109 2117 1334 2171 Lucianus‚
1367 2122 1410 2162 et
1442 2119 1754 2176 quodammodo
1774 2118 1895 2201 idem

317 2187 521 2236 discimus
557 2202 579 2231 e
609 2189 845 2232 notissimis
874 2188 1046 2233 Horatii
1079 2189 1295 2232 versibus:

555 2259 692 2316 Reges
723 2258 923 2303 dicuntur
955 2258 1105 2303 multis
1137 2273 1289 2316 urgere
1320 2259 1479 2306 culillis
1770 2309 1773 2316 Δ

555 2329 612 2371 Et
641 2333 835 2386 torquere
869 2344 1001 2381 mero,
1036 2344 1164 2386 quem
1195 2332 1457 2388 perspexisse
1485 2331 1676 2377 laborant
1720 2368 1721 2371 ,
1760 2364 1763 2370 s
1792 2357 1794 2361 ·
1827 2371 1834 2375 „

556 2402 622 2444 An
655 2402 712 2449 sit
742 2402 933 2445 amicitia
965 2401 1136 2458 dignus·

377 2543 506 2586 Hisce
547 2545 609 2586 ita
640 2545 842 2600 expositis
873 2545 975 2587 satis
1006 2545 1093 2588 iam
1124 2548 1246 2588 notos
1278 2545 1486 2590 habemus
1517 2546 1635 2589 viros
1661 2543 1766 2588 11105
1781 2550 1894 2600 iquos

315 2616 360 2657 in
416 2614 718 2668 Quaestionibus
761 2615 1038 2659 Convivalibuc
1090 2615 1353 2672 disputantes
1401 2616 1574 2659 induxit
1615 2614 1892 2659 Plutarchus.

316 2685 439 2729 Nunc
477 2700 559 2741 quo
589 2689 780 2741 tempore
811 2689 854 2730 et
885 2700 969 2741 quo
1000 2685 1175 2730 consilio
1206 2686 1281 2730 illa
1312 2687 1484 2730 chartae
1516 2685 1781 2729 mandaverit
1810 2683 1894 2728 col·

315 2754 458 2811 loquia
493 2755 728 2800 videamus.
772 2756 855 2800 Hic
886 2771 967 2799 non
998 2770 1172 2812 possum
1206 2758 1340 2800 facere
1371 2759 1474 2813 quin
1506 2755 1771 2800 Volkmanno
1801 2757 1892 2798 viro

319 2828 682 2881 praestantissimo
702 2852 705 2855 <
724 2826 941 2882 obloquar,
985 2827 1072 2871 vol.
1113 2827 1134 2869 I
1175 2843 1216 2884 p.
1250 2827 1306 2870 55
1348 2828 1609 2878 conficienti.
1640 2826 1744 2869 dum
1782 2824 1893 2870 illud

316 2896 446 2946 fieret,
478 2898 638 2941 interea
666 2896 891 2940 Plutarchi
921 2901 963 2939 et
993 2901 1159 2953 patrem
1191 2901 1234 2940 et
1265 2911 1395 2941 avum
1427 2898 1540 2940 diem
1571 2897 1722 2939 obiisse
1753 2909 1894 2952 supre-

317 2980 438 3008 mum
483 2968 544 3009 ita
587 2972 635 3010 ut
679 2966 850 3022 aliquod
893 2967 1133 3011 effluxerint
1174 2970 1275 3011 anni
1315 2970 1562 3024 priusquam
1605 2970 1745 3009 totum
1778 2969 1893 3015 ,esset

316 3037 548 3091 perfectum
589 3052 753 3092 corpus.
795 3038 909 3080 Mihi
950 3042 1107 3083 contra*
1135 3038 1179 3082 id
1221 3039 1342 3082 brevi
1383 3043 1572 3094 tempore
1614 3042 1656 3080 et
1694 3038 1893 3080 continua
