2002 3372
851 221 935 265 137

30 379 33 389 ἲ
90 345 217 400 rogat
254 345 298 386 et
339 341 597 400 respondet:
632 347 736 394 „aut
778 344 878 399 quia
919 344 972 386 iis
1013 343 1130 387 nefas
1171 345 1318 387 visum
1361 347 1426 386 est
1456 343 1692 400 quidquam

91 426 171 462 sua
209 413 383 470 privare
423 414 514 457 vita
555 417 633 456 aut
676 417 727 456 ut
767 415 830 456 ita
872 418 1119 457 assuescant
1160 415 1353 458 homines
1385 415 1459 466 rei,
1493 428 1578 471 qua
1608 415 1693 470 ipsi

90 485 180 527 iam
210 497 294 527 non
326 487 518 536 utantur,
551 483 804 528 facultatem
834 485 1036 541 praebere
1069 484 1212 528 aliis'’.
1245 484 1404 528 Utrum
1436 485 1519 528 sibi
1545 486 1693 529 verisi—

92 553 242 598 milius
274 554 475 599 videatur
503 569 587 599 non
619 555 780 607 definit,
811 560 862 598 ut
894 557 1046 612 opinor
1071 557 1172 612 quia
1198 559 1380 613 utroque
1407 556 1534 599 modo
1560 570 1693 612 aeque

93 625 384 671 commendari
425 626 710 670 humanitatem
751 630 890 684 putat.
932 626 1044 670 Nam
1077 641 1175 670 cum
1209 629 1384 671 omnino
1416 635 1564 670 omnes
1594 626 1692 670 illas

93 698 364 754 quaestiones
403 698 468 741 ita
498 696 629 741 solvit
661 701 711 740 ut
741 697 987 754 legentibus
1018 702 1294 754 praeceptum
1326 697 1500 755 aliquod
1531 697 1693 741 morale

91 767 247 823 tradat,
294 771 391 812 tum
437 770 690 825 praesertim
733 783 803 812 eos
848 771 909 812 sic
951 769 1004 812 ad
1046 769 1305 821 clementiam,
1338 770 1691 822 mansuetudinem,

90 852 284 896 quaeque
313 837 403 882 illis
434 843 538 883 sunt
568 844 774 898 cog-natae
807 842 1004 892 virtutes,
1037 840 1244 884 adducere
1276 841 1435 884 studet.

98 917 103 924 '
144 909 300 967 'Neque
339 910 410 954 hic
451 910 741 954 omittendum
787 910 952 968 aliquid
994 911 1107 968 quod
1149 911 1323 955 Graecis
1365 915 1409 955 et
1440 913 1694 969 praesertim

93 978 461 1029 Chaeronensibus
500 983 592 1025 suis
632 981 686 1025 ad
725 983 865 1026 vitam
907 996 1030 1025 suam
1068 982 1375 1026 emendandam
1409 982 1694 1027 utilissimum

91 1050 348 1109 philosopho
378 1056 523 1096 nostro
553 1054 698 1097 visum
731 1057 809 1096 est.
1555 1069 1557 1071 ·

95 1135 122 1172 j
149 1121 337 1167 Platoni
365 1137 474 1180 quae
515 1138 643 1167 causa
674 1125 767 1168 visa
799 1125 856 1167 sit
886 1139 962 1167 cur
992 1125 1187 1168 Athenae
1218 1126 1460 1168 interierint
1491 1126 1694 1169 novimus

91 1207 264 1241 omnes:
307 1209 414 1252 „pro
453 1197 647 1238 terrestri
691 1197 963 1239 maritimum
1007 1211 1155 1239 earum
1189 1196 1290 1240 fecit
1320 1198 1554 1254 imperium
1587 1196 1695 1240 The-

93 1264 326 1318 mistocles,
368 1268 527 1324 quique
569 1281 671 1310 eum
713 1270 815 1310 sunt
848 1269 994 1310 vsecuti
1037 1267 1209 1311 duces’'.
1253 1268 1394 1311 Probe
1435 1268 1543 1311 hanc
1575 1269 1698 1311 novit

95 1338 354 1380 sententiam
397 1336 671 1390 Plutarchus,
711 1338 784 1381 sed
816 1352 970 1395 parum
1002 1339 1168 1395 probat,
1200 1339 1566 1395 quemadmodum
1596 1339 1699 1382 haec

94 1409 188 1452 eius
210 1408 333 1452 docet
357 1408 592 1465 disputatio
614 1408 782 1462 (Them.
802 1409 870 1464 4):
899 1411 1220 1466 „corruperitne
1237 1423 1375 1453 annon
1391 1410 1700 1454 Themistocles

26 1510 27 1514 ,
94 1493 244 1524 veram
285 1479 545 1537 reipublicae
587 1482 815 1532 rationem,
857 1495 956 1526 cum
998 1485 1153 1524 nautas
1194 1495 1270 1538 pro
1301 1481 1519 1524 militibus
1551 1481 1701 1525 fecerit

93 1550 388 1604 Athenienses,
422 1551 660 1597 diiudicent
690 1552 887 1596 homines
917 1566 988 1596 me
1022 1554 1232 1596 acutiores
1253 1551 1284 1606 ¹)
1297 1567 1308 1605 3
1342 1553 1415 1596 sed
1440 1557 1544 1596 tunc
1572 1551 1701 1596 Grae-

92 1623 186 1668 ciae
223 1636 249 1667 a
289 1624 401 1666 mari
441 1624 606 1667 venisse
649 1622 835 1667 salutem
875 1625 968 1680 ipse
1011 1623 1318 1668 documentum
1362 1623 1480 1667 dedit
1522 1624 1701 1676 Xerxes,

92 1695 183 1751 qui,
207 1693 311 1738 licet
337 1693 480 1739 salvae
508 1696 601 1738 eius
628 1700 768 1739 essent
794 1697 939 1752 copiae
963 1699 1197 1747 terrestres,
1226 1698 1272 1738 in
1298 1696 1450 1753 fugam
1474 1710 1519 1739 se
1535 1696 1700 1739 dederit

91 1776 194 1812 oum
234 1765 414 1810 classem
453 1767 735 1813 amississet.''
780 1765 965 1811 Gravior
1006 1767 1108 1810 haec
1149 1768 1190 1810 ei
1231 1767 1406 1810 videtur
1436 1781 1564 1811 causa
1595 1774 1697 1821 (non

64 1841 234 1882 -tamen
265 1832 549 1896 gravissim&
592 1853 641 1882 ea
673 1840 788 1882 enim
820 1840 865 1881 in
896 1840 1128 1882 civitatum
1162 1837 1424 1882 Graecarum
1456 1839 1695 1896 quaerenda

89 1912 157 1953 eet
181 1913 387 1967 perpetua
412 1909 639 1965 discordia)
664 1910 778 1967 quod
805 1909 959 1954 Graeci
985 1909 1221 1967 palaestrae
1237 1913 1549 1969 gymnasioque
1567 1913 1698 1954 nimis

90 1979 359 2025 indulserint.
394 1981 444 2024 In
476 1995 526 2025 ea
556 1996 602 2025 re
635 1982 840 2026 Romanis
873 1982 1165 2039 adstipulatur
1196 1984 1271 2040 qui

152 2057 240 2100 τοῒς
262 2050 463 2103 Ἕλλησιν
497 2053 646 2096 οἴονται
680 2054 805 2104 μηδὲν
837 2053 964 2102 οὕτως
996 2053 1125 2097 αἴτιον
1158 2055 1345 2102 δουλείας
1372 2055 1589 2106 γεγονέναι
1621 2055 1693 2097 καὶ

91 2124 316 2174 μαλακίαις
346 2126 397 2172 ὥς
431 2126 488 2167 τὰ
520 2125 739 2176 γυμνάσια
773 2126 842 2168 καὶ
877 2127 958 2174 τὰς
990 2126 1259 2179 παλαίστρας
1295 2131 1354 2184 (p.
1388 2125 1477 2170 2¹74
1490 2126 1560 2180 D).

153 2195 272 2240 Vidit
298 2198 429 2249 enim,
456 2201 500 2240 et
524 2198 569 2239 in
598 2197 694 2240 aliis
722 2196 925 2241 Graeciae
952 2198 1205 2241 civitatibus
1232 2202 1275 2240 et
1301 2199 1346 2240 in
1374 2212 1452 2241 suo
1476 2197 1694 2255 oppidulo,

92 2266 214 2317 nulla
244 2282 290 2311 re
322 2282 463 2312 mores
495 2268 723 2312 hominum
756 2271 974 2325 corrumpi
1005 2270 1147 2326 magis
1179 2283 1311 2325 quam
1342 2271 1380 2312 si
1411 2274 1548 2312 semet
1579 2270 1696 2326 ipsos

34 2354 37 2357 ·
92 2345 316 2396 tamquam
357 2352 488 2396 equos
523 2344 746 2383 exerceant
777 2344 828 2383 ut
859 2354 987 2396 quam
1022 2341 1312 2383 robustissimi
1345 2340 1448 2383 fiant
1479 2340 1696 2385 velocissi-

93 2412 254 2468 mique,
285 2414 330 2454 et
360 2412 535 2454 omnino
567 2413 604 2454 si
636 2410 687 2454 de
719 2425 893 2468 corpore
920 2425 998 2455 suo
1024 2411 1209 2455 curando
1235 2413 1366 2455 nimis
1393 2413 1480 2455 sint
1506 2411 1694 2455 solliciti.

24 2514 25 2518 ,
93 2481 189 2526 Hoc
219 2483 338 2526 enim
369 2496 460 2526 esse
490 2481 601 2525 illud

229 2560 231 2562 '
396 2558 570 2611 propter
598 2555 737 2598 vitam
770 2554 944 2598 vivendi
978 2554 1151 2611 perdere
1182 2568 1343 2598 causas.

90 2624 234 2683 Igitur
272 2639 372 2668 suos
404 2624 719 2670 Chaeronenses
750 2639 775 2668 a
807 2627 898 2669 vita
930 2624 1008 2668 illa
1039 2625 1305 2682 palaestrica,
1339 2639 1446 2682 quae
1478 2629 1696 2682 praeterea

91 2701 136 2740 et
176 2695 363 2754 aliorum
406 2698 630 2748 vitiorum,
674 2696 975 2753 impudicitiae
1008 2698 1314 2753 avaritiaeque,
1346 2701 1485 2740 mater
1516 2702 1596 2749 est,
1628 2698 1696 2740 ab·

91 2767 257 2820 ducere,
290 2767 497 2813 adducere
528 2768 581 2812 ad
612 2768 852 2812 Romanam
885 2767 1104 2820 militiam,
1133 2767 1350 2811 militandi
1376 2769 1694 2825 equitandique,

135 2941 174 2983 1)
195 2920 373 2974 v'l'nditum
395 2942 461 2974 est:
484 2939 599 2973 ’ἐστ-ω
623 2939 892 2982 φιλοσοφώτερον
917 2938 1120 2980 ἐπισκοπεῖν,
1143 2941 1197 2974 sed
1222 2941 1391 2984 legendum
1415 2952 1481 2974 esse
1504 2945 1697 2984 φιλοσοφω·

90 2994 192 3041 rifan
215 3006 266 3030 ree
287 2996 356 3041 ipsa
379 2997 507 3030 elamat,
