2002 3372
1071 295 1157 346 356

327 431 370 473 et
412 432 625 486 praeterea
665 424 801 470 multa
842 425 926 469 alia
965 425 1098 469 libere
1139 426 1318 483 fingeret
1360 426 1492 483 deque
1524 422 1679 470 'Phebis
1713 421 1905 473 liberatis

327 515 450 543 omne
490 502 691 543 insereret
732 496 1147 541 narratiuncularum
1189 512 1338 554 genus,
1389 512 1495 554 quae
1526 502 1630 541 tunc
1654 499 1704 541 111
1734 503 1805 542 ore
1832 498 1906 542 110·

326 573 493 614 minum
532 570 819 620 versabantur,
863 573 906 611 01
940 569 1116 611 fortasse
1149 570 1280 612 etiam
1311 569 1566 625 legebantur
1595 570 1639 612 in
1668 568 1825 612 libellis
1850 569 1905 613 de

325 642 529 692 moribus,
575 640 824 691 virtutibus,
868 640 1055 696 egregiis
1099 641 1218 691 viris,
1261 654 1365 696 quos
1398 643 1532 683 terere
1563 638 1763 683 solebant
1776 641 1904 730 pueri

325 714 463 768 prima
493 715 566 758 τῆς
601 712 734 759 ἠθικῆς
768 710 973 753 discentes
1003 709 1228 753 elementa.

386 782 575 837 Denique
607 795 630 824 a
662 795 830 824 summo
863 782 954 824 viro
981 780 1246 829 Volkmanno
1272 782 1490 824 novicium
1514 780 1625 824 illud
1654 743 1903 833 „novellae”

324 867 446 894 sumo
489 850 747 895 vocabulum
785 856 911 907 atque
952 850 1111 894 librum
1149 853 1196 893 de
1221 852 1337 905 ¹qenio
1370 852 1543 893 Socratis
1572 850 1792 895 novellam
1815 865 1906 896 esse

323 922 655 1002 philosophicam
683 922 846 965 declaro
872 923 1047 979 egregie
1073 924 1275 978 scriptam
1303 927 1358 974 et,
1387 923 1423 964 si
1450 924 1546 978 quis
1571 934 1763 1026 unquam
1788 921 1904 1002 quid·

323 1007 452 1049 quam
482 993 680 1037 invenisse
712 993 794 1036 dici
826 997 977 1049 potest,
1010 993 1062 1035 ab
1094 994 1184 1049 ipso
1218 992 1451 1036 Plutarcho
1481 994 1716 1036 inventam.

382 1140 475 1183 Iam
514 1140 564 1182 de
606 1139 789 1196 singulis
833 1139 936 1182 locis
980 1139 1256 1182 brevissimus
1297 1153 1382 1182 ero.
1425 1139 1537 1182 Nam
1581 1139 1905 1196 lacunaefquas

323 1211 550 1254 admodum
592 1209 752 1253 multas
793 1210 914 1252 nobis
955 1210 1116 1252 codices
1148 1211 1362 1266 praebent,
1394 1223 1531 1266 neque
1562 1208 1907 1267 magnoporewl'e-

321 1287 496 1338 gentem
527 1286 749 1324 morantur
777 1284 893 1334 (nam
926 1294 1091 1336 semper
1119 1294 1194 1336 per
1221 1285 1494 1323 transennam
1521 1280 1624 1337 quid
1649 1278 1906 1326 Plutarchus

290 1361 292 1364 ’
321 1352 508 1396 voluerit
540 1352 754 1405 videmus)
784 1366 919 1408 neque
952 1357 1065 1394 certa
1096 1355 1275 1408 possunt
1299 1351 1489 1409 suppleri
1513 1348 1783 1395 ratione.'=De
1810 1351 1906 1395 aliis

321 1423 425 1466 locis
466 1424 673 1479 corruptis
713 1436 846 1479 pauca
887 1423 1020 1465 habeo
1063 1436 1169 1478 quae
1213 1423 1322 1465 mihi
1364 1424 1408 1465 in
1451 1422 1591 1466 lucem
1623 1422 1906 1479 protrohenda

321 1494 557 1537 videantur.

383 1629 513 1674 5750
560 1630 743 1673 Tabulas
790 1632 924 1686 pictas
971 1629 1044 1672 alii
1086 1630 1220 1672 obiter
1261 1629 1553 1686 contemplari,
1595 1629 1670 1672 alii
1706 1632 1902 1673 accurate

321 1703 560 1744 examinare
593 1701 782 1751 malunt3
816 1702 862 1742 in
893 1701 1083 1742 historiis
1113 1699 1304 1756 legendis
1334 1699 1408 1742 alii
1438 1700 1491 1743 ad
1523 1700 1652 1743 finem
1677 1703 1902 1756 properant

321 1771 395 1815 alii
426 1771 618 1828 singulas
648 1785 714 1814 res
744 1774 887 1828 gestas
919 1785 1150 1827 earumque
1183 1784 1329 1813 causas
1362 1785 1612 1827 cognoscere
1643 1772 1848 1827 eupiunt:

381 1844 434 1895 τῷ
463 1844 538 1893 μὲν
565 1846 655 1885 τοῦ
683 1843 874 1889 τέλους
901 1842 1080 1884 πολλὰ
1107 1842 1259 1884 κοινοὶ
1287 1842 1412 1894 πρὸς
1440 1842 1532 1891 τὴν
1558 1842 1731 1894 τύχην
1756 1839 1900 1894 ἔχον-

319 1930 430 1965 τος,
474 1913 541 1955 τὸν
583 1914 617 1955 δ’
649 1914 688 1955 ἐν
730 1917 822 1960 ταῖς
870 1913 1024 1959 αἰτίαις
1058 1912 1127 1955 καὶ
1161 1918 1245 1959 τοῖς
1276 1913 1342 1955 ἐπὶ
1378 1910 1520 1965 μέρους
1551 1912 1718 1962 ἀγῶνας
1751 1912 1898 1963 ἀρετῆς

320 1985 415 2036 πρὸς
462 1986 518 2025 τὰ
566 1983 905 2036 συντυγχάνοντα
955 1982 1023 2025 καὶ
1073 1981 1236 2033 τόλμας
1284 1981 1491 2035 ἔμφρονας
1533 1983 1648 2035 παρὰ
1689 1981 1747 2024 τὰ
1789 1981 1896 2026 δεινὰ

320 2056 544 2106 καθορῶντα
578 2056 698 2107 καιρῷ
731 2054 798 2096 καὶ
835 2053 955 2097 πάθει
988 2052 1248 2104 μεμιγμένου
1280 2055 1497 2103 λογισμοῦ.

379 2125 527 2169 Cetera
567 2128 780 2181 utcunque
821 2124 1016 2181 intelligo
1047 2124 1147 2167 licet
1178 2127 1391 2166 structura
1421 2123 1652 2166 admodum
1679 2123 1739 2166 sit
1765 2122 1900 2178 impe·

319 2197 430 2248 dita;
466 2211 488 2239 0
520 2198 729 2239 sententia
761 2197 876 2239 enim
909 2194 1135 2251 principali
1167 2194 1347 2250 petenda
1379 2198 1480 2237 sunt
1511 2194 1640 2238 verba
1664 2192 1775 2237 unde
1801 2206 1899 2249 pen-

318 2267 443 2310 deant
470 2268 640 2311 dativus
666 2267 721 2317 τῷ
750 2271 792 2309 01
819 2268 1086 2310 accusativus
1113 2265 1180 2308 τόν
1205 2267 1250 2308 in
1276 2267 1484 2308 sententia
1509 2262 1781 2321 participiali.
1815 2261 1897 2306 Sed

318 2342 462 2380 notata
505 2338 614 2380 mihi
652 2339 743 2393 ipsa
786 2341 908 2380 nocte
951 2336 1150 2388 videntur
1192 2336 1447 2387 obscuriora,
1488 2348 1639 2390 neque,
1680 2335 1717 2377 01
1754 2332 1896 2377 ullum

317 2423 489 2451 sensum
527 2409 625 2450 inde
657 2422 823 2463 possem
856 2407 1102 2458 extundere,
1135 2421 1210 2449 cur
1242 2406 1294 2449 ob
1325 2420 1419 2449 eam
1451 2419 1621 2448 causam
1653 2403 1896 2447 lectorviste

316 2479 369 2521 ad
408 2479 535 2522 finem
576 2482 771 2535 properet
811 2477 1111 2534 intelligerem.
1166 2479 1233 2519 An
1274 2476 1533 2520 Plutarchus
1570 2476 1657 2521 fere
1700 2475 1894 2530 scripsit:

317 2553 387 2592 τοῦ
429 2551 570 2597 τέλους
604 2549 741 2592 πολλὰ
775 2550 936 2592 καινὰ
970 2549 1057 2591 διὰ
1088 2550 1160 2597 τὴν
1191 2549 1326 2601 τύχην
1358 2548 1522 2600 ἔχοντος
1555 2548 1894 2598 „exitus-rerum

316 2635 425 2664 nova
456 2620 592 2664 multa
623 2620 742 2664 affert
773 2620 1055 2663 intercedente
1087 2617 1315 2662 fortuna’'?

377 2766 511 2809 575E
556 2766 704 2819 „Quod
747 2765 960 2816 μισόλογοι
1005 2762 1105 2807 εἶναι
1138 2764 1287 2807 Βο0011
1318 2762 1545 2806 dicuntur’'
1581 2758 1802 2816 Cephisias
1832 2760 1892 2801 ait

319 2841 410 2887 „est
441 2836 581 2884 ὄνειδος
615 2837 685 2886 ἤδη
720 2836 1014 2888 μαραινόμενον
1045 2835 1159 2887 παρὰ
1194 2834 1389 2887 Σωκράτη
1424 2833 1491 2875 τὸν
1525 2830 1726 2882 ὑμέτερον.
1774 2849 1775 2852 ’

374 2908 520 2962 Neque
553 2907 604 2949 de
635 2909 940 2962 praepositione
973 2906 1086 2958 παρά
1119 2911 1258 2948 certus
1291 2919 1400 2956 sum,
1439 2916 1573 2959 neque
1603 2902 1699 2958 quis
1730 2899 1805 2942 ille
1835 2900 1893 2942 011

316 2976 506 3019 Socrates
552 2979 649 3019 scio.
698 2977 945 3033 Alloquitur
992 2978 1106 3019 enim
1155 2975 1375 3031 Caphisias
1422 2972 1726 3016 Archidamum
1771 2970 1891 3023 Spar-

315 3052 464 3089 tanum.
