<?xml version="1.0" encoding="UTF-8"?>
<!DOCTYPE html PUBLIC "-//W3C//DTD XHTML 1.0 Transitional//EN"
    "http://www.w3.org/TR/xhtml1/DTD/xhtml1-transitional.dtd">
<html xmlns="http://www.w3.org/1999/xhtml" xml:lang="en" lang="en">
 <head>
  <title>
</title>
<meta http-equiv="Content-Type" content="text/html;charset=utf-8" />
  <meta name='ocr-system' content='tesseract 3.04.00' />
  <meta name='ocr-capabilities' content='ocr_page ocr_carea ocr_par ocr_line ocrx_word'/>
</head>
<body>
  <div class='ocr_page' id='page_1' title='image "./deplutarchoscrip00hartuoft_0048.png"; bbox 0 0 2002 3372; ppageno 0'>
   <div class='ocr_carea' id='block_1_1' title="bbox 1943 101 2002 185">
    <p class='ocr_par' dir='ltr' id='par_1_1' title="bbox 1943 101 2002 185">
     <span class='ocr_line' id='line_1_1' title="bbox 1943 101 2002 185; baseline 0 0"><span class='ocrx_word' id='word_1_1' title='bbox 1943 101 1947 104; x_wconf 70' lang='grc'><strong>’</strong></span> <span class='ocrx_word' id='word_1_2' title='bbox 1994 128 2002 185; x_wconf 70' lang='grc'><strong>1</strong></span> 
     </span>
    </p>
   </div>
   <div class='ocr_carea' id='block_1_2' title="bbox 1135 240 1191 283">
    <p class='ocr_par' dir='ltr' id='par_1_2' title="bbox 1135 240 1191 283">
     <span class='ocr_line' id='line_1_2' title="bbox 1135 240 1191 283; baseline -0.018 0"><span class='ocrx_word' id='word_1_3' title='bbox 1135 240 1191 283; x_wconf 79' lang='grc'><strong>32</strong></span> 
     </span>
    </p>
   </div>
   <div class='ocr_carea' id='block_1_3' title="bbox 377 357 1979 628">
    <p class='ocr_par' dir='ltr' id='par_1_3' title="bbox 377 357 1979 628">
     <span class='ocr_line' id='line_1_3' title="bbox 377 357 1979 419; baseline -0.002 -15"><span class='ocrx_word' id='word_1_4' title='bbox 377 367 501 419; x_wconf 90' lang='lat' dir='ltr'><strong>turpe</strong></span> <span class='ocrx_word' id='word_1_5' title='bbox 528 366 668 404; x_wconf 85' lang='lat' dir='ltr'><strong>tamen</strong></span> <span class='ocrx_word' id='word_1_6' title='bbox 697 362 842 403; x_wconf 84' lang='lat' dir='ltr'><strong>statim</strong></span> <span class='ocrx_word' id='word_1_7' title='bbox 872 360 920 402; x_wconf 79' lang='lat' dir='ltr'><strong>fit</strong></span> <span class='ocrx_word' id='word_1_8' title='bbox 948 360 1118 416; x_wconf 89' lang='lat' dir='ltr'><strong>quidvis</strong></span> <span class='ocrx_word' id='word_1_9' title='bbox 1145 362 1214 403; x_wconf 88' lang='lat' dir='ltr'><strong>cui</strong></span> <span class='ocrx_word' id='word_1_10' title='bbox 1243 360 1351 403; x_wconf 80' lang='lat' dir='ltr'>desit</span> <span class='ocrx_word' id='word_1_11' title='bbox 1376 374 1513 403; x_wconf 92' lang='lat' dir='ltr'><strong>unum</strong></span> <span class='ocrx_word' id='word_1_12' title='bbox 1532 358 1758 416; x_wconf 85' lang='lat' dir='ltr'><strong>velinepte</strong></span> <span class='ocrx_word' id='word_1_13' title='bbox 1772 357 1950 402; x_wconf 74' lang='lat' dir='ltr'><strong>addatur</strong></span> <span class='ocrx_word' id='word_1_14' title='bbox 1972 360 1979 394; x_wconf 61' lang='grc' dir='ltr'><strong>ἔ</strong></span> 
     </span>
     <span class='ocr_line' id='line_1_4' title="bbox 436 418 1979 483; baseline -0.003 -9"><span class='ocrx_word' id='word_1_15' title='bbox 436 432 565 483; x_wconf 72' lang='grc' dir='ltr'><em>ὥσπερ</em></span> <span class='ocrx_word' id='word_1_16' title='bbox 599 433 662 473; x_wconf 84' lang='grc' dir='ltr'><strong>ἐπ’</strong></span> <span class='ocrx_word' id='word_1_17' title='bbox 694 432 819 478; x_wconf 79' lang='grc' dir='ltr'><em>αὐτῆς</em></span> <span class='ocrx_word' id='word_1_18' title='bbox 858 436 929 478; x_wconf 81' lang='grc' dir='ltr'><strong>τῆς</strong></span> <span class='ocrx_word' id='word_1_19' title='bbox 963 430 1192 482; x_wconf 72' lang='grc' dir='ltr'><em>ἀκροάσεως</em></span> <span class='ocrx_word' id='word_1_20' title='bbox 1226 431 1269 472; x_wconf 83' lang='grc' dir='ltr'><strong>οὐ</strong></span> <span class='ocrx_word' id='word_1_21' title='bbox 1303 430 1418 478; x_wconf 81' lang='grc' dir='ltr'><em>μόνον</em></span> <span class='ocrx_word' id='word_1_22' title='bbox 1450 430 1633 483; x_wconf 77' lang='grc' dir='ltr'><em>βαρύτης</em></span> <span class='ocrx_word' id='word_1_23' title='bbox 1668 427 1891 471; x_wconf 78' lang='grc' dir='ltr'><strong><em>ἐπισκυνίου</em></strong></span> <span class='ocrx_word' id='word_1_24' title='bbox 1978 418 1979 422; x_wconf 25' lang='lat'>¹</span> 
     </span>
     <span class='ocr_line' id='line_1_5' title="bbox 377 500 1427 546; baseline -0.003 0"><span class='ocrx_word' id='word_1_25' title='bbox 377 503 447 546; x_wconf 90' lang='lat' dir='ltr'><strong>sed</strong></span> <span class='ocrx_word' id='word_1_26' title='bbox 479 502 618 545; x_wconf 85' lang='lat' dir='ltr'><strong>multa</strong></span> <span class='ocrx_word' id='word_1_27' title='bbox 649 501 731 544; x_wconf 86' lang='lat' dir='ltr'><strong>alia</strong></span> <span class='ocrx_word' id='word_1_28' title='bbox 763 500 928 543; x_wconf 84' lang='lat' dir='ltr'><strong>malum</strong></span> <span class='ocrx_word' id='word_1_29' title='bbox 960 501 1146 543; x_wconf 85' lang='lat' dir='ltr'><strong>efficiunt</strong></span> <span class='ocrx_word' id='word_1_30' title='bbox 1177 501 1427 544; x_wconf 77' lang='lat' dir='ltr'><strong>auditorem.</strong></span> 
     </span>
     <span class='ocr_line' id='line_1_6' title="bbox 437 567 1951 628; baseline -0.003 -13"><span class='ocrx_word' id='word_1_31' title='bbox 437 574 547 615; x_wconf 82' lang='lat' dir='ltr'><strong>Tum</strong></span> <span class='ocrx_word' id='word_1_32' title='bbox 563 573 736 615; x_wconf 88' lang='lat' dir='ltr'><strong>demum</strong></span> <span class='ocrx_word' id='word_1_33' title='bbox 754 575 864 614; x_wconf 88' lang='lat' dir='ltr'><strong>recte</strong></span> <span class='ocrx_word' id='word_1_34' title='bbox 882 571 950 614; x_wconf 89' lang='lat' dir='ltr'><strong>hic</strong></span> <span class='ocrx_word' id='word_1_35' title='bbox 966 571 1083 614; x_wconf 88' lang='lat' dir='ltr'><strong>locus</strong></span> <span class='ocrx_word' id='word_1_36' title='bbox 1100 571 1304 623; x_wconf 86' lang='lat' dir='ltr'><strong>decurret,</strong></span> <span class='ocrx_word' id='word_1_37' title='bbox 1323 571 1496 618; x_wconf 74' lang='grc' dir='ltr'>ε1οὕτως</span> <span class='ocrx_word' id='word_1_38' title='bbox 1514 570 1702 628; x_wconf 85' lang='lat' dir='ltr'><strong>legimus</strong></span> <span class='ocrx_word' id='word_1_39' title='bbox 1717 583 1793 627; x_wconf 90' lang='lat' dir='ltr'><strong>pro</strong></span> <span class='ocrx_word' id='word_1_40' title='bbox 1807 567 1951 620; x_wconf 74' lang='grc' dir='ltr'><em>ὥσπερ.</em></span> 
     </span>
    </p>
   </div>
   <div class='ocr_carea' id='block_1_4' title="bbox 1973 263 1998 327">
    <p class='ocr_par' dir='ltr' id='par_1_4' title="bbox 1973 263 1998 327">
     <span class='ocr_line' id='line_1_7' title="bbox 1973 263 1998 327; baseline 0 -62"><span class='ocrx_word' id='word_1_41' title='bbox 1973 263 1998 327; x_wconf 42' lang='grc' dir='ltr'><strong>ὲ,</strong></span> 
     </span>
    </p>
   </div>
   <div class='ocr_carea' id='block_1_5' title="bbox 437 641 1956 698">
    <p class='ocr_par' dir='ltr' id='par_1_5' title="bbox 437 641 1956 698">
     <span class='ocr_line' id='line_1_8' title="bbox 437 641 1956 698; baseline -0.003 -13"><span class='ocrx_word' id='word_1_42' title='bbox 437 643 493 685; x_wconf 89' lang='grc'><strong>46</strong></span> <span class='ocrx_word' id='word_1_43' title='bbox 513 643 550 684; x_wconf 94' lang='lat' dir='ltr'>D</span> <span class='ocrx_word' id='word_1_44' title='bbox 597 642 704 684; x_wconf 90' lang='lat' dir='ltr'><strong>Duri</strong></span> <span class='ocrx_word' id='word_1_45' title='bbox 735 646 797 684; x_wconf 87' lang='lat' dir='ltr'><strong>est</strong></span> <span class='ocrx_word' id='word_1_46' title='bbox 831 642 1016 685; x_wconf 86' lang='lat' dir='ltr'><strong>hominis</strong></span> <span class='ocrx_word' id='word_1_47' title='bbox 1049 648 1091 685; x_wconf 88' lang='lat' dir='ltr'><strong>et</strong></span> <span class='ocrx_word' id='word_1_48' title='bbox 1122 643 1383 698; x_wconf 85' lang='lat' dir='ltr'><strong>impudentis</strong></span> <span class='ocrx_word' id='word_1_49' title='bbox 1415 642 1720 685; x_wconf 77' lang='lat' dir='ltr'><strong>admonitiones</strong></span> <span class='ocrx_word' id='word_1_50' title='bbox 1747 641 1956 696; x_wconf 84' lang='lat' dir='ltr'><strong>vitupera—</strong></span> 
     </span>
    </p>
   </div>
   <div class='ocr_carea' id='block_1_6' title="bbox 375 713 1954 1058">
    <p class='ocr_par' dir='ltr' id='par_1_6' title="bbox 377 713 770 770">
     <span class='ocr_line' id='line_1_9' title="bbox 377 713 770 770; baseline -0.005 -13"><span class='ocrx_word' id='word_1_51' title='bbox 377 717 595 770; x_wconf 76' lang='lat' dir='ltr'><strong>tionesque</strong></span> <span class='ocrx_word' id='word_1_52' title='bbox 626 713 770 756; x_wconf 81' lang='lat' dir='ltr'><strong>audire</strong></span> 
     </span>
    </p>

    <p class='ocr_par' dir='ltr' id='par_1_7' title="bbox 375 780 1952 908">
     <span class='ocr_line' id='line_1_10' title="bbox 435 780 1952 836; baseline -0.002 -10"><span class='ocrx_word' id='word_1_53' title='bbox 435 786 492 835; x_wconf 66' lang='grc' dir='ltr'><strong>μὴ</strong></span> <span class='ocrx_word' id='word_1_54' title='bbox 540 784 863 833; x_wconf 75' lang='grc' dir='ltr'><em>συνεσταλμένον</em></span> <span class='ocrx_word' id='word_1_55' title='bbox 908 783 1002 834; x_wconf 76' lang='grc' dir='ltr'><strong>μηδ’</strong></span> <span class='ocrx_word' id='word_1_56' title='bbox 1046 784 1201 836; x_wconf 80' lang='grc' dir='ltr'><em>ἱδρῶτος</em></span> <span class='ocrx_word' id='word_1_57' title='bbox 1246 785 1312 825; x_wconf 75' lang='grc' dir='ltr'><strong>καὶ</strong></span> <span class='ocrx_word' id='word_1_58' title='bbox 1359 784 1527 835; x_wconf 79' lang='grc' dir='ltr'><em>ἰλίγγου</em></span> <span class='ocrx_word' id='word_1_59' title='bbox 1568 783 1733 835; x_wconf 79' lang='grc' dir='ltr'><em>μεστόν,</em></span> <span class='ocrx_word' id='word_1_60' title='bbox 1775 780 1952 835; x_wconf 67' lang='grc' dir='ltr'><em>αίσχύνῃ</em></span> 
     </span>
     <span class='ocr_line' id='line_1_11' title="bbox 375 853 1406 908; baseline 0 -11"><span class='ocrx_word' id='word_1_61' title='bbox 375 855 634 908; x_wconf 76' lang='grc' dir='ltr'><em>φλεγόμενον</em></span> <span class='ocrx_word' id='word_1_62' title='bbox 667 856 738 904; x_wconf 72' lang='grc' dir='ltr'><em>τὴν</em></span> <span class='ocrx_word' id='word_1_63' title='bbox 769 855 925 907; x_wconf 71' lang='grc' dir='ltr'><em>ψυχήν,</em></span> <span class='ocrx_word' id='word_1_64' title='bbox 959 855 1058 896; x_wconf 71' lang='grc' dir='ltr'><strong>ἀλλ’</strong></span> <span class='ocrx_word' id='word_1_65' title='bbox 1090 853 1290 906; x_wconf 78' lang='grc' dir='ltr'><em>ἄτρεπτον</em></span> <span class='ocrx_word' id='word_1_66' title='bbox 1323 855 1406 897; x_wconf 79' lang='grc' dir='ltr'><strong>κτὲ.</strong></span> 
     </span>
    </p>

    <p class='ocr_par' dir='ltr' id='par_1_8' title="bbox 435 926 1341 980">
     <span class='ocr_line' id='line_1_12' title="bbox 435 926 1341 980; baseline 0 -12"><span class='ocrx_word' id='word_1_67' title='bbox 435 926 561 968; x_wconf 88' lang='lat' dir='ltr'><strong>Recte</strong></span> <span class='ocrx_word' id='word_1_68' title='bbox 595 926 651 968; x_wconf 88' lang='lat' dir='ltr'><strong>H.</strong></span> <span class='ocrx_word' id='word_1_69' title='bbox 684 926 779 975; x_wconf 75' lang='grc' dir='ltr'><strong>μηδ’</strong></span> <span class='ocrx_word' id='word_1_70' title='bbox 810 930 907 968; x_wconf 86' lang='lat' dir='ltr'><strong>ante</strong></span> <span class='ocrx_word' id='word_1_71' title='bbox 940 926 1116 980; x_wconf 68' lang='grc' dir='ltr'><em>αἰσχύνῃ</em></span> <span class='ocrx_word' id='word_1_72' title='bbox 1146 928 1341 969; x_wconf 84' lang='lat' dir='ltr'><strong>inseruit.</strong></span> 
     </span>
    </p>

    <p class='ocr_par' dir='ltr' id='par_1_9' title="bbox 437 995 1954 1058">
     <span class='ocr_line' id='line_1_13' title="bbox 437 995 1954 1058; baseline -0.001 -19"><span class='ocrx_word' id='word_1_73' title='bbox 437 996 492 1058; x_wconf 81' lang='grc'><strong>47</strong></span> <span class='ocrx_word' id='word_1_74' title='bbox 511 997 546 1038; x_wconf 90' lang='grc' dir='ltr'>Β</span> <span class='ocrx_word' id='word_1_75' title='bbox 593 995 702 1040; x_wconf 87' lang='lat' dir='ltr'><strong>Cum</strong></span> <span class='ocrx_word' id='word_1_76' title='bbox 745 996 1013 1053; x_wconf 84' lang='lat' dir='ltr'><strong>philosophia</strong></span> <span class='ocrx_word' id='word_1_77' title='bbox 1056 996 1243 1039; x_wconf 83' lang='lat' dir='ltr'><strong>difficilia</strong></span> <span class='ocrx_word' id='word_1_78' title='bbox 1285 996 1490 1053; x_wconf 86' lang='lat' dir='ltr'><strong>quaedam</strong></span> <span class='ocrx_word' id='word_1_79' title='bbox 1532 1002 1574 1039; x_wconf 85' lang='lat' dir='ltr'><strong>et</strong></span> <span class='ocrx_word' id='word_1_80' title='bbox 1605 998 1773 1040; x_wconf 82' lang='lat' dir='ltr'><strong>insueta</strong></span> <span class='ocrx_word' id='word_1_81' title='bbox 1803 995 1954 1039; x_wconf 77' lang='lat' dir='ltr'><strong>habeat</strong></span> 
     </span>
    </p>
   </div>
   <div class='ocr_carea' id='block_1_7' title="bbox 376 1059 2002 1119">
    <p class='ocr_par' dir='ltr' id='par_1_10' title="bbox 376 1059 2002 1119">
     <span class='ocr_line' id='line_1_14' title="bbox 376 1059 2002 1119; baseline -0.001 -10"><span class='ocrx_word' id='word_1_82' title='bbox 376 1069 415 1109; x_wconf 92' lang='grc' dir='ltr'><em>ἐν</em></span> <span class='ocrx_word' id='word_1_83' title='bbox 458 1073 538 1115; x_wconf 82' lang='grc' dir='ltr'><em>τοῖς</em></span> <span class='ocrx_word' id='word_1_84' title='bbox 585 1069 748 1119; x_wconf 82' lang='grc' dir='ltr'><em>πρώτοις</em></span> <span class='ocrx_word' id='word_1_85' title='bbox 793 1067 960 1117; x_wconf 77' lang='grc' dir='ltr'><em>ὀνόμασι</em></span> <span class='ocrx_word' id='word_1_86' title='bbox 1007 1068 1074 1109; x_wconf 73' lang='grc' dir='ltr'><strong>καὶ</strong></span> <span class='ocrx_word' id='word_1_87' title='bbox 1124 1067 1364 1119; x_wconf 88' lang='grc' dir='ltr'><em>πράγμασι,</em></span> <span class='ocrx_word' id='word_1_88' title='bbox 1409 1068 1450 1109; x_wconf 85' lang='grc' dir='ltr'><strong>οὖ</strong></span> <span class='ocrx_word' id='word_1_89' title='bbox 1494 1067 1556 1109; x_wconf 84' lang='grc' dir='ltr'><strong>δεῖ</strong></span> <span class='ocrx_word' id='word_1_90' title='bbox 1595 1066 1831 1119; x_wconf 75' lang='grc' dir='ltr'><em>φοβηθέντα</em></span> <span class='ocrx_word' id='word_1_91' title='bbox 1875 1059 2002 1114; x_wconf 53' lang='grc' dir='ltr'><strong>τὰς’ξῖ</strong></span> 
     </span>
    </p>
   </div>
   <div class='ocr_carea' id='block_1_8' title="bbox 375 1138 1434 1191">
    <p class='ocr_par' dir='ltr' id='par_1_11' title="bbox 375 1138 1434 1191">
     <span class='ocr_line' id='line_1_15' title="bbox 375 1138 1434 1191; baseline 0 -11"><span class='ocrx_word' id='word_1_92' title='bbox 375 1139 512 1191; x_wconf 69' lang='grc' dir='ltr'><em>ἀρχὰς</em></span> <span class='ocrx_word' id='word_1_93' title='bbox 546 1138 754 1190; x_wconf 77' lang='grc' dir='ltr'><em>ψοφοδεῶς</em></span> <span class='ocrx_word' id='word_1_94' title='bbox 789 1139 855 1180; x_wconf 80' lang='grc' dir='ltr'><em>καὶ</em></span> <span class='ocrx_word' id='word_1_95' title='bbox 892 1138 1084 1188; x_wconf 83' lang='grc' dir='ltr'><em>άτόλμως</em></span> <span class='ocrx_word' id='word_1_96' title='bbox 1120 1138 1434 1189; x_wconf 71' lang='grc' dir='ltr'><em>ἐγκαταλιπεῖν.</em></span> 
     </span>
    </p>
   </div>
   <div class='ocr_carea' id='block_1_9' title="bbox 376 1207 1997 1336">
    <p class='ocr_par' dir='ltr' id='par_1_12' title="bbox 376 1200 2000 1336">
     <span class='ocr_line' id='line_1_16' title="bbox 435 1207 1956 1264; baseline -0.002 -13"><span class='ocrx_word' id='word_1_97' title='bbox 435 1209 662 1252; x_wconf 84' lang='lat' dir='ltr'><strong>Eximatur</strong></span> <span class='ocrx_word' id='word_1_98' title='bbox 691 1209 788 1251; x_wconf 88' lang='lat' dir='ltr'><strong>hinc</strong></span> <span class='ocrx_word' id='word_1_99' title='bbox 820 1209 888 1250; x_wconf 79' lang='grc' dir='ltr'><strong>καὶ</strong></span> <span class='ocrx_word' id='word_1_100' title='bbox 924 1209 1172 1261; x_wconf 78' lang='grc' dir='ltr'><em>πράγμασιε</em></span> <span class='ocrx_word' id='word_1_101' title='bbox 1206 1208 1256 1251; x_wconf 90' lang='lat' dir='ltr'><strong>de</strong></span> <span class='ocrx_word' id='word_1_102' title='bbox 1286 1210 1341 1251; x_wconf 85' lang='lat' dir='ltr'><strong>iis</strong></span> <span class='ocrx_word' id='word_1_103' title='bbox 1373 1210 1487 1251; x_wconf 89' lang='lat' dir='ltr'><strong>enim</strong></span> <span class='ocrx_word' id='word_1_104' title='bbox 1520 1207 1648 1264; x_wconf 85' lang='lat' dir='ltr'><strong>paulo</strong></span> <span class='ocrx_word' id='word_1_105' title='bbox 1680 1211 1774 1264; x_wconf 83' lang='lat' dir='ltr'><strong>post</strong></span> <span class='ocrx_word' id='word_1_106' title='bbox 1804 1210 1956 1264; x_wconf 82' lang='lat' dir='ltr'><strong>agetur</strong></span> 
     </span>
     <span class='ocr_line' id='line_1_17' title="bbox 376 1278 1997 1336; baseline -0.001 -14"><span class='ocrx_word' id='word_1_107' title='bbox 376 1282 437 1323; x_wconf 79' lang='lat' dir='ltr'><strong>ita</strong></span> <span class='ocrx_word' id='word_1_108' title='bbox 468 1285 517 1322; x_wconf 87' lang='lat' dir='ltr'><strong>ut</strong></span> <span class='ocrx_word' id='word_1_109' title='bbox 550 1281 603 1321; x_wconf 77' lang='grc' dir='ltr'><strong>τά</strong></span> <span class='ocrx_word' id='word_1_110' title='bbox 639 1280 877 1333; x_wconf 86' lang='grc' dir='ltr'><em>πράγματα</em></span> <span class='ocrx_word' id='word_1_111' title='bbox 910 1283 1176 1336; x_wconf 80' lang='lat' dir='ltr'><strong>opponantur</strong></span> <span class='ocrx_word' id='word_1_112' title='bbox 1208 1284 1288 1326; x_wconf 84' lang='grc' dir='ltr'><em>τοῖς</em></span> <span class='ocrx_word' id='word_1_113' title='bbox 1325 1279 1508 1330; x_wconf 82' lang='grc' dir='ltr'><em>ὀνόμασι,</em></span> <span class='ocrx_word' id='word_1_114' title='bbox 1540 1282 1794 1336; x_wconf 68' lang='lat' dir='ltr'><strong>argumenta</strong></span> <span class='ocrx_word' id='word_1_115' title='bbox 1823 1278 1957 1335; x_wconf 85' lang='lat' dir='ltr'><strong>philo·</strong></span> <span class='ocrx_word' id='word_1_116' title='bbox 1995 1326 1997 1331; x_wconf 33' lang='lat'><strong>⁴</strong></span> 
     </span>
    </p>
   </div>
   <div class='ocr_carea' id='block_1_10' title="bbox 377 1349 1958 2676">
    <p class='ocr_par' dir='ltr' id='par_1_13' title="bbox 383 1349 1490 1407">
     <span class='ocr_line' id='line_1_18' title="bbox 383 1349 1490 1407; baseline -0.002 -14"><span class='ocrx_word' id='word_1_117' title='bbox 383 1351 554 1407; x_wconf 86' lang='lat' dir='ltr'><strong>sophiae</strong></span> <span class='ocrx_word' id='word_1_118' title='bbox 587 1352 780 1393; x_wconf 86' lang='lat' dir='ltr'><strong>terminis</strong></span> <span class='ocrx_word' id='word_1_119' title='bbox 812 1350 1015 1392; x_wconf 87' lang='lat' dir='ltr'><strong>technicis</strong></span> <span class='ocrx_word' id='word_1_120' title='bbox 1046 1350 1200 1406; x_wconf 86' lang='lat' dir='ltr'><strong>quibus</strong></span> <span class='ocrx_word' id='word_1_121' title='bbox 1232 1349 1308 1392; x_wconf 83' lang='lat' dir='ltr'><strong>illa</strong></span> <span class='ocrx_word' id='word_1_122' title='bbox 1338 1351 1490 1392; x_wconf 86' lang='lat' dir='ltr'><strong>utitur.</strong></span> 
     </span>
    </p>

    <p class='ocr_par' dir='ltr' id='par_1_14' title="bbox 378 1395 1956 1615">
     <span class='ocr_line' id='line_1_19' title="bbox 438 1395 1956 1476; baseline -0.002 -13"><span class='ocrx_word' id='word_1_123' title='bbox 438 1421 547 1463; x_wconf 83' lang='lat' dir='ltr'><strong>48B</strong></span> <span class='ocrx_word' id='word_1_124' title='bbox 594 1420 721 1464; x_wconf 85' lang='lat' dir='ltr'><strong>Pravi</strong></span> <span class='ocrx_word' id='word_1_125' title='bbox 756 1419 823 1463; x_wconf 89' lang='lat' dir='ltr'><strong>illi</strong></span> <span class='ocrx_word' id='word_1_126' title='bbox 857 1419 1054 1476; x_wconf 89' lang='lat' dir='ltr'><strong>discipuli</strong></span> <span class='ocrx_word' id='word_1_127' title='bbox 1086 1419 1217 1471; x_wconf 75' lang='grc' dir='ltr'><em>ὥσπερ</em></span> <span class='ocrx_word' id='word_1_128' title='bbox 1251 1421 1284 1462; x_wconf 84' lang='grc' dir='ltr'><strong>οἱ</strong></span> <span class='ocrx_word' id='word_1_129' title='bbox 1318 1419 1438 1462; x_wconf 78' lang='grc' dir='ltr'><em>δειλοὶ</em></span> <span class='ocrx_word' id='word_1_130' title='bbox 1467 1419 1535 1462; x_wconf 76' lang='grc' dir='ltr'><strong>καὶ</strong></span> <span class='ocrx_word' id='word_1_131' title='bbox 1568 1395 1826 1476; x_wconf 69' lang='grc' dir='ltr'><em>γλίσχροι</em></span> <span class='ocrx_word' id='word_1_132' title='bbox 1861 1419 1956 1461; x_wconf 77' lang='grc' dir='ltr'><strong>σκύ-</strong></span> 
     </span>
     <span class='ocr_line' id='line_1_20' title="bbox 378 1489 1954 1544; baseline -0.002 -11"><span class='ocrx_word' id='word_1_133' title='bbox 378 1501 505 1538; x_wconf 83' lang='grc' dir='ltr'><em>λακες</em></span> <span class='ocrx_word' id='word_1_134' title='bbox 546 1493 599 1532; x_wconf 80' lang='grc' dir='ltr'><strong>τά</strong></span> <span class='ocrx_word' id='word_1_135' title='bbox 634 1491 818 1544; x_wconf 84' lang='grc' dir='ltr'><em>δέρματα</em></span> <span class='ocrx_word' id='word_1_136' title='bbox 854 1490 1063 1538; x_wconf 74' lang='grc' dir='ltr'><em>δάκνοντες</em></span> <span class='ocrx_word' id='word_1_137' title='bbox 1099 1506 1192 1532; x_wconf 63' lang='lat' dir='ltr'><strong>oneo!</strong></span> <span class='ocrx_word' id='word_1_138' title='bbox 1226 1507 1293 1532; x_wconf 87' lang='grc' dir='ltr'><strong>και</strong></span> <span class='ocrx_word' id='word_1_139' title='bbox 1328 1490 1382 1532; x_wconf 76' lang='grc' dir='ltr'><strong>τά</strong></span> <span class='ocrx_word' id='word_1_140' title='bbox 1415 1491 1607 1540; x_wconf 87' lang='grc' dir='ltr'><em>τίλματα</em></span> <span class='ocrx_word' id='word_1_141' title='bbox 1638 1489 1846 1537; x_wconf 82' lang='grc' dir='ltr'><em>τίλλοντες</em></span> <span class='ocrx_word' id='word_1_142' title='bbox 1878 1492 1954 1530; x_wconf 80' lang='grc' dir='ltr'><em>τῶν</em></span> 
     </span>
     <span class='ocr_line' id='line_1_21' title="bbox 378 1561 1036 1615; baseline 0.003 -11"><span class='ocrx_word' id='word_1_143' title='bbox 378 1564 511 1615; x_wconf 75' lang='grc' dir='ltr'><em>θηρίων</em></span> <span class='ocrx_word' id='word_1_144' title='bbox 545 1563 676 1605; x_wconf 81' lang='grc' dir='ltr'><em>αὐτῶν</em></span> <span class='ocrx_word' id='word_1_145' title='bbox 706 1564 784 1614; x_wconf 83' lang='grc' dir='ltr'><strong>οὐχ</strong></span> <span class='ocrx_word' id='word_1_146' title='bbox 818 1561 1036 1606; x_wconf 75' lang='grc' dir='ltr'><em>ἅπτονται.</em></span> 
     </span>
    </p>

    <p class='ocr_par' dir='ltr' id='par_1_15' title="bbox 438 1632 1379 1689">
     <span class='ocr_line' id='line_1_22' title="bbox 438 1632 1379 1689; baseline -0.001 -13"><span class='ocrx_word' id='word_1_147' title='bbox 438 1634 575 1676; x_wconf 91' lang='lat' dir='ltr'><strong>Immo</strong></span> <span class='ocrx_word' id='word_1_148' title='bbox 608 1647 707 1676; x_wconf 87' lang='lat' dir='ltr'><strong>vero</strong></span> <span class='ocrx_word' id='word_1_149' title='bbox 741 1635 873 1686; x_wconf 81' lang='grc' dir='ltr'><em>λίχνοι</em></span> <span class='ocrx_word' id='word_1_150' title='bbox 907 1648 1006 1676; x_wconf 88' lang='lat' dir='ltr'><strong>cum</strong></span> <span class='ocrx_word' id='word_1_151' title='bbox 1038 1632 1379 1689; x_wconf 83' lang='lat' dir='ltr'><strong>Wyttenbachio.</strong></span> 
     </span>
    </p>

    <p class='ocr_par' dir='ltr' id='par_1_16' title="bbox 378 1699 1958 1897">
     <span class='ocr_line' id='line_1_23' title="bbox 439 1699 1955 1760; baseline -0.002 -14"><span class='ocrx_word' id='word_1_152' title='bbox 439 1705 496 1747; x_wconf 87' lang='grc'><strong>48</strong></span> <span class='ocrx_word' id='word_1_153' title='bbox 514 1704 546 1749; x_wconf 86' lang='lat' dir='ltr'>G</span> <span class='ocrx_word' id='word_1_154' title='bbox 589 1703 731 1747; x_wconf 85' lang='lat' dir='ltr'><strong>Malus</strong></span> <span class='ocrx_word' id='word_1_155' title='bbox 757 1703 992 1760; x_wconf 84' lang='lat' dir='ltr'><strong>discipulus</strong></span> <span class='ocrx_word' id='word_1_156' title='bbox 1017 1699 1094 1745; x_wconf 80' lang='grc' dir='ltr'><em>οἷον</em></span> <span class='ocrx_word' id='word_1_157' title='bbox 1123 1703 1271 1756; x_wconf 84' lang='grc' dir='ltr'><strong>ἔρευθος</strong></span> <span class='ocrx_word' id='word_1_158' title='bbox 1302 1701 1409 1745; x_wconf 77' lang='grc' dir='ltr'><em>ἕλκει</em></span> <span class='ocrx_word' id='word_1_159' title='bbox 1439 1703 1506 1745; x_wconf 76' lang='grc' dir='ltr'><strong>καὶ</strong></span> <span class='ocrx_word' id='word_1_160' title='bbox 1536 1702 1714 1753; x_wconf 84' lang='grc' dir='ltr'><em>γάνωμα</em></span> <span class='ocrx_word' id='word_1_161' title='bbox 1743 1702 1814 1754; x_wconf 64' lang='grc' dir='ltr'><em>τὴν</em></span> <span class='ocrx_word' id='word_1_162' title='bbox 1835 1701 1955 1752; x_wconf 80' lang='grc' dir='ltr'><em>δόξαν</em></span> 
     </span>
     <span class='ocr_line' id='line_1_24' title="bbox 378 1772 1958 1830; baseline -0.002 -12"><span class='ocrx_word' id='word_1_163' title='bbox 378 1776 460 1818; x_wconf 81' lang='grc' dir='ltr'><strong>άπὸ</strong></span> <span class='ocrx_word' id='word_1_164' title='bbox 506 1780 582 1817; x_wconf 81' lang='grc' dir='ltr'><em>τῶν</em></span> <span class='ocrx_word' id='word_1_165' title='bbox 624 1775 768 1826; x_wconf 83' lang='grc' dir='ltr'><em>λόγων,</em></span> <span class='ocrx_word' id='word_1_166' title='bbox 812 1776 879 1818; x_wconf 80' lang='grc' dir='ltr'><em>τὸν</em></span> <span class='ocrx_word' id='word_1_167' title='bbox 921 1775 954 1816; x_wconf 80' lang='grc' dir='ltr'><strong>δ’</strong></span> <span class='ocrx_word' id='word_1_168' title='bbox 988 1776 1098 1822; x_wconf 80' lang='grc' dir='ltr'><em>ἐντὸς</em></span> <span class='ocrx_word' id='word_1_169' title='bbox 1144 1775 1298 1826; x_wconf 79' lang='grc' dir='ltr'><em>εὐρῶτα</em></span> <span class='ocrx_word' id='word_1_170' title='bbox 1344 1779 1418 1822; x_wconf 78' lang='grc' dir='ltr'><strong>τῆς</strong></span> <span class='ocrx_word' id='word_1_171' title='bbox 1443 1777 1596 1830; x_wconf 22' lang='grc' dir='ltr'><strong><em>,ψυχῆς</em></strong></span> <span class='ocrx_word' id='word_1_172' title='bbox 1633 1773 1702 1815; x_wconf 78' lang='grc' dir='ltr'><strong>καὶ</strong></span> <span class='ocrx_word' id='word_1_173' title='bbox 1735 1772 1856 1828; x_wconf 75' lang='grc' dir='ltr'><em>ζόφον</em></span> <span class='ocrx_word' id='word_1_174' title='bbox 1888 1774 1958 1816; x_wconf 81' lang='grc' dir='ltr'><strong>οὐκ</strong></span> 
     </span>
     <span class='ocr_line' id='line_1_25' title="bbox 379 1846 715 1897; baseline 0 -9"><span class='ocrx_word' id='word_1_175' title='bbox 379 1846 715 1897; x_wconf 84' lang='grc' dir='ltr'><em>ἐκτεθέρμαγκεν.</em></span> 
     </span>
    </p>

    <p class='ocr_par' dir='ltr' id='par_1_17' title="bbox 377 1912 1958 2185">
     <span class='ocr_line' id='line_1_26' title="bbox 439 1912 1958 1973; baseline -0.001 -14"><span class='ocrx_word' id='word_1_176' title='bbox 439 1917 720 1973; x_wconf 88' lang='lat' dir='ltr'><strong>Opponuntur</strong></span> <span class='ocrx_word' id='word_1_177' title='bbox 752 1918 863 1958; x_wconf 89' lang='lat' dir='ltr'><strong>inter</strong></span> <span class='ocrx_word' id='word_1_178' title='bbox 896 1930 939 1958; x_wconf 92' lang='lat' dir='ltr'><strong>se</strong></span> <span class='ocrx_word' id='word_1_179' title='bbox 970 1917 1082 1958; x_wconf 86' lang='lat' dir='ltr'><strong>nitor</strong></span> <span class='ocrx_word' id='word_1_180' title='bbox 1114 1919 1315 1958; x_wconf 82' lang='lat' dir='ltr'><strong>externus</strong></span> <span class='ocrx_word' id='word_1_181' title='bbox 1347 1919 1389 1958; x_wconf 87' lang='lat' dir='ltr'><strong>et</strong></span> <span class='ocrx_word' id='word_1_182' title='bbox 1419 1913 1560 1957; x_wconf 88' lang='lat' dir='ltr'><strong>sordes</strong></span> <span class='ocrx_word' id='word_1_183' title='bbox 1584 1914 1833 1961; x_wconf 72' lang='lat' dir='ltr'><strong>reconditus.</strong></span> <span class='ocrx_word' id='word_1_184' title='bbox 1866 1912 1958 1957; x_wconf 83' lang='lat' dir='ltr'><strong>Hae</strong></span> 
     </span>
     <span class='ocr_line' id='line_1_27' title="bbox 377 1985 1958 2043; baseline -0.002 -12"><span class='ocrx_word' id='word_1_185' title='bbox 377 1992 520 2034; x_wconf 83' lang='lat' dir='ltr'><strong>autem</strong></span> <span class='ocrx_word' id='word_1_186' title='bbox 550 2003 646 2039; x_wconf 91' lang='lat' dir='ltr'><strong>non,</strong></span> <span class='ocrx_word' id='word_1_187' title='bbox 680 1992 729 2030; x_wconf 89' lang='lat' dir='ltr'><strong>ut</strong></span> <span class='ocrx_word' id='word_1_188' title='bbox 760 1989 919 2042; x_wconf 80' lang='lat' dir='ltr'><strong>opinor,</strong></span> <span class='ocrx_word' id='word_1_189' title='bbox 952 1992 1051 2028; x_wconf 92' lang='lat' dir='ltr'><strong>sunt</strong></span> <span class='ocrx_word' id='word_1_190' title='bbox 1084 1986 1404 2043; x_wconf 80' lang='lat' dir='ltr'><strong>calefaciendae‚</strong></span> <span class='ocrx_word' id='word_1_191' title='bbox 1440 1985 1511 2028; x_wconf 85' lang='lat' dir='ltr'><strong>sed</strong></span> <span class='ocrx_word' id='word_1_192' title='bbox 1536 1986 1798 2030; x_wconf 77' lang='lat' dir='ltr'><strong>removendae.</strong></span> <span class='ocrx_word' id='word_1_193' title='bbox 1831 1985 1958 2029; x_wconf 82' lang='lat' dir='ltr'><strong>Recte</strong></span> 
     </span>
     <span class='ocr_line' id='line_1_28' title="bbox 378 2056 1955 2116; baseline -0.002 -14"><span class='ocrx_word' id='word_1_194' title='bbox 378 2074 479 2116; x_wconf 84' lang='lat' dir='ltr'><strong>ergo</strong></span> <span class='ocrx_word' id='word_1_195' title='bbox 509 2059 736 2115; x_wconf 84' lang='lat' dir='ltr'><strong>Emperius</strong></span> <span class='ocrx_word' id='word_1_196' title='bbox 769 2072 844 2114; x_wconf 88' lang='lat' dir='ltr'><strong>pro</strong></span> <span class='ocrx_word' id='word_1_197' title='bbox 873 2058 1189 2108; x_wconf 82' lang='grc' dir='ltr'><em>ἐκτεθέρμαγκιν</em></span> <span class='ocrx_word' id='word_1_198' title='bbox 1214 2058 1392 2099; x_wconf 86' lang='lat' dir='ltr'><strong>coniecit</strong></span> <span class='ocrx_word' id='word_1_199' title='bbox 1419 2057 1768 2108; x_wconf 80' lang='grc' dir='ltr'><em>ἔκτεθεράπευκεν.</em></span> <span class='ocrx_word' id='word_1_200' title='bbox 1802 2056 1955 2101; x_wconf 72' lang='lat' dir='ltr'><strong>Tutius</strong></span> 
     </span>
     <span class='ocr_line' id='line_1_29' title="bbox 377 2127 1897 2185; baseline -0.001 -13"><span class='ocrx_word' id='word_1_201' title='bbox 377 2129 612 2172; x_wconf 81' lang='lat' dir='ltr'><strong>ambulabit</strong></span> <span class='ocrx_word' id='word_1_202' title='bbox 646 2131 719 2185; x_wconf 92' lang='lat' dir='ltr'><strong>qui</strong></span> <span class='ocrx_word' id='word_1_203' title='bbox 751 2129 971 2184; x_wconf 84' lang='lat' dir='ltr'><strong>Emperios</strong></span> <span class='ocrx_word' id='word_1_204' title='bbox 1004 2128 1129 2171; x_wconf 89' lang='lat' dir='ltr'><strong>duces</strong></span> <span class='ocrx_word' id='word_1_205' title='bbox 1159 2130 1352 2183; x_wconf 87' lang='lat' dir='ltr'><strong>sequitur</strong></span> <span class='ocrx_word' id='word_1_206' title='bbox 1384 2141 1511 2183; x_wconf 82' lang='lat' dir='ltr'><strong>quam</strong></span> <span class='ocrx_word' id='word_1_207' title='bbox 1543 2129 1616 2184; x_wconf 89' lang='lat' dir='ltr'><strong>qui</strong></span> <span class='ocrx_word' id='word_1_208' title='bbox 1645 2129 1700 2183; x_wconf 82' lang='lat' dir='ltr'><strong>iis</strong></span> <span class='ocrx_word' id='word_1_209' title='bbox 1732 2127 1897 2175; x_wconf 80' lang='lat' dir='ltr'><strong>diffidit.</strong></span> 
     </span>
    </p>

    <p class='ocr_par' dir='ltr' id='par_1_18' title="bbox 377 2197 1955 2393">
     <span class='ocr_line' id='line_1_30' title="bbox 439 2197 1954 2256; baseline -0.002 -13"><span class='ocrx_word' id='word_1_210' title='bbox 439 2200 495 2243; x_wconf 88' lang='grc'><strong>48</strong></span> <span class='ocrx_word' id='word_1_211' title='bbox 513 2201 549 2243; x_wconf 94' lang='lat' dir='ltr'>D</span> <span class='ocrx_word' id='word_1_212' title='bbox 599 2200 788 2255; x_wconf 88' lang='lat' dir='ltr'><strong>Denique</strong></span> <span class='ocrx_word' id='word_1_213' title='bbox 830 2213 999 2256; x_wconf 82' lang='lat' dir='ltr'><strong>operam</strong></span> <span class='ocrx_word' id='word_1_214' title='bbox 1032 2198 1180 2242; x_wconf 87' lang='lat' dir='ltr'><strong>demus</strong></span> <span class='ocrx_word' id='word_1_215' title='bbox 1212 2202 1261 2241; x_wconf 84' lang='lat' dir='ltr'><strong>ut</strong></span> <span class='ocrx_word' id='word_1_216' title='bbox 1296 2197 1427 2241; x_wconf 85' lang='lat' dir='ltr'><strong>simul</strong></span> <span class='ocrx_word' id='word_1_217' title='bbox 1460 2198 1670 2241; x_wconf 85' lang='lat' dir='ltr'><strong>discamus</strong></span> <span class='ocrx_word' id='word_1_218' title='bbox 1701 2198 1753 2241; x_wconf 80' lang='lat' dir='ltr'><strong>ab</strong></span> <span class='ocrx_word' id='word_1_219' title='bbox 1784 2197 1881 2244; x_wconf 84' lang='lat' dir='ltr'><strong>aliis</strong></span> <span class='ocrx_word' id='word_1_220' title='bbox 1912 2201 1954 2241; x_wconf 87' lang='lat' dir='ltr'><strong>et</strong></span> 
     </span>
     <span class='ocr_line' id='line_1_31' title="bbox 377 2266 1955 2328; baseline -0.003 -14"><span class='ocrx_word' id='word_1_221' title='bbox 377 2273 460 2328; x_wconf 87' lang='lat' dir='ltr'><strong>ipsi</strong></span> <span class='ocrx_word' id='word_1_222' title='bbox 485 2273 755 2315; x_wconf 81' lang='lat' dir='ltr'><strong>inveniamus</strong></span> <span class='ocrx_word' id='word_1_223' title='bbox 765 2285 776 2323; x_wconf 73' lang='lat'>5</span> <span class='ocrx_word' id='word_1_224' title='bbox 806 2272 863 2312; x_wconf 88' lang='lat' dir='ltr'><strong>sic</strong></span> <span class='ocrx_word' id='word_1_225' title='bbox 890 2271 1174 2313; x_wconf 84' lang='lat' dir='ltr'><strong>obtinebimus</strong></span> <span class='ocrx_word' id='word_1_226' title='bbox 1199 2272 1255 2320; x_wconf 71' lang='grc' dir='ltr'><strong>μὴ</strong></span> <span class='ocrx_word' id='word_1_227' title='bbox 1275 2270 1513 2322; x_wconf 70' lang='grc' dir='ltr'><em>σοφιστικὴν</em></span> <span class='ocrx_word' id='word_1_228' title='bbox 1539 2266 1620 2318; x_wconf 79' lang='grc' dir='ltr'><em>ἕξιν</em></span> <span class='ocrx_word' id='word_1_229' title='bbox 1646 2267 1740 2320; x_wconf 79' lang='grc' dir='ltr'><strong>μηδ’</strong></span> <span class='ocrx_word' id='word_1_230' title='bbox 1759 2269 1955 2321; x_wconf 73' lang='grc' dir='ltr'><em>ἱστορικὴν</em></span> 
     </span>
     <span class='ocr_line' id='line_1_32' title="bbox 378 2341 1105 2393; baseline 0 -10"><span class='ocrx_word' id='word_1_231' title='bbox 378 2343 475 2384; x_wconf 75' lang='grc' dir='ltr'><strong>ἀλλ’</strong></span> <span class='ocrx_word' id='word_1_232' title='bbox 509 2341 729 2383; x_wconf 72' lang='grc' dir='ltr'><em>ἐνδιάθετον</em></span> <span class='ocrx_word' id='word_1_233' title='bbox 762 2341 830 2383; x_wconf 80' lang='grc' dir='ltr'><strong>καὶ</strong></span> <span class='ocrx_word' id='word_1_234' title='bbox 866 2341 1105 2393; x_wconf 84' lang='grc' dir='ltr'><em>φιλόσοφον.</em></span> 
     </span>
    </p>

    <p class='ocr_par' dir='ltr' id='par_1_19' title="bbox 377 2410 1957 2609">
     <span class='ocr_line' id='line_1_33' title="bbox 438 2410 1957 2467; baseline -0.002 -12"><span class='ocrx_word' id='word_1_235' title='bbox 438 2411 595 2456; x_wconf 83' lang='lat' dir='ltr'><strong>Nullus</strong></span> <span class='ocrx_word' id='word_1_236' title='bbox 638 2412 707 2454; x_wconf 88' lang='lat' dir='ltr'><strong>hic</strong></span> <span class='ocrx_word' id='word_1_237' title='bbox 747 2410 864 2454; x_wconf 87' lang='lat' dir='ltr'><strong>locus</strong></span> <span class='ocrx_word' id='word_1_238' title='bbox 907 2411 1129 2454; x_wconf 82' lang='lat' dir='ltr'><strong>historicae</strong></span> <span class='ocrx_word' id='word_1_239' title='bbox 1166 2412 1262 2461; x_wconf 84' lang='lat' dir='ltr'><strong>arti,</strong></span> <span class='ocrx_word' id='word_1_240' title='bbox 1297 2423 1403 2467; x_wconf 84' lang='lat' dir='ltr'><strong>quae</strong></span> <span class='ocrx_word' id='word_1_241' title='bbox 1435 2410 1622 2466; x_wconf 88' lang='lat' dir='ltr'><strong>profecto</strong></span> <span class='ocrx_word' id='word_1_242' title='bbox 1652 2424 1736 2452; x_wconf 89' lang='lat' dir='ltr'><strong>non</strong></span> <span class='ocrx_word' id='word_1_243' title='bbox 1766 2423 1861 2466; x_wconf 82' lang='lat' dir='ltr'><strong>pars</strong></span> <span class='ocrx_word' id='word_1_244' title='bbox 1893 2413 1957 2452; x_wconf 86' lang='lat' dir='ltr'><strong>est</strong></span> 
     </span>
     <span class='ocr_line' id='line_1_34' title="bbox 378 2480 1953 2538; baseline -0.002 -13"><span class='ocrx_word' id='word_1_245' title='bbox 378 2483 627 2538; x_wconf 81' lang='lat' dir='ltr'><strong>sophisticae</strong></span> <span class='ocrx_word' id='word_1_246' title='bbox 655 2483 727 2525; x_wconf 87' lang='lat' dir='ltr'><strong>sed</strong></span> <span class='ocrx_word' id='word_1_247' title='bbox 754 2484 916 2538; x_wconf 90' lang='lat' dir='ltr'><strong>optimo</strong></span> <span class='ocrx_word' id='word_1_248' title='bbox 943 2483 1035 2524; x_wconf 86' lang='lat' dir='ltr'><strong>iure</strong></span> <span class='ocrx_word' id='word_1_249' title='bbox 1061 2484 1100 2524; x_wconf 88' lang='lat' dir='ltr'><strong>ei</strong></span> <span class='ocrx_word' id='word_1_250' title='bbox 1126 2482 1270 2536; x_wconf 73' lang='lat' dir='ltr'><strong>opponi</strong></span> <span class='ocrx_word' id='word_1_251' title='bbox 1295 2484 1445 2537; x_wconf 87' lang='lat' dir='ltr'><strong>potest.</strong></span> <span class='ocrx_word' id='word_1_252' title='bbox 1479 2480 1563 2524; x_wconf 82' lang='lat' dir='ltr'><strong>Sed</strong></span> <span class='ocrx_word' id='word_1_253' title='bbox 1586 2480 1681 2538; x_wconf 78' lang='lat' dir='ltr'><strong>lege</strong></span> <span class='ocrx_word' id='word_1_254' title='bbox 1708 2480 1953 2534; x_wconf 76' lang='grc' dir='ltr'><em>ἐξωτερικήν,</em></span> 
     </span>
     <span class='ocr_line' id='line_1_35' title="bbox 377 2552 1215 2609; baseline -0.001 -13"><span class='ocrx_word' id='word_1_255' title='bbox 377 2553 711 2609; x_wconf 87' lang='lat' dir='ltr'><strong>pulcherrimum</strong></span> <span class='ocrx_word' id='word_1_256' title='bbox 746 2553 918 2595; x_wconf 85' lang='lat' dir='ltr'><strong>habebis</strong></span> <span class='ocrx_word' id='word_1_257' title='bbox 951 2552 1215 2595; x_wconf 87' lang='lat' dir='ltr'><strong>chiasmum:</strong></span> 
     </span>
    </p>

    <p class='ocr_par' dir='ltr' id='par_1_20' title="bbox 858 2621 1466 2676">
     <span class='ocr_line' id='line_1_36' title="bbox 858 2621 1466 2676; baseline -0.002 -12"><span class='ocrx_word' id='word_1_258' title='bbox 858 2624 1096 2676; x_wconf 70' lang='grc' dir='ltr'><em>σοφιστικὴν</em></span> <span class='ocrx_word' id='word_1_259' title='bbox 1129 2623 1198 2666; x_wconf 74' lang='grc' dir='ltr'><em>καὶ</em></span> <span class='ocrx_word' id='word_1_260' title='bbox 1233 2621 1466 2674; x_wconf 79' lang='grc' dir='ltr'><em>ἐξωτερικήν</em></span> 
     </span>
    </p>
   </div>
   <div class='ocr_carea' id='block_1_11' title="bbox 860 2694 1435 2798">
    <p class='ocr_par' dir='ltr' id='par_1_21' title="bbox 860 2694 1435 2798">
     <span class='ocr_line' id='line_1_37' title="bbox 954 2694 1336 2734; baseline -0.005 -1"><span class='ocrx_word' id='word_1_261' title='bbox 954 2694 1336 2734; x_wconf 42' lang='grc' dir='ltr'>λ</span> 
     </span>
     <span class='ocr_line' id='line_1_38' title="bbox 860 2744 1435 2798; baseline -0.003 -9"><span class='ocrx_word' id='word_1_262' title='bbox 860 2747 1077 2789; x_wconf 73' lang='grc' dir='ltr'><em>ἐνδιάθετον</em></span> <span class='ocrx_word' id='word_1_263' title='bbox 1110 2744 1177 2786; x_wconf 80' lang='grc' dir='ltr'><em>καὶ</em></span> <span class='ocrx_word' id='word_1_264' title='bbox 1211 2746 1435 2798; x_wconf 78' lang='grc' dir='ltr'><em>Φιλόσοφον</em></span> 
     </span>
    </p>
   </div>
   <div class='ocr_carea' id='block_1_12' title="bbox 1151 2690 1331 2706">
    <p class='ocr_par' dir='ltr' id='par_1_22' title="bbox 1151 2690 1331 2706">
     <span class='ocr_line' id='line_1_39' title="bbox 1151 2690 1331 2706; baseline 0 666"><span class='ocrx_word' id='word_1_265' title='bbox 1151 2690 1331 2706; x_wconf 95' lang='lat' dir='ltr'><strong> </strong></span> 
     </span>
    </p>
   </div>
   <div class='ocr_carea' id='block_1_13' title="bbox 377 2815 1985 2945">
    <p class='ocr_par' dir='ltr' id='par_1_23' title="bbox 377 2805 1987 2945">
     <span class='ocr_line' id='line_1_40' title="bbox 378 2815 1952 2875; baseline -0.002 -14"><span class='ocrx_word' id='word_1_266' title='bbox 378 2821 537 2875; x_wconf 88' lang='lat' dir='ltr'><strong>optime</strong></span> <span class='ocrx_word' id='word_1_267' title='bbox 567 2821 678 2861; x_wconf 85' lang='lat' dir='ltr'><strong>inter</strong></span> <span class='ocrx_word' id='word_1_268' title='bbox 706 2833 748 2861; x_wconf 90' lang='lat' dir='ltr'><strong>se</strong></span> <span class='ocrx_word' id='word_1_269' title='bbox 775 2822 1047 2874; x_wconf 87' lang='lat' dir='ltr'><strong>opponuntur</strong></span> <span class='ocrx_word' id='word_1_270' title='bbox 1073 2816 1260 2872; x_wconf 86' lang='lat' dir='ltr'><strong>sophista</strong></span> <span class='ocrx_word' id='word_1_271' title='bbox 1285 2821 1327 2859; x_wconf 87' lang='lat' dir='ltr'><strong>et</strong></span> <span class='ocrx_word' id='word_1_272' title='bbox 1353 2816 1641 2874; x_wconf 84' lang='lat' dir='ltr'><strong>philosophus,</strong></span> <span class='ocrx_word' id='word_1_273' title='bbox 1669 2815 1740 2859; x_wconf 89' lang='lat' dir='ltr'><strong>sed</strong></span> <span class='ocrx_word' id='word_1_274' title='bbox 1765 2831 1847 2859; x_wconf 91' lang='lat' dir='ltr'><strong>non</strong></span> <span class='ocrx_word' id='word_1_275' title='bbox 1873 2817 1952 2858; x_wconf 90' lang='lat' dir='ltr'><strong>mi·</strong></span> 
     </span>
     <span class='ocr_line' id='line_1_41' title="bbox 377 2886 1985 2945; baseline -0.001 -13"><span class='ocrx_word' id='word_1_276' title='bbox 377 2904 457 2932; x_wconf 90' lang='lat' dir='ltr'><strong>nus</strong></span> <span class='ocrx_word' id='word_1_277' title='bbox 485 2890 638 2932; x_wconf 80' lang='lat' dir='ltr'><strong>diserte</strong></span> <span class='ocrx_word' id='word_1_278' title='bbox 666 2889 709 2931; x_wconf 87' lang='lat' dir='ltr'><strong>id</strong></span> <span class='ocrx_word' id='word_1_279' title='bbox 737 2888 847 2945; x_wconf 90' lang='lat' dir='ltr'><strong>quod</strong></span> <span class='ocrx_word' id='word_1_280' title='bbox 875 2893 1075 2930; x_wconf 75' lang='lat' dir='ltr'><strong>externum</strong></span> <span class='ocrx_word' id='word_1_281' title='bbox 1104 2890 1145 2928; x_wconf 92' lang='lat' dir='ltr'><strong>et</strong></span> <span class='ocrx_word' id='word_1_282' title='bbox 1172 2886 1215 2928; x_wconf 93' lang='lat' dir='ltr'><strong>id</strong></span> <span class='ocrx_word' id='word_1_283' title='bbox 1243 2888 1351 2942; x_wconf 89' lang='lat' dir='ltr'><strong>quod</strong></span> <span class='ocrx_word' id='word_1_284' title='bbox 1368 2889 1449 2944; x_wconf 91' lang='lat' dir='ltr'><strong>ipsi</strong></span> <span class='ocrx_word' id='word_1_285' title='bbox 1466 2887 1684 2941; x_wconf 74' lang='lat' dir='ltr'><strong>impositum</strong></span> <span class='ocrx_word' id='word_1_286' title='bbox 1700 2890 1763 2930; x_wconf 87' lang='lat' dir='ltr'><strong>est</strong></span> <span class='ocrx_word' id='word_1_287' title='bbox 1779 2889 1951 2944; x_wconf 80' lang='lat' dir='ltr'><strong>pectori.</strong></span> <span class='ocrx_word' id='word_1_288' title='bbox 1984 2915 1985 2937; x_wconf 31' lang='lat' dir='ltr'>g</span> 
     </span>
    </p>
   </div>
   <div class='ocr_carea' id='block_1_14' title="bbox 1035 3008 1292 3013">
    <p class='ocr_par' dir='ltr' id='par_1_24' title="bbox 1035 3008 1292 3013">
     <span class='ocr_line' id='line_1_42' title="bbox 1035 3008 1292 3013; baseline 0 0"><span class='ocrx_word' id='word_1_289' title='bbox 1035 3008 1292 3013; x_wconf 95' lang='lat' dir='ltr'><strong> </strong></span> 
     </span>
    </p>
   </div>
   <div class='ocr_carea' id='block_1_15' title="bbox 1976 1111 2002 3372">
    <p class='ocr_par' dir='ltr' id='par_1_25' title="bbox 1976 1111 2002 3372">
     <span class='ocr_line' id='line_1_43' title="bbox 1976 1111 2002 3372; baseline 0 0"><span class='ocrx_word' id='word_1_290' title='bbox 1976 1111 2002 3372; x_wconf 95' lang='lat' dir='ltr'><strong> </strong></span> 
     </span>
    </p>
   </div>
   <div class='ocr_carea' id='block_1_16' title="bbox 1994 992 2002 1058">
    <p class='ocr_par' dir='ltr' id='par_1_26' title="bbox 1994 992 2002 1058">
     <span class='ocr_line' id='line_1_44' title="bbox 1994 992 2002 1058; baseline 0 -17"><span class='ocrx_word' id='word_1_291' title='bbox 1994 992 2002 1058; x_wconf 85' lang='grc'><strong>1</strong></span> 
     </span>
    </p>
   </div>
  </div>
 </body>
</html>
