1930 3354
1055 274 1143 316 610

307 396 454 451 possit,
493 396 560 438 hic
593 409 756 451 quoque
790 419 846 426 —-
878 398 929 436 ut
957 396 1003 437 in
1035 395 1283 452 corpusculo
1316 396 1366 440 de
1398 396 1551 440 Stoicis
1581 399 1796 444 tractando
1826 400 1882 444 fe-

308 467 443 508 cimus
476 490 532 497 —
564 467 753 521 primum
787 465 960 521 quidam
992 479 1014 508 e
1045 465 1197 510 leviori
1227 467 1304 510 illo
1338 471 1380 510 et
1410 468 1650 512 iucundiori
1674 474 1774 513 sunt
1798 473 1883 515 exi-

307 535 448 578 mendi
487 534 632 578 libello
675 535 878 591 scrupuli,
920 550 1003 592 quo
1045 536 1200 580 melius
1234 537 1322 594 legi
1353 540 1485 594 possit
1515 539 1805 598 intelligique:
1835 543 1882 584 in

304 605 413 648 libro
444 607 571 655 enim,
604 607 672 647 cui
704 619 854 661 parum
886 605 1055 663 elegans
1086 610 1149 650 est
1180 607 1334 650 titulus
1363 607 1522 652 latinus
1548 611 1597 652 de
1628 610 1796 655 latenter
1826 612 1883 654 vi-

305 678 440 725 vendo,
472 677 572 718 viva
600 675 690 726 illa,
727 690 856 732 quam
889 676 1093 729 dicebam,
1128 678 1350 721 Plutarchi
1381 693 1463 722 vox
1495 679 1650 724 clarius
1673 683 1818 734 etiam,
1845 684 1882 725 si

304 746 394 788 fieri
425 749 576 801 potest,
609 760 738 802 quam
770 748 815 789 in
845 746 1111 804 longioribus
1145 748 1487 807 doctioribusque
1520 750 1714 796 diatribis
1743 753 1883 797 audiri

307 816 490 860 videtur.

366 885 482 928 1128
499 887 537 929 Α
571 887 747 937 „Lateat
779 889 868 931 vita
899 889 1004 931 tua’'
1036 891 1109 945 qu'i
1136 890 1244 932 dixit
1273 892 1390 947 „ipse
1416 891 1548 935 latere
1573 892 1709 936 noluit
1733 896 1882 950 utpote

304 957 377 1012 qui
404 958 484 999 sibi
513 971 640 1014 supra
667 957 826 1015 vulgus
852 973 996 1016 sapere
1022 960 1261 1003 videretur:
1289 961 1383 1004 ideo
1412 963 1492 1005 sibi
1518 977 1570 1005 ex
1592 963 1881 1008 adhortatione

303 1027 354 1069 ad
386 1025 552 1076 ἀδοξίαν
583 1029 757 1084 parabat
790 1028 910 1079 δόξαν
941 1028 1119 1074 ἄδικον”.
1163 1030 1312 1074 Aliena
1344 1037 1407 1075 est
1437 1033 1490 1076 ab
1524 1034 1602 1077 hoc
1633 1033 1738 1086 loco,
1768 1040 1881 1078 certe

301 1096 640 1154 languidissima,
673 1099 848 1141 iniuriae
879 1102 1051 1152 mentio,
1084 1115 1218 1158 neque
1244 1102 1424 1145 dubium
1451 1106 1515 1146 est
1540 1105 1644 1160 quin
1659 1103 1726 1148 W.
1754 1119 1881 1148 suum

302 1168 383 1209 sibi
413 1168 642 1211 reddiderit
674 1169 902 1214 Plutarcho
934 1170 1075 1221 ἄδοξον
1106 1171 1286 1229 legendo
1318 1173 1428 1229 quod
1454 1173 1767 1231 lepidissimum
1793 1179 1879 1219 est:

303 1238 521 1289 „iedereen
564 1245 701 1283 moest
741 1245 877 1284 weten
923 1246 1006 1285 wat
1048 1242 1107 1298 kisj
1148 1257 1223 1286 een
1264 1243 1392 1300 fijnen
1431 1249 1551 1301 geest
1590 1245 1686 1298 had,
1718 1245 1790 1290 dat
1821 1247 1877 1303 hij

302 1309 392 1351 zich
434 1309 534 1352 door
576 1312 654 1366 zijn
691 1314 947 1369 aanmauing·
979 1317 1042 1356 tot
1074 1313 1381 1357 roemloosheid
1417 1329 1492 1358 een
1522 1316 1733 1360 anti-roem
1762 1331 1880 1360 roem

302 1380 537 1423 bereidde’'.
583 1381 650 1424 Sic
691 1396 770 1439 ego
812 1385 935 1435 verti,
980 1398 1080 1426 nam
1121 1385 1250 1427 huius
1292 1399 1458 1442 quoque
1498 1386 1638 1430 libelli
1667 1389 1880 1445 integram

303 1452 443 1507 recepi
482 1453 874 1508 interpretationem
921 1456 968 1496 in
1012 1454 1170 1498 librum
1211 1469 1338 1512 quem
1369 1456 1503 1514 vulgo
1533 1457 1760 1507 hominnm
1787 1458 1881 1503 lite-

301 1526 491 1565 ratorum
524 1523 575 1566 de
606 1523 836 1568 Plutarcho
868 1527 1110 1582 conscripsi.
1139 1526 1404 1580 (Avondzon²
1435 1527 1490 1580 ΙΙ,
1523 1527 1612 1573 233
1627 1533 1751 1586 sqq.).

363 1688 525 1733 11280
557 1690 786 1742 „Etenim”
818 1693 877 1734 sic
909 1692 1036 1748 paulo
1067 1697 1161 1748 post
1191 1693 1449 1737 Plutarchus
1480 1696 1785 1754 pergit‘„quid
1816 1699 1879 1740 at-

299 1761 461 1803 tinebat
485 1760 620 1804 dicere
646 1762 760 1804 istud
788 1766 830 1804 et
857 1764 899 1804 in
924 1762 1146 1819 publicum
1173 1764 1294 1808 edere
1319 1769 1369 1808 ut
1395 1767 1524 1809 etiam
1549 1780 1639 1810 sera
1654 1767 1880 1825 'posteritas

299 1830 442 1887 legere
464 1830 658 1887 posset?”
684 1833 717 1876 εἰ
743 1834 880 1875 λαθεῖν
905 1833 1100 1883 ἐβούλετο
1126 1835 1217 1882 τοὺς
1240 1834 1359 1884 ὄντας
1384 1830 1520 1887 Sana}
1538 1837 1632 1886 τοὺς
1650 1836 1877 1891 §vendrous-3

359 1901 454 1944 Non
496 1903 719 1946 cohaerent
760 1905 875 1956 haec,
918 1905 990 1947 sed
1032 1905 1140 1948 finnt
1170 1907 1391 1963 aptissima
1420 1907 1759 1966 facetissimaque
1789 1909 1879 1952 Me—

299 1974 448 2015 zeriaci
491 1974 783 2017 emendatione
827 1974 849 2024 ἤ
888 1989 963 2032 pro
996 1975 1045 2019 εἲ.
1088 1975 1392 2034 Interrogando
1423 1991 1535 2022 nunc
1565 1978 1876 2038 hocafflrmat:

299 2044 454 2099 scripta
495 2043 691 2101 editaque
733 2046 863 2088 etiam
907 2048 1087 2102 posteris
1126 2049 1402 2101 innotescent,
1434 2048 1573 2094 multo
1604 2050 1707 2108 ergo
1738 2051 1878 2108 magis

297 2113 560 2156 innotescent
591 2115 850 2171 aequalibus.

362 2279 523 2323 11281Ἱ
566 2281 639 2332 „si
681 2282 800 2325 bonis
841 2283 956 2326 istud
998 2284 1151 2327 latendi
1186 2285 1258 2328 das
1290 2263 1748 2338 consiliu‘m‚a1ios'ab
1781 2287 1875 2331 aliis

298 2349 482 2394 deterres
515 2357 625 2396 recte
657 2353 793 2405 factis,
826 2353 1092 2412 Thrasybulo
1121 2371 1220 2400 vero
1252 2356 1356 2400 dicis
1386 2357 1444 2407 μη
1476 2357 1815 2414 τυραννοκτόνει”.

357 2421 542 2479 Egregie
575 2424 654 2466 hoc
686 2425 882 2481 exemplo
910 2425 1224 2469 demonstratur
1251 2441 1378 2484 quam
1394 2441 1555 2487 parum
1581 2414 1749 2474 doctam
1774 2429 1875 2472 Plu-

297 2493 470 2536 tarchus
512 2496 726 2537 curaverit
757 2495 972 2548 ἀκρίβειαν
1005 2510 1103 2553 prae
1136 2497 1325 2541 utilitate
1355 2512 1484 2556 quam
1513 2497 1702 2579 legentes
1733 2513 1756 2543 e
1787 2501 1875 2545 suis

298 2563 384 2605 sint
415 2566 656 2620 percepturi
686 2563 820 2609 libris.

361 2718 526 2762 1129A
573 2719 684 2773 Quin
725 2722 854 2764 etiam
899 2723 1067 2766 tibimet
1108 2724 1204 2780 ipsi,
1243 2724 1440 2780 Epicure,
1470 2725 1613 2769 dicis:¹
1640 2727 1701 2780 μὴ
1728 2726 1872 2780 γράφε

296 2794 376 2836 τοῖς
410 2790 449 2831 ἐν
483 2792 606 2845 Ἀσίᾳ
636 2792 789 2845 Φίλοις,
823 2793 925 2843 μηδὲ
957 2799 1040 2841 τοῖς
1074 2795 1149 2836 ἀπ’
1185 2796 1402 2846 Αἰγύπτου
1430 2795 1652 2847 ξενολόγρι.

357 2859 568 2903 Vocabula
599 2867 681 2907 τοῖς
714 2863 790 2905 ἀπ’
825 2864 1039 2914 Αἰγύπτου
1071 2864 1118 2908 Β.
1154 2866 1213 2908 sic
1244 2868 1569 2923 interpretatur:
1599 2867 1667 2921 διὰ
1692 2872 1770 2915 τῶν
1794 2869 1872 2912 ἀπ’

298 2930 513 2979 Αἰγύπτου
553 2932 699 2983 φίλων.
744 2932 889 2985 Crede,
933 2936 968 2977 si
1000 2939 1131 2991 potes,
1161 2940 1249 2979 tam
1281 2937 1455 2986 obscure
1485 2937 1679 2983 locutum
1710 2938 1873 2989 Plutar-

297 2999 438 3043 chum.
480 3000 588 3044 Rem
629 3016 705 3045 acu
748 3005 941 3059 tetigisse
983 3006 1152 3048 videtur
1195 3006 1250 3049 X.
1294 3007 1386 3055 τούς
1421 3022 1496 3064 pro
1526 3014 1616 3060 τοῖς,
1641 3022 1870 3065 reponens:
