2002 3372
1099 235 1186 278 212

406 359 493 400 ἐπεὶ
538 359 665 399 τοίνυν
707 358 776 398 οὐκ
819 355 926 398 ἔστιν
969 357 1091 399 αὐτὸν
1133 357 1244 411 αὐτῷ
1286 359 1352 400 διὰ
1385 357 1528 411 χρόνου
1562 360 1794 409 προσελθεῖν
1826 364 1866 403 4.
1889 391 1930 404 ..

347 429 462 470 ἀλλὰ
510 429 621 469 τοῦτ’
665 427 749 468 ἐστὶ
794 428 840 469 τὸ
884 428 1078 476 μάλιστα
1122 431 1254 470 ποιοῦν
1296 427 1470 470 ἕκαστον
1515 429 1641 470 αὑτοῦ
1675 429 1931 483 Φίκυλότερον

347 500 480 549 κριτὴν
513 499 533 546 ἢ
570 498 721 548 ἑτέρων,
754 496 932 547 δεύτερον
966 496 1015 538 ἂν
1044 495 1103 546 εἴη
1131 498 1176 539 τὸ
1206 499 1297 545 τοὺς
1324 499 1470 550 φίλους
1501 499 1650 549 ἕφοροῖν
1679 498 1746 543 διὰ
1771 499 1930 554 χρόνον.

403 567 645 611 Incredibili
687 562 824 609 errore
866 567 908 609 et
940 571 1064 610 vetus
1097 566 1140 610 et
1172 583 1305 612 novus
1337 569 1474 612 editor
1504 573 1600 625 post
1631 569 1770 621 ἑτέρων
1801 572 1928 615 semi-

343 639 432 682 colo
473 639 667 681 incidunt
705 638 973 680 sententiam.
1009 637 1186 695 Virgula
1217 641 1330 696 opus'
1355 644 1432 691 est,
1467 653 1566 682 nam
1597 640 1714 683 istud
1749 641 1928 694 δεύτερον

343 710 393 751 ἂν
426 709 484 756 εἴη
517 709 718 764 apodosin
745 708 872 750 efficit
899 712 1112 764 protaseos
1140 708 1226 751 ἐπεὶ
1255 741 1264 752 .
1286 742 1295 753 .
1316 742 1355 752 ..
1385 709 1537 762 ἑτέρων.
1575 710 1637 754 Eo
1664 711 1776 764 loco,·
1801 727 1929 769 quem

340 782 384 822 in
428 780 593 822 citando
625 793 817 822 vacuum.
843 778 1011 835 reliqui,
1042 779 1151 822 illud
1171 781 1293 832 ,αὐτῷ
1325 782 1392 823 διὰ,
1424 781 1567 834 χρόνου
1600 783 1928 835 προσελθεῖνέἰο

341 850 586 893 illustratur
600 863 608 892 :

400 922 522 974 χωρὶς
555 920 768 971 γενόμενον
802 920 870 961 καὶ
905 919 1188 969 διαστήσαντα
1224 924 1295 967 τῆς
1329 922 1545 973 συνεχείας
1580 925 1652 972 τὴν
1685 923 1884 972 αἴσθησιν.

340 991 386 1034 Si
412 992 514 1048 quid
545 1005 625 1048 ego
658 991 795 1042 video,
827 1004 957 1047 prave
990 991 1090 1034 haec
1122 995 1221 1034 sunt
1253 993 1485 1034 enuntiata.
1520 992 1630 1046 Quid
1656 995 1773 1037 enim
1799 995 1924 1039 modo

339 1063 504 1106 dictum
552 1067 615 1105 est
663 1062 712 1105 de
759 1059 1022 1117 pictoribus?
1072 1063 1143 1109 τὴν
1190 1061 1282 1113 ὄψιν
1328 1063 1461 1104 αὐτῶν
1510 1065 1610 1117 (i.e.
1652 1069 1734 1107 ’τῶν
1784 1063 1926 1117 ἔργων)

339 1134 594 1186 ἀφιστάντες
638 1139 688 1185 τῇ
732 1132 934 1179 πολλάκις
969 1132 1093 1183 κρίσει
1128 1135 1282 1174 ποιοῦσι
1316 1134 1470 1181 καινήν.
1504 1133 1636 1177 Suam
1667 1135 1926 1193 contempla-

338 1207 496 1247 tionem
538 1204 771 1247 identidem
814 1217 837 1245 a
870 1203 1027 1245 tabulis
1060 1205 1148 1246 suis
1179 1207 1447 1246 removentes
1479 1218 1637 1248 novam
1669 1213 1836 1263 semper
1856 1207 1924 1251 ,fa-

336 1277 467 1318 ciunt.
517 1275 628 1327 Quid
669 1287 769 1330 ergo
813 1275 1048 1329 optandum
1091 1278 1180 1316 erat
1222 1274 1437 1317 hominem
1480 1276 1525 1316 in
1565 1279 1611 1318 se
1638 1277 1744 1332 ‘ipso
1785 1276 1922 1320 facere

336 1343 486 1401 posse?
518 1345 752 1388 Identidem
785 1349 920 1386 semet
949 1345 1093 1400 ipsum
1125 1358 1205 1387 non
1239 1344 1382 1387 videre
1416 1344 1485 1387 vel
1516 1347 1671 1390 sentire
1703 1347 1775 1390 sed
1803 1361 1921 1399 „sen-

337 1430 408 1458 sus
447 1414 800 1458 continuitatem’'
848 1417 1179 1470 interrumpere,
1229 1414 1588 1470 quemadmodum
1642 1418 1778 1472 pictor
1823 1431 1922 1460 con-

336 1486 627 1541 templationis
669 1487 945 1541 interrumpit
987 1486 1328 1527 continuitatem.
1373 1486 1461 1528 Aut
1491 1500 1593 1543 ergo
1624 1488 1715 1543 ipse
1745 1489 1791 1530 in
1821 1490 1921 1532 scri-

336 1556 471 1599 bendo
501 1555 645 1612 lapsus
677 1560 740 1598 est
769 1555 1027 1598 Plutarchus
1053 1555 1183 1611 (quod
1211 1555 1301 1598 fieri
1329 1557 1517 1611 potuisse
1544 1571 1627 1600 non
1653 1560 1919 1615 negaverim)

335 1631 410 1670 aut
442 1629 532 1669 eius
567 1627 692 1669 verba
724 1632 794 1675 τῆς
832 1626 1048 1674 αἰσθήσεως
1083 1627 1154 1675 τὴν
1186 1628 1404 1679 συνέχειαν
1436 1628 1624 1684 corrupit
1653 1627 1866 1672 librarius.

394 1697 460 1740 Ad
502 1712 629 1740 suum
670 1699 858 1740 amicum
901 1697 1008 1739 hanc
1041 1697 1376 1740 observationem
1408 1700 1654 1741 convertens
1687 1697 1808 1742 Sulla
1839 1699 1918 1743 hoo

334 1767 462 1810 dicit:
754 1805 757 1807 .

395 1839 474 1889 ἐγὼ
515 1842 613 1889 γοῦν
654 1838 821 1888 ἐνιαυτῷ
865 1853 939 1886 μεν
973 1836 1204 1890 ἀφιγμένος
1239 1838 1294 1884 εἱς
1331 1837 1487 1888 Ῥώμην
1521 1838 1688 1892 δευτέρῳ
1720 1839 1843 1883 συνὼν
1875 1839 1918 1882 δέ

334 1924 392 1951 co!
425 1914 536 1959 μῆνα
572 1924 721 1950 ΤΟυΤΟΙΗ
757 1906 947 1957 πέμπτον

331 1984 374 2021 te
405 1980 671 2022 cerebrosum
701 1978 828 2021 illum
859 1978 1000 2020 lenem
1033 1977 1155 2021 video
1190 1977 1504 2034 placidumque.
1583 2022 1586 2023 ⁷

393 2050 546 2093 Vereor
587 2055 636 2092 ut
678 2049 812 2106 vulgo
853 2049 955 2091 haec
995 2052 1106 2091 recte
1147 2047 1458 2105 intelligantur.
1491 2049 1560 2092 Sic
1591 2063 1656 2093 res
1687 2064 1730 2093 se
1762 2051 1912 2095 habet:

331 2135 405 2177 per
445 2123 665 2177 integrum
709 2134 867 2162 annum
909 2123 951 2162 et
991 2119 1153 2175 aliquot
1183 2119 1270 2161 dies
1302 2118 1421 2162 Sulla
1454 2119 1590 2163 Roma
1622 2120 1732 2164 afuit
1742 2135 1755 2174 ς
1786 2135 1912 2174 nunc,

331 2206 536 2243 reversus,
579 2194 665 2234 iam
719 2205 792 2246 per
834 2195 1017 2246 quatuor
1059 2203 1226 2231 menses
1268 2203 1367 2232 cum
1411 2189 1614 2233 Fundano
1656 2204 1747 2235 esse
1778 2190 1908 2235 solet:

332 2264 434 2304 satis
474 2261 654 2318 longum
696 2275 796 2317 ergo
838 2261 920 2302 fuit
960 2259 1003 2302 et
1044 2275 1122 2301 non
1163 2259 1325 2301 videndi
1355 2259 1633 2303 intervallum
1664 2261 1706 2304 et
1737 2264 1910 2320 tempus

330 2346 404 2388 per
432 2332 544 2387 quod
572 2335 806 2388 „quantum
837 2334 1030 2373 mutatus
1056 2330 1107 2372 ab
1133 2329 1239 2372 illo'’
1266 2331 1353 2373 iam
1379 2334 1488 2374 esset
1515 2330 1744 2375 Fundanus
1772 2336 1914 2389 posset

328 2401 584 2458 intelligere.

389 2545 523 2590 4530
566 2546 760 2588 Eundem
800 2543 929 2586 illum
971 2543 1155 2592 Erotem,
1199 2545 1272 2599 qui
1304 2543 1356 2585 ad
1387 2542 1556 2586 Sullam
1586 2545 1674 2586 iam
1705 2547 1908 2588 nuntium

328 2618 396 2659 hic
444 2617 600 2659 dicitur
647 2617 696 2659 de
743 2619 911 2658 mutato
956 2613 1156 2655 Fundano
1197 2613 1406 2664 attulisse,
1450 2616 1578 2656 etiam
1619 2614 1825 2658 habemus
1866 2617 1911 2658 in

327 2687 538 2743 praeclaro
576 2687 684 2730 libro
724 2687 773 2728 de
814 2684 1111 2740 tranquillitate
1152 2683 1278 2725 animi
1320 2688 1378 2740 (p.
1415 2683 1502 2726 464
1513 2684 1579 2737 F).
1621 2684 1686 2728 Ibi
1728 2684 1909 2728 Romam

326 2773 550 2815 properare
597 2759 753 2800 dicitur
800 2759 970 2812 propter
1016 2753 1220 2810 quasdam
1267 2754 1462 2796 Fundani
1501 2753 1659 2797 literas.
1708 2754 1910 2812 Suspicor

326 2843 426 2885 ergo
469 2833 583 2878 tunc,
627 2842 726 2870 cum
758 2827 894 2870 Roma
925 2826 1081 2875 aberat,
1115 2824 1156 2866 et
1188 2823 1352 2866 Sullam
1385 2838 1483 2867 cum
1515 2824 1745 2868 Plutarcho
1779 2824 1910 2869 Chae-

324 2912 472 2940 roneae
515 2899 643 2940 fuisse
685 2898 727 2940 et
757 2897 932 2939 Erotem
964 2895 1121 2938 ibidem
1157 2908 1245 2936 esse
1278 2898 1506 2937 moratum.
1538 2894 1647 2937 Nam
1679 2895 1786 2942 Eros
1820 2894 1908 2948 ille,

324 2969 405 3009 nisi
439 2982 507 3010 me
539 2967 694 3010 fallunt
725 2968 879 3017 omnia,
913 2971 955 3008 et
984 2966 1074 3020 ipse
1106 2964 1442 3020 „philosophus”
1471 2965 1566 3016 fuit,
1595 2964 1665 3008 sed
1693 2967 1767 3021 qui
1793 2966 1906 3022 apud
